"price","change","match_qtty","side","time","total_vol"
14900,250,119900,"bu","09:15:01",119900
14950,300,1200,"bu","09:15:09",121100
14950,300,200,"bu","09:15:09",121300
14950,300,3000,"sd","09:15:25",124300
14900,250,1000,"sd","09:15:35",125300
14950,300,5200,"bu","09:15:41",130500
14950,300,900,"sd","09:15:46",133500
14950,300,3500,"sd","09:15:51",137000
14950,300,21000,"bu","09:15:55",158000
14950,300,8900,"sd","09:15:56",166900
15000,350,300,"sd","09:16:06",167200
15000,350,30000,"bu","09:16:09",197200
15000,350,10000,"sd","09:16:12",207200
15000,350,4000,"sd","09:16:14",211200
15000,350,20000,"bu","09:16:15",231200
15000,350,2000,"sd","09:16:16",233200
15000,350,100,"bu","09:16:20",233300
15000,350,1500,"bu","09:16:20",234800
15000,350,6000,"bu","09:16:23",240800
15000,350,2000,"sd","09:16:25",242800
14950,300,32900,"sd","09:16:27",275700
15000,350,12000,"bu","09:16:29",287700
15000,350,1000,"sd","09:16:32",293700
15000,350,15000,"sd","09:16:35",308700
15000,350,5000,"bu","09:16:44",313700
15000,350,10200,"sd","09:16:46",323900
15000,350,2000,"bu","09:16:46",315700
15000,350,9200,"sd","09:16:50",324900
15000,350,3000,"sd","09:16:57",327900
15000,350,6100,"sd","09:16:59",334000
15000,350,34400,"sd","09:17:02",368400
15000,350,10100,"sd","09:17:05",378500
15000,350,2000,"bu","09:17:12",380500
15050,400,4000,"sd","09:17:15",384500
15000,350,2000,"sd","09:17:22",386500
15000,350,1000,"sd","09:17:25",387500
15000,350,1500,"sd","09:17:30",389000
15050,400,1000,"bu","09:17:32",390000
15000,350,300,"sd","09:17:34",390300
15050,400,1000,"bu","09:17:46",391300
15000,350,500,"bu","09:17:49",391800
15050,400,1000,"sd","09:17:59",392800
15000,350,100,"sd","09:18:00",392900
15050,400,6000,"sd","09:18:03",398900
15050,400,3000,"bu","09:18:07",401900
15050,400,1200,"sd","09:18:19",403100
15050,400,1800,"sd","09:18:28",404900
15050,400,50000,"bu","09:18:29",454900
15050,400,500,"bu","09:18:31",455400
15050,400,600,"sd","09:18:32",456000
15050,400,1500,"sd","09:18:37",457500
15050,400,1200,"bu","09:18:38",458700
15050,400,500,"bu","09:18:41",459200
15000,350,10500,"sd","09:18:42",469700
15000,350,100,"bu","09:18:43",469800
15050,400,4000,"sd","09:18:45",473800
15000,350,100,"bu","09:18:47",473900
15000,350,600,"sd","09:18:48",474500
15050,400,2000,"sd","09:18:49",476500
15050,400,44400,"sd","09:18:52",520900
15050,400,200,"sd","09:18:53",521100
15050,400,6000,"bu","09:18:54",527100
15050,400,200,"sd","09:18:59",527300
15050,400,1000,"sd","09:19:00",528300
15100,450,3000,"bu","09:19:03",531300
15100,450,600,"sd","09:19:05",531900
15050,400,1000,"bu","09:19:10",532900
15050,400,9800,"bu","09:19:11",542700
15050,400,1200,"sd","09:19:12",543900
15100,450,100,"bu","09:19:14",544000
15050,400,2000,"bu","09:19:17",546000
15050,400,500,"bu","09:19:27",546500
15050,400,100,"bu","09:19:28",546600
15050,400,2100,"sd","09:19:30",548700
15050,400,200,"bu","09:19:34",548900
15100,450,500,"sd","09:19:36",549400
15050,400,1000,"bu","09:19:41",550400
15050,400,60200,"bu","09:19:46",610600
15100,450,2000,"bu","09:19:47",656200
15100,450,300,"sd","09:19:48",656500
15100,450,200,"bu","09:19:49",656700
15150,500,3000,"bu","09:19:57",659700
15100,450,500,"bu","09:19:58",660200
15100,450,9000,"bu","09:19:59",669200
15100,450,100,"sd","09:20:00",669300
15100,450,500,"bu","09:20:02",669800
15150,500,700,"sd","09:20:04",670500
15100,450,100,"bu","09:20:05",670600
15150,500,15000,"bu","09:20:10",685600
15150,500,1000,"sd","09:20:14",686600
15150,500,2300,"bu","09:20:17",688900
15150,500,500,"sd","09:20:20",689400
15150,500,1700,"sd","09:20:22",691100
15150,500,3200,"bu","09:20:25",696100
15150,500,100,"sd","09:20:26",696200
15150,500,1000,"sd","09:20:27",697200
15150,500,200,"sd","09:20:28",697400
15150,500,700,"sd","09:20:29",698100
15150,500,10000,"bu","09:20:31",708100
15150,500,200,"bu","09:20:33",709300
15150,500,1400,"sd","09:20:34",711300
15150,500,11100,"bu","09:20:36",722400
15150,500,100,"sd","09:20:36",717100
15150,500,5800,"bu","09:20:39",722900
15150,500,300,"bu","09:20:40",723200
15150,500,1000,"sd","09:20:44",724200
15150,500,1500,"bu","09:20:46",725700
15150,500,1000,"bu","09:20:46",726700
15200,550,1100,"sd","09:20:47",727800
15200,550,200,"bu","09:20:48",728000
15150,500,10500,"bu","09:20:50",738500
15150,500,100,"sd","09:20:51",738600
15150,500,900,"bu","09:20:59",739500
15200,550,2000,"sd","09:21:02",741500
15200,550,5000,"bu","09:21:04",746500
15150,500,10000,"bu","09:21:06",756500
15150,500,1000,"bu","09:21:07",757500
15150,500,500,"sd","09:21:08",758000
15200,550,8200,"sd","09:21:09",766200
15200,550,1000,"bu","09:21:12",767200
15150,500,100,"sd","09:21:13",767300
15200,550,4300,"sd","09:21:14",771600
15150,500,300,"bu","09:21:22",771900
15150,500,2900,"sd","09:21:26",774800
15200,550,2500,"bu","09:21:27",777300
15200,550,100,"bu","09:21:27",774900
15150,500,2900,"sd","09:21:28",777800
15200,550,8000,"sd","09:21:32",785800
15150,500,100,"sd","09:21:34",785900
15150,500,1000,"bu","09:21:36",786900
15200,550,2200,"bu","09:21:40",789100
15150,500,200,"sd","09:21:44",798200
15150,500,300,"bu","09:21:48",798600
15200,550,2300,"bu","09:21:52",800900
15150,500,5500,"sd","09:21:54",806400
15150,500,300,"sd","09:21:56",807300
15150,500,100,"sd","09:21:59",807400
15150,500,500,"bu","09:22:00",807900
15150,500,8000,"sd","09:22:04",815900
15150,500,1000,"bu","09:22:07",816900
15200,550,3000,"sd","09:22:12",819900
15150,500,1900,"bu","09:22:17",821800
15150,500,1000,"sd","09:22:26",822800
15150,500,2000,"sd","09:22:29",824800
15150,500,18000,"sd","09:22:29",842800
15150,500,5000,"sd","09:22:30",847800
15150,500,600,"bu","09:22:32",848400
15150,500,5000,"bu","09:22:33",853400
15150,500,2600,"sd","09:22:34",856000
15150,500,5000,"sd","09:22:35",861000
15150,500,10000,"bu","09:22:36",871000
15150,500,43600,"bu","09:22:37",914600
15150,500,700,"sd","09:22:46",915300
15150,500,1500,"bu","09:22:47",916800
15100,450,5000,"sd","09:22:53",921800
15100,450,1000,"bu","09:22:54",922800
15150,500,4000,"sd","09:22:56",926800
15150,500,5000,"bu","09:23:03",931800
15100,450,5000,"bu","09:23:13",936800
15100,450,10200,"bu","09:23:16",947000
15100,450,500,"sd","09:23:21",947500
15100,450,10000,"sd","09:23:22",957500
15100,450,4000,"sd","09:23:24",961500
15150,500,500,"sd","09:23:26",962000
15100,450,1000,"bu","09:23:27",963000
15100,450,2200,"sd","09:23:30",965200
15100,450,5000,"bu","09:23:31",970200
15100,450,500,"sd","09:23:33",970700
15100,450,10700,"sd","09:23:35",981400
15150,500,2000,"sd","09:23:37",983400
15100,450,500,"sd","09:23:41",983900
15100,450,3000,"sd","09:23:42",986900
15100,450,10000,"bu","09:23:49",996900
15100,450,3000,"sd","09:23:50",999900
15150,500,500,"bu","09:23:50",997400
15100,450,5000,"bu","09:23:52",1002400
15150,500,1000,"bu","09:23:53",1003400
15100,450,2000,"sd","09:23:54",1005400
15100,450,700,"sd","09:23:56",1006100
15100,450,300,"bu","09:24:00",1006400
15100,450,400,"sd","09:24:01",1006800
15100,450,5000,"bu","09:24:13",1011800
15100,450,700,"bu","09:24:17",1012500
15100,450,10000,"bu","09:24:18",1022500
15100,450,1100,"bu","09:24:20",1023600
15100,450,1000,"bu","09:24:22",1024600
15100,450,100,"bu","09:24:26",1024700
15100,450,2200,"bu","09:24:28",1026900
15100,450,500,"sd","09:24:28",1025300
15100,450,2600,"bu","09:24:29",1027900
15100,450,15500,"bu","09:24:32",1043400
15150,500,600,"sd","09:24:34",1048900
15150,500,200,"sd","09:24:37",1049100
15100,450,5000,"sd","09:24:38",1054100
15100,450,5000,"bu","09:24:40",1059100
15100,450,8000,"bu","09:24:42",1067100
15100,450,1500,"bu","09:24:48",1068600
15050,400,800,"bu","09:24:50",1069400
15100,450,2100,"sd","09:24:52",1071500
15100,450,2000,"bu","09:24:58",1073500
15100,450,100,"bu","09:24:59",1073600
15050,400,10000,"bu","09:25:02",1083600
15100,450,1200,"sd","09:25:03",1084800
15100,450,5000,"bu","09:25:04",1089800
15100,450,3100,"bu","09:25:13",1092900
15100,450,600,"sd","09:25:15",1093500
15050,400,100,"sd","09:25:18",1093600
15100,450,15000,"sd","09:25:22",1108600
15050,400,200,"bu","09:25:23",1108800
15100,450,500,"bu","09:25:32",1109300
15050,400,1000,"bu","09:25:33",1110300
15050,400,1100,"bu","09:25:46",1111400
15050,400,2500,"bu","09:25:56",1113900
15100,450,5000,"bu","09:26:02",1118900
15050,400,10000,"sd","09:26:04",1128900
15100,450,3000,"sd","09:26:09",1131900
15050,400,15000,"bu","09:26:15",1146900
15050,400,1000,"bu","09:26:27",1147900
15050,400,1000,"sd","09:26:30",1148900
15050,400,100,"sd","09:26:38",1149000
15100,450,1000,"bu","09:26:43",1150000
15100,450,1000,"bu","09:26:52",1151000
15100,450,5000,"sd","09:26:54",1156000
15100,450,2000,"sd","09:26:56",1158000
15050,400,300,"bu","09:27:00",1158300
15100,450,2000,"sd","09:27:01",1160300
15100,450,2600,"sd","09:27:06",1162900
15100,450,5000,"bu","09:27:16",1167900
15100,450,2400,"bu","09:27:22",1170300
15100,450,3000,"sd","09:27:26",1173300
15100,450,5000,"sd","09:27:27",1178300
15100,450,10000,"sd","09:27:34",1188300
15100,450,5000,"bu","09:27:35",1193300
15050,400,1000,"bu","09:27:36",1194300
15100,450,5000,"sd","09:27:47",1199300
15100,450,5000,"bu","09:27:51",1204300
15100,450,10000,"sd","09:27:54",1214300
15100,450,5700,"sd","09:28:00",1220000
15100,450,400,"sd","09:28:04",1220400
15050,400,1000,"bu","09:28:06",1221400
15100,450,5000,"bu","09:28:08",1226400
15100,450,2000,"sd","09:28:10",1228400
15100,450,3000,"sd","09:28:15",1231400
15100,450,100,"sd","09:28:18",1231500
15100,450,1000,"sd","09:28:20",1232500
15100,450,26500,"sd","09:28:39",1259000
15100,450,5000,"sd","09:28:48",1264000
15100,450,200,"bu","09:28:52",1264200
15100,450,1000,"bu","09:28:56",1265200
15100,450,3000,"sd","09:28:57",1268200
15100,450,3500,"sd","09:28:59",1271700
15100,450,400,"bu","09:29:08",1272100
15100,450,5000,"bu","09:29:09",1277100
15100,450,4300,"bu","09:29:14",1281400
15100,450,5100,"sd","09:29:22",1286500
15100,450,2000,"sd","09:29:23",1288500
15100,450,7200,"bu","09:29:32",1295700
15100,450,500,"bu","09:29:37",1297200
15100,450,2000,"bu","09:29:47",1299200
15100,450,2200,"sd","09:29:52",1301400
15100,450,1200,"sd","09:30:13",1302600
15100,450,1800,"sd","09:30:14",1304400
15100,450,4000,"sd","09:30:19",1308400
15050,400,20000,"sd","09:30:22",1328400
15050,400,1800,"bu","09:30:40",1330200
15050,400,13200,"bu","09:30:41",1343400
15050,400,1000,"sd","09:30:42",1344400
15100,450,3000,"sd","09:30:45",1347400
15100,450,50000,"bu","09:30:47",1397400
15100,450,700,"sd","09:30:51",1398100
15100,450,3200,"bu","09:30:52",1401300
15100,450,2000,"bu","09:30:54",1403300
15100,450,1400,"sd","09:30:57",1404700
15100,450,4000,"sd","09:31:00",1408700
15050,400,7000,"sd","09:31:03",1415700
15050,400,8300,"bu","09:31:07",1424000
15100,450,3500,"sd","09:31:11",1427500
15100,450,500,"sd","09:31:24",1428000
15100,450,6500,"sd","09:31:33",1434500
15100,450,20000,"sd","09:31:34",1454500
15100,450,2000,"sd","09:31:43",1456500
15050,400,200,"bu","09:31:49",1456700
15050,400,1000,"bu","09:31:59",1457700
15100,450,4000,"sd","09:32:10",1461700
15100,450,200,"bu","09:32:37",1461900
15100,450,500,"bu","09:32:39",1462400
15100,450,5500,"sd","09:32:45",1467900
15100,450,3200,"sd","09:32:48",1471100
15100,450,8000,"sd","09:32:51",1479100
15100,450,5000,"sd","09:33:03",1484100
15100,450,2000,"sd","09:33:13",1486100
15050,400,3000,"sd","09:33:19",1489100
15100,450,400,"sd","09:33:19",1489500
15100,450,10400,"sd","09:33:47",1499900
15050,400,600,"bu","09:33:52",1500500
15100,450,1000,"bu","09:34:00",1501500
15100,450,500,"sd","09:34:22",1502000
15100,450,100,"bu","09:34:25",1502100
15100,450,2000,"sd","09:34:30",1504100
15100,450,100,"bu","09:34:51",1504200
15050,400,10000,"sd","09:35:01",1514200
15050,400,500,"bu","09:35:02",1514700
15050,400,600,"sd","09:35:11",1515300
15100,450,300,"sd","09:35:25",1515600
15050,400,5000,"sd","09:35:33",1520600
15100,450,100,"sd","09:35:53",1520700
15050,400,20000,"bu","09:35:56",1540700
15050,400,500,"sd","09:36:09",1541200
15050,400,11500,"bu","09:36:19",1552700
15100,450,2000,"bu","09:36:23",1554700
15050,400,400,"sd","09:36:26",1555100
15050,400,100,"bu","09:36:29",1555200
15100,450,300,"sd","09:36:31",1555500
15100,450,5000,"bu","09:36:35",1560500
15050,400,5000,"bu","09:36:38",1565500
15100,450,300,"bu","09:36:42",1565800
15050,400,2000,"bu","09:36:49",1567800
15050,400,300,"sd","09:36:53",1568100
15050,400,1000,"bu","09:36:56",1569100
15100,450,400,"sd","09:37:07",1569500
15050,400,100,"sd","09:37:14",1569600
15100,450,300,"bu","09:37:17",1569900
15100,450,500,"sd","09:37:18",1570400
15050,400,200,"sd","09:37:29",1570600
15100,450,2000,"sd","09:37:32",1572600
15050,400,900,"bu","09:37:33",1573500
15050,400,300,"bu","09:37:37",1573800
15100,450,1100,"sd","09:37:40",1574900
15050,400,1500,"sd","09:37:51",1576400
15100,450,3000,"bu","09:38:00",1579400
15100,450,500,"bu","09:38:51",1579900
15100,450,5000,"bu","09:38:56",1584900
15100,450,7000,"sd","09:39:09",1591900
15050,400,2000,"sd","09:39:16",1593900
15050,400,2900,"bu","09:39:51",1596800
15050,400,300,"sd","09:40:14",1597100
15050,400,100,"bu","09:40:23",1597200
15050,400,6900,"sd","09:40:37",1604100
15050,400,3200,"sd","09:40:39",1607300
15050,400,400,"sd","09:40:50",1607700
15050,400,32200,"sd","09:40:52",1639900
15050,400,100,"bu","09:40:58",1640000
15050,400,300,"bu","09:40:59",1640300
15100,450,500,"sd","09:41:17",1640800
15050,400,2000,"bu","09:41:21",1642800
15100,450,10000,"sd","09:41:34",1652800
15050,400,500,"sd","09:41:37",1653300
15050,400,1200,"bu","09:41:53",1654500
15050,400,1500,"bu","09:41:55",1656000
15100,450,300,"bu","09:42:05",1656300
15100,450,2000,"sd","09:42:06",1658300
15100,450,5100,"sd","09:42:17",1663400
15050,400,300,"sd","09:42:19",1663700
15050,400,1000,"sd","09:42:46",1664700
15050,400,400,"bu","09:42:58",1665100
15100,450,1000,"sd","09:43:07",1666100
15050,400,500,"sd","09:43:11",1666600
15050,400,31500,"sd","09:43:32",1698100
15100,450,50000,"bu","09:43:33",1748100
15050,400,1000,"sd","09:43:36",1749100
15100,450,5000,"bu","09:43:45",1754100
15050,400,112800,"sd","09:43:47",1866900
15100,450,400,"bu","09:43:48",1867300
15050,400,100,"bu","09:43:53",1867400
15100,450,200,"bu","09:44:02",1867600
15100,450,700,"bu","09:44:07",1868300
15100,450,4000,"sd","09:44:28",1872300
15100,450,10000,"bu","09:44:36",1882300
15050,400,100,"bu","09:44:39",1882400
15100,450,300,"bu","09:44:48",1882700
15050,400,2200,"bu","09:44:57",1884900
15100,450,1000,"sd","09:45:03",1885900
15050,400,200,"bu","09:45:25",1886100
15050,400,5000,"sd","09:45:31",1891100
15100,450,10000,"bu","09:45:32",1901100
15100,450,100,"bu","09:45:55",1901200
15100,450,3200,"sd","09:45:59",1904400
15100,450,2600,"bu","09:46:01",1907000
15100,450,4700,"bu","09:46:21",1911800
15100,450,5000,"sd","09:46:26",1916800
15050,400,2000,"bu","09:46:27",1918800
15100,450,6600,"bu","09:46:34",1925400
15100,450,5000,"sd","09:46:36",1930400
15100,450,1000,"sd","09:46:41",1931400
15100,450,400,"bu","09:46:48",1931800
15100,450,1900,"bu","09:46:52",1933700
15100,450,50000,"bu","09:46:58",1983700
15100,450,1000,"bu","09:47:05",1984700
15100,450,5000,"bu","09:47:06",1989700
15100,450,700,"sd","09:47:08",1990400
15100,450,400,"bu","09:47:10",1990800
15050,400,13000,"sd","09:47:14",2003800
15100,450,15000,"sd","09:47:14",2018800
15100,450,400,"sd","09:47:22",2019200
15100,450,400,"bu","09:47:30",2019600
15100,450,1000,"sd","09:47:34",2020600
15100,450,2100,"sd","09:47:35",2022700
15100,450,1000,"sd","09:47:46",2023700
15100,450,3000,"bu","09:47:47",2026700
15100,450,10000,"bu","09:47:50",2036700
15050,400,3000,"sd","09:47:58",2039700
15100,450,5000,"bu","09:48:01",2044700
15100,450,52300,"sd","09:48:07",2097000
15100,450,2700,"bu","09:48:09",2102000
15100,450,6100,"bu","09:48:10",2108100
15100,450,18900,"bu","09:48:11",2127000
15100,450,100,"bu","09:48:20",2127100
15100,450,1100,"bu","09:48:23",2128200
15100,450,700,"sd","09:48:27",2128900
15100,450,1000,"sd","09:48:37",2129900
15100,450,6500,"sd","09:48:47",2136400
15100,450,500,"sd","09:48:50",2136900
15100,450,1500,"bu","09:48:52",2138400
15100,450,1000,"sd","09:48:55",2139400
15100,450,300,"sd","09:48:57",2139700
15100,450,1200,"bu","09:49:01",2140900
15100,450,2000,"bu","09:49:06",2142900
15100,450,3000,"bu","09:49:15",2145900
15100,450,200,"sd","09:49:18",2146100
15100,450,300,"bu","09:49:25",2146400
15100,450,5000,"bu","09:49:27",2151400
15100,450,1000,"sd","09:49:28",2152400
15100,450,100,"bu","09:49:36",2152500
15100,450,4000,"bu","09:49:40",2156500
15100,450,300,"bu","09:49:41",2156800
15100,450,200,"sd","09:49:47",2157000
15100,450,1000,"sd","09:49:48",2158000
15100,450,2000,"sd","09:49:54",2160000
15100,450,800,"sd","09:50:11",2160800
15100,450,100,"bu","09:50:18",2160900
15100,450,3000,"bu","09:50:19",2163900
15100,450,200,"bu","09:50:26",2164100
15100,450,3000,"bu","09:50:31",2167100
15150,500,1500,"sd","09:50:37",2168600
15100,450,4100,"bu","09:50:38",2172700
15100,450,100,"bu","09:50:43",2172800
15100,450,200,"sd","09:50:50",2173000
15150,500,1000,"bu","09:50:52",2174000
15100,450,500,"sd","09:51:09",2174500
15100,450,100,"sd","09:51:39",2174600
15100,450,1000,"bu","09:51:41",2175600
15100,450,20000,"sd","09:51:48",2195600
15100,450,100,"sd","09:51:51",2195700
15100,450,800,"bu","09:51:53",2196500
15100,450,1000,"sd","09:51:59",2197500
15100,450,100,"bu","09:52:02",2197600
15100,450,400,"sd","09:52:10",2198000
15100,450,16000,"bu","09:52:11",2214000
15100,450,500,"sd","09:52:32",2214500
15100,450,400,"bu","09:52:41",2214900
15100,450,2000,"bu","09:52:46",2216900
15100,450,1500,"sd","09:52:47",2218400
15100,450,1100,"bu","09:53:21",2219500
15100,450,2500,"sd","09:53:24",2222000
15100,450,1000,"sd","09:53:29",2223000
15100,450,500,"sd","09:53:37",2223500
15150,500,12000,"bu","09:53:39",2235500
15100,450,2300,"sd","09:53:42",2237800
15100,450,100,"sd","09:53:50",2237900
15100,450,500,"bu","09:53:56",2238400
15100,450,100,"sd","09:53:57",2238500
15150,500,500,"sd","09:54:03",2239000
15100,450,2800,"bu","09:54:04",2241800
15100,450,200,"sd","09:54:13",2242000
15100,450,3000,"bu","09:54:15",2245000
15100,450,700,"bu","09:54:19",2245700
15100,450,600,"bu","09:54:27",2246300
15100,450,500,"sd","09:54:28",2246800
15100,450,700,"bu","09:54:30",2247500
15100,450,3000,"sd","09:54:32",2250500
15100,450,500,"sd","09:54:47",2251000
15100,450,200,"bu","09:55:00",2251200
15150,500,3000,"bu","09:55:10",2254200
15150,500,200,"sd","09:55:30",2254400
15150,500,2200,"bu","09:55:31",2256600
15150,500,200,"sd","09:55:34",2256800
15150,500,700,"bu","09:55:39",2257500
15100,450,2000,"sd","09:55:40",2259500
15100,450,5000,"bu","09:55:54",2264500
15100,450,28200,"sd","09:56:30",2292700
15100,450,500,"sd","09:56:33",2293200
15100,450,1100,"bu","09:56:40",2294300
15100,450,200,"sd","09:56:43",2295300
15100,450,6000,"bu","09:56:46",2301300
15100,450,5000,"bu","09:56:48",2306300
15100,450,1400,"bu","09:57:00",2307700
15100,450,3100,"bu","09:57:35",2310800
15100,450,200,"bu","09:57:39",2311000
15100,450,500,"sd","09:57:40",2311500
15100,450,100,"bu","09:57:43",2311600
15100,450,2000,"sd","09:57:45",2313600
15150,500,500,"bu","09:57:47",2314100
15100,450,10000,"sd","09:58:11",2324100
15100,450,30000,"bu","09:58:14",2354100
15150,500,700,"bu","09:58:15",2354800
15100,450,5000,"bu","09:58:39",2359800
15100,450,500,"sd","09:58:40",2360300
15100,450,3000,"bu","09:58:44",2363300
15100,450,1000,"bu","09:58:45",2364300
15100,450,100,"bu","09:59:10",2364400
15100,450,300,"sd","09:59:15",2364700
15100,450,1300,"bu","09:59:16",2366000
15100,450,700,"sd","09:59:17",2366700
15100,450,2000,"sd","09:59:21",2368700
15100,450,200,"sd","09:59:26",2368900
15100,450,100,"sd","09:59:29",2369000
15100,450,6100,"bu","09:59:34",2375100
15100,450,500,"sd","09:59:36",2375600
15150,500,5100,"bu","09:59:51",2380700
15100,450,2000,"sd","10:00:05",2382700
15100,450,500,"bu","10:00:27",2383200
15100,450,3000,"sd","10:00:34",2386200
15100,450,100,"bu","10:00:39",2386300
15100,450,200,"bu","10:00:43",2386500
15100,450,5000,"bu","10:00:49",2391500
15100,450,9800,"bu","10:00:53",2401300
15100,450,3000,"bu","10:00:58",2404300
15100,450,10000,"bu","10:01:00",2414300
15100,450,3400,"sd","10:01:01",2417700
15100,450,100,"bu","10:01:03",2417800
15100,450,600,"bu","10:01:13",2418400
15100,450,1000,"sd","10:01:18",2419400
15100,450,3000,"sd","10:01:30",2422400
15100,450,5500,"sd","10:01:32",2427900
15100,450,100,"bu","10:01:35",2428000
15100,450,22300,"sd","10:01:36",2450300
15100,450,10000,"sd","10:01:53",2460300
15100,450,100,"sd","10:01:55",2460400
15100,450,20100,"sd","10:02:19",2480500
15050,400,600,"bu","10:02:50",2481100
15050,400,300,"sd","10:03:01",2481400
15100,450,100,"bu","10:03:11",2481500
15050,400,500,"bu","10:03:30",2482000
15100,450,3000,"sd","10:03:30",2485000
15100,450,2000,"sd","10:03:39",2487000
15100,450,3400,"bu","10:03:41",2490400
15100,450,1700,"sd","10:03:44",2492100
15100,450,10000,"bu","10:03:48",2502100
15100,450,5000,"sd","10:04:08",2507100
15100,450,1000,"bu","10:04:25",2508100
15050,400,5000,"sd","10:04:34",2513100
15100,450,200,"sd","10:04:35",2513300
15100,450,3000,"bu","10:04:43",2516300
15050,400,100,"sd","10:04:49",2516400
15100,450,300,"sd","10:04:55",2516700
15050,400,20000,"sd","10:05:07",2536700
15100,450,100,"bu","10:05:09",2536800
15100,450,1000,"bu","10:05:24",2537800
15100,450,900,"bu","10:05:35",2538700
15100,450,35800,"sd","10:05:40",2574500
15100,450,500,"bu","10:05:47",2575000
15100,450,5000,"bu","10:05:55",2580000
15100,450,500,"sd","10:06:00",2580500
15100,450,7000,"sd","10:06:03",2587500
15100,450,500,"bu","10:06:08",2588000
15100,450,4900,"sd","10:06:09",2592900
15100,450,5000,"bu","10:06:10",2597900
15100,450,100,"bu","10:06:12",2598000
15100,450,10000,"sd","10:06:13",2608000
15100,450,100,"bu","10:06:15",2608100
15100,450,1000,"bu","10:06:17",2609100
15100,450,10000,"sd","10:06:19",2619100
15100,450,700,"bu","10:06:51",2619800
15100,450,4100,"bu","10:07:03",2623900
15100,450,100,"bu","10:07:09",2624000
15100,450,9000,"bu","10:07:53",2633000
15100,450,100,"sd","10:08:01",2633100
15100,450,500,"bu","10:08:02",2633600
15100,450,200,"sd","10:08:15",2633800
15100,450,9000,"sd","10:08:59",2642800
15100,450,500,"bu","10:09:24",2643300
15100,450,1000,"bu","10:09:29",2644300
15100,450,300,"bu","10:10:00",2644600
15100,450,200,"sd","10:10:05",2644800
15100,450,1000,"sd","10:10:15",2645800
15050,400,1100,"bu","10:10:34",2646900
15100,450,300,"sd","10:10:54",2647200
15100,450,7000,"bu","10:10:55",2654200
15050,400,30000,"bu","10:11:18",2684200
15050,400,1000,"sd","10:11:20",2685200
15050,400,2000,"bu","10:11:27",2687200
15050,400,3200,"bu","10:11:39",2690400
15050,400,100,"bu","10:11:42",2690500
15050,400,5000,"sd","10:12:02",2695500
15050,400,500,"sd","10:12:05",2696000
15050,400,20000,"sd","10:12:07",2716000
15100,450,400,"bu","10:12:09",2716400
15050,400,200,"bu","10:12:16",2716600
15100,450,300,"sd","10:12:47",2716900
15050,400,500,"sd","10:12:51",2717400
15050,400,200,"sd","10:13:13",2717600
15050,400,10600,"sd","10:13:45",2728200
15050,400,5000,"bu","10:14:05",2733200
15050,400,1100,"sd","10:14:13",2734300
15050,400,1000,"bu","10:14:15",2735300
15050,400,10000,"sd","10:14:27",2745300
15050,400,10000,"bu","10:14:56",2755300
15050,400,100,"sd","10:14:58",2755400
15050,400,500,"bu","10:15:12",2755900
15050,400,400,"sd","10:15:27",2756300
15050,400,100,"sd","10:15:48",2756400
15050,400,1000,"sd","10:15:55",2757400
15050,400,100,"bu","10:16:21",2757500
15050,400,14100,"bu","10:16:25",2771600
15050,400,300,"sd","10:16:27",2771900
15100,450,21000,"bu","10:16:38",2792900
15050,400,2200,"sd","10:16:45",2795100
15100,450,2000,"sd","10:16:48",2797100
15100,450,1000,"bu","10:17:09",2798100
15050,400,500,"bu","10:17:17",2798600
15050,400,1000,"sd","10:17:31",2799600
15050,400,14000,"sd","10:17:53",2813600
15050,400,5000,"sd","10:18:42",2818600
15050,400,500,"sd","10:18:58",2819100
15100,450,100,"sd","10:19:23",2819200
15100,450,300,"sd","10:19:33",2819500
15100,450,300,"sd","10:19:49",2819800
15050,400,100,"sd","10:20:00",2819900
15100,450,3000,"sd","10:20:09",2822900
15050,400,200,"sd","10:20:15",2823100
15050,400,25500,"bu","10:20:25",2848600
15100,450,6000,"sd","10:20:28",2854600
15100,450,10000,"sd","10:21:10",2864600
15100,450,10900,"sd","10:21:14",2875500
15100,450,5000,"sd","10:21:22",2880500
15100,450,2000,"bu","10:21:26",2882500
15100,450,200,"bu","10:21:28",2882700
15100,450,1200,"bu","10:21:35",2883900
15100,450,10000,"bu","10:21:37",2893900
15100,450,100,"bu","10:21:41",2894000
15100,450,2000,"sd","10:21:43",2896000
15100,450,100,"bu","10:21:45",2896100
15100,450,2000,"bu","10:21:51",2898100
15100,450,7000,"bu","10:21:58",2905100
15100,450,10000,"sd","10:21:59",2915100
15100,450,300,"bu","10:22:02",2915400
15100,450,54000,"bu","10:22:06",2969400
15100,450,1400,"bu","10:22:07",2970800
15100,450,3400,"sd","10:22:08",2974200
15100,450,10000,"bu","10:22:12",2984200
15100,450,5400,"bu","10:22:13",2989600
15100,450,8200,"bu","10:22:15",2997800
15100,450,5000,"bu","10:22:19",3002800
15100,450,8400,"bu","10:22:28",3011200
15100,450,2000,"sd","10:22:29",3013200
15100,450,500,"sd","10:22:32",3013700
15100,450,10300,"sd","10:22:37",3024000
15100,450,1000,"sd","10:22:39",3025000
15100,450,200,"bu","10:22:45",3025200
15100,450,10100,"sd","10:22:47",3035300
15100,450,19300,"bu","10:22:48",3054600
15100,450,1100,"sd","10:23:15",3055700
15100,450,700,"bu","10:23:37",3056400
15100,450,1000,"sd","10:24:08",3057400
15100,450,6000,"sd","10:24:46",3063400
15100,450,1000,"sd","10:24:56",3064400
15150,500,1800,"bu","10:25:07",3066200
15150,500,3000,"bu","10:25:31",3069200
15150,500,6000,"sd","10:25:40",3075200
15150,500,10200,"sd","10:26:32",3085400
15150,500,2000,"sd","10:26:42",3087400
15150,500,3000,"bu","10:27:02",3090400
15150,500,500,"bu","10:27:06",3090900
15150,500,2000,"bu","10:27:13",3092900
15150,500,500,"bu","10:27:39",3093400
15150,500,200,"bu","10:27:40",3093600
15150,500,400,"sd","10:27:46",3094000
15150,500,3500,"bu","10:27:49",3097500
15150,500,600,"sd","10:27:55",3098100
15100,450,500,"sd","10:28:02",3098600
15100,450,3300,"sd","10:28:28",3101900
15100,450,1000,"sd","10:28:39",3102900
15100,450,5000,"sd","10:28:57",3107900
15100,450,400,"bu","10:29:01",3108300
15150,500,700,"bu","10:29:15",3109000
15150,500,100,"bu","10:29:20",3109100
15150,500,1100,"sd","10:29:29",3110200
15150,500,10000,"sd","10:29:38",3120200
15150,500,1000,"bu","10:29:52",3121200
15150,500,11000,"bu","10:30:04",3132200
15150,500,150000,"sd","10:30:05",3282200
15150,500,100,"sd","10:30:11",3282300
15150,500,9400,"sd","10:30:12",3291700
15150,500,6000,"sd","10:30:16",3297700
15150,500,6000,"sd","10:30:17",3303700
15150,500,1000,"bu","10:30:20",3304700
15150,500,24000,"bu","10:30:21",3328700
15150,500,17000,"sd","10:30:22",3345700
15150,500,9200,"sd","10:30:23",3354900
15150,500,5000,"bu","10:30:25",3359900
15150,500,100,"sd","10:30:26",3360000
15150,500,1000,"bu","10:30:27",3361000
15150,500,6000,"sd","10:30:29",3367000
15150,500,200,"sd","10:30:31",3367200
15150,500,20000,"sd","10:30:33",3387200
15150,500,5700,"bu","10:30:37",3392900
15200,550,3100,"sd","10:30:55",3396000
15150,500,1000,"sd","10:30:58",3397000
15150,500,2000,"sd","10:31:02",3399000
15150,500,19900,"bu","10:31:07",3418900
15150,500,100,"sd","10:31:08",3419000
15150,500,1600,"bu","10:31:19",3420600
15200,550,3000,"bu","10:31:39",3423600
15150,500,100,"bu","10:31:45",3423700
15200,550,700,"bu","10:31:49",3424400
15150,500,100,"bu","10:32:00",3424500
15150,500,500,"sd","10:32:25",3425000
15150,500,500,"sd","10:32:35",3425500
15200,550,100,"sd","10:32:40",3425600
15150,500,900,"sd","10:32:42",3426500
15150,500,1000,"bu","10:33:03",3427500
15200,550,11000,"bu","10:33:32",3438500
15200,550,100,"bu","10:33:41",3438600
15200,550,2000,"bu","10:33:49",3440600
15200,550,100,"bu","10:33:51",3440700
15200,550,3000,"sd","10:33:55",3443700
15200,550,2500,"sd","10:34:00",3446200
15200,550,2000,"sd","10:34:05",3448200
15200,550,400,"bu","10:34:09",3448600
15200,550,600,"sd","10:34:10",3449200
15200,550,100,"bu","10:34:12",3449300
15200,550,2400,"bu","10:34:15",3451700
15150,500,100000,"sd","10:34:16",3551700
15200,550,2000,"sd","10:34:24",3553700
15150,500,500,"bu","10:34:25",3554200
15200,550,5000,"sd","10:34:30",3559200
15200,550,1000,"sd","10:34:37",3560200
15200,550,5000,"bu","10:34:48",3565200
15200,550,20000,"bu","10:34:55",3585200
15200,550,4000,"bu","10:34:59",3589200
15200,550,1000,"bu","10:35:01",3590200
15200,550,4500,"sd","10:35:02",3594700
15200,550,100100,"sd","10:35:05",3694800
15200,550,3200,"sd","10:35:09",3698000
15200,550,64600,"bu","10:35:11",3762600
15200,550,72400,"sd","10:35:13",3835000
15200,550,9300,"sd","10:35:14",3844300
15200,550,500,"bu","10:35:17",3844800
15200,550,6400,"bu","10:35:20",3851200
15200,550,20600,"sd","10:35:25",3871800
15200,550,20000,"sd","10:35:26",3891800
15200,550,4000,"bu","10:35:31",3895800
15200,550,3000,"sd","10:35:32",3898800
15200,550,300,"bu","10:35:34",3899100
15200,550,17600,"bu","10:35:35",3916700
15200,550,5500,"bu","10:35:37",3922200
15200,550,1000,"sd","10:35:43",3923200
15200,550,15000,"sd","10:35:46",3938200
15200,550,20000,"sd","10:35:49",3958200
15200,550,500,"bu","10:35:50",3958700
15200,550,11300,"sd","10:35:51",3970000
15200,550,32000,"bu","10:35:52",4002000
15200,550,35400,"bu","10:35:56",4037400
15250,600,500,"sd","10:36:08",4037900
15200,550,200,"sd","10:36:13",4038100
15250,600,5000,"bu","10:36:17",4043100
15200,550,2000,"bu","10:36:25",4045100
15200,550,200,"bu","10:36:27",4045300
15250,600,15600,"sd","10:36:52",4060900
15200,550,100,"bu","10:36:54",4061000
15250,600,200,"bu","10:37:00",4061200
15200,550,10000,"sd","10:37:06",4071200
15200,550,100,"sd","10:37:09",4071300
15250,600,3000,"sd","10:37:10",4074300
15200,550,4000,"sd","10:37:30",4078300
15250,600,3000,"bu","10:37:44",4081300
15200,550,200,"bu","10:37:51",4081500
15250,600,500,"sd","10:38:16",4082000
15250,600,1100,"bu","10:38:49",4083100
15200,550,400,"bu","10:39:11",4083500
15250,600,30000,"sd","10:39:21",4113500
15250,600,100,"sd","10:39:32",4113600
15200,550,1000,"bu","10:39:37",4114600
15250,600,900,"sd","10:39:52",4115500
15250,600,2000,"bu","10:39:59",4117500
15250,600,700,"sd","10:40:20",4118200
15250,600,100,"bu","10:40:26",4118300
15250,600,700,"bu","10:40:33",4119000
15250,600,10000,"bu","10:40:42",4129000
15250,600,1000,"sd","10:40:51",4130000
15250,600,100,"sd","10:40:58",4130100
15250,600,3100,"sd","10:41:02",4133200
15250,600,300,"bu","10:41:31",4133500
15250,600,900,"sd","10:41:34",4134400
15200,550,5900,"sd","10:41:54",4140300
15250,600,500,"bu","10:41:56",4140800
15200,550,200,"bu","10:41:58",4141000
15250,600,500,"sd","10:42:32",4141500
15250,600,300,"bu","10:42:35",4141800
15200,550,6000,"sd","10:42:41",4147800
15250,600,6000,"bu","10:42:44",4153800
15250,600,500,"sd","10:42:48",4154300
15250,600,100,"bu","10:42:53",4154400
15250,600,200,"sd","10:42:59",4154600
15250,600,500,"bu","10:43:20",4155100
15250,600,1700,"bu","10:43:27",4156800
15250,600,7900,"sd","10:43:30",4164700
15200,550,30000,"bu","10:43:33",4194700
15250,600,9400,"sd","10:43:38",4204100
15250,600,2100,"bu","10:43:40",4206200
15250,600,6500,"sd","10:43:44",4212700
15250,600,100,"bu","10:43:48",4212800
15250,600,2200,"bu","10:44:10",4215000
15250,600,2000,"bu","10:44:19",4217000
15250,600,500,"sd","10:44:26",4217500
15250,600,300,"sd","10:44:28",4217800
15250,600,1000,"sd","10:44:34",4218800
15250,600,2500,"bu","10:44:37",4221300
15250,600,9000,"sd","10:44:39",4230300
15250,600,3000,"bu","10:44:49",4233300
15250,600,47300,"bu","10:44:50",4280600
15200,550,6000,"bu","10:44:52",4286600
15250,600,5000,"bu","10:44:57",4291600
15250,600,18300,"bu","10:45:00",4309900
15250,600,1000,"bu","10:45:01",4310900
15250,600,3500,"bu","10:45:04",4314400
15250,600,3000,"sd","10:45:13",4317400
15250,600,2400,"bu","10:45:15",4319800
15250,600,6600,"sd","10:45:23",4326400
15250,600,1000,"bu","10:45:26",4327400
15250,600,100,"bu","10:45:27",4327500
15250,600,4100,"bu","10:45:33",4331600
15250,600,1500,"bu","10:45:35",4333100
15250,600,3400,"bu","10:45:36",4336500
15250,600,1900,"bu","10:45:38",4338400
15250,600,10000,"bu","10:45:40",4348400
15250,600,5000,"sd","10:45:41",4353400
15250,600,300,"bu","10:45:46",4353700
15250,600,100,"bu","10:45:49",4353800
15250,600,200,"sd","10:45:52",4354000
15300,650,1000,"sd","10:45:56",4355000
15300,650,1600,"sd","10:46:07",4356600
15300,650,1000,"sd","10:46:43",4357600
15300,650,200,"bu","10:46:50",4357800
15250,600,1200,"sd","10:46:56",4359000
15300,650,200,"bu","10:47:04",4359200
15250,600,100,"bu","10:47:20",4359300
15300,650,5100,"bu","10:47:29",4364400
15250,600,10500,"bu","10:47:40",4374900
15300,650,100,"bu","10:47:43",4375000
15300,650,600,"bu","10:47:54",4375600
15300,650,10000,"sd","10:48:02",4385600
15250,600,200,"bu","10:48:03",4385800
15300,650,600,"sd","10:48:10",4386400
15300,650,10000,"sd","10:48:22",4396400
15300,650,13000,"bu","10:48:25",4409400
15300,650,1000,"bu","10:48:42",4410400
15250,600,100,"sd","10:48:50",4410500
15250,600,10100,"sd","10:49:02",4420600
15300,650,2000,"sd","10:49:13",4422600
15300,650,5000,"bu","10:49:17",4427600
15250,600,500,"sd","10:49:27",4428100
15250,600,100000,"bu","10:49:28",4528100
15250,600,10000,"sd","10:49:31",4538100
15300,650,3000,"bu","10:49:33",4541100
15300,650,4100,"sd","10:49:39",4545200
15250,600,200,"bu","10:49:44",4545400
15250,600,1500,"bu","10:50:08",4546900
15300,650,100,"sd","10:50:14",4547000
15300,650,3500,"bu","10:50:36",4550500
15300,650,1000,"bu","10:50:38",4551500
15300,650,2000,"bu","10:50:41",4553500
15300,650,3000,"sd","10:50:51",4556500
15250,600,7000,"bu","10:50:54",4563500
15300,650,400,"sd","10:50:59",4563900
15300,650,2000,"sd","10:51:12",4565900
15300,650,4000,"sd","10:51:20",4569900
15300,650,500,"bu","10:51:25",4570400
15300,650,1400,"sd","10:51:29",4571800
15300,650,1000,"sd","10:51:33",4572800
15300,650,2100,"bu","10:51:41",4574900
15250,600,1000,"bu","10:51:48",4575900
15250,600,2100,"bu","10:52:00",4578000
15250,600,35000,"bu","10:52:06",4613000
15300,650,1100,"bu","10:52:10",4614100
15250,600,200,"sd","10:52:31",4614300
15300,650,1000,"bu","10:52:41",4615300
15250,600,100,"sd","10:52:42",4615400
15250,600,600,"sd","10:52:54",4616000
15250,600,1000,"bu","10:52:58",4617000
15300,650,200,"bu","10:53:07",4617200
15300,650,50500,"bu","10:53:12",4667700
15250,600,300,"bu","10:53:16",4668000
15300,650,800,"sd","10:53:20",4668800
15250,600,100,"sd","10:53:21",4668900
15250,600,1600,"bu","10:53:33",4670500
15250,600,1000,"sd","10:53:37",4671500
15300,650,300,"sd","10:53:40",4671800
15300,650,1500,"sd","10:53:42",4673300
15250,600,6000,"bu","10:53:49",4679300
15300,650,800,"bu","10:53:52",4680100
15300,650,100,"bu","10:53:55",4680200
15250,600,5000,"bu","10:53:57",4685200
15300,650,3100,"sd","10:53:58",4688300
15250,600,40200,"bu","10:54:06",4728500
15300,650,100,"sd","10:54:11",4728600
15250,600,500,"bu","10:54:13",4729100
15250,600,200,"bu","10:54:15",4729300
15300,650,2000,"sd","10:54:22",4731300
15250,600,200,"bu","10:54:35",4731500
15250,600,1500,"sd","10:54:40",4733000
15250,600,100,"sd","10:54:48",4733100
15250,600,4000,"sd","10:54:50",4737100
15250,600,300,"bu","10:54:55",4737400
15300,650,4000,"sd","10:55:10",4741400
15250,600,400,"bu","10:55:12",4741800
15250,600,500,"sd","10:55:16",4742300
15250,600,400,"bu","10:55:19",4742700
15250,600,300,"sd","10:55:23",4743000
15250,600,100,"bu","10:55:26",4743100
15250,600,600,"sd","10:55:27",4743700
15250,600,300,"bu","10:55:29",4744000
15250,600,2500,"sd","10:55:31",4746500
15250,600,100,"bu","10:55:43",4746600
15250,600,5000,"bu","10:55:45",4751600
15250,600,4000,"sd","10:55:46",4755600
15250,600,2000,"sd","10:55:51",4757600
15250,600,11000,"bu","10:55:55",4768600
15250,600,1500,"bu","10:56:02",4770100
15250,600,1000,"sd","10:56:07",4771100
15250,600,100,"sd","10:56:14",4771200
15250,600,2000,"sd","10:56:17",4773200
15250,600,2000,"bu","10:56:19",4775200
15250,600,100,"bu","10:56:22",4775300
15250,600,1100,"sd","10:56:31",4776400
15250,600,100,"bu","10:56:35",4776500
15250,600,1000,"bu","10:56:38",4777500
15250,600,300,"bu","10:56:40",4777800
15300,650,3500,"bu","10:56:46",4781300
15250,600,500,"bu","10:57:03",4781800
15250,600,900,"sd","10:57:05",4782700
15250,600,100,"bu","10:57:08",4782800
15250,600,29100,"sd","10:57:14",4811900
15250,600,1000,"bu","10:57:18",4812900
15250,600,2000,"sd","10:57:20",4814900
15250,600,200,"sd","10:57:24",4815100
15250,600,500,"sd","10:57:26",4815600
15250,600,3000,"bu","10:57:30",4818600
15250,600,2000,"bu","10:57:31",4820600
15250,600,300,"sd","10:57:36",4820900
15250,600,15000,"sd","10:57:37",4835900
15250,600,800,"sd","10:57:39",4836700
15250,600,16400,"bu","10:57:40",4853100
15250,600,1600,"sd","10:57:43",4854700
15250,600,4000,"sd","10:57:44",4858700
15250,600,3600,"sd","10:57:49",4862300
15200,550,11500,"sd","10:58:04",4873800
15200,550,5000,"bu","10:58:16",4878800
15250,600,700,"bu","10:58:18",4879500
15250,600,30000,"sd","10:58:31",4909500
15250,600,100,"bu","10:58:39",4909600
15250,600,7100,"sd","10:58:41",4916700
15200,550,2000,"bu","10:58:43",4918700
15250,600,400,"bu","10:58:49",4919100
15250,600,4400,"sd","10:58:58",4923500
15250,600,5000,"bu","10:59:07",4928500
15250,600,200,"sd","10:59:25",4928700
15250,600,200,"sd","10:59:28",4928900
15200,550,100,"sd","10:59:32",4929000
15250,600,5200,"sd","10:59:41",4934200
15250,600,5000,"bu","10:59:43",4939200
15250,600,100,"sd","10:59:45",4939300
15250,600,20000,"bu","10:59:47",4959300
15250,600,6300,"bu","11:00:00",4965600
15250,600,800,"sd","11:00:07",4966400
15250,600,50000,"bu","11:00:12",5016400
15250,600,100,"bu","11:00:14",5016500
15250,600,2500,"sd","11:00:17",5019000
15250,600,100,"bu","11:00:31",5019100
15250,600,1200,"bu","11:00:37",5020300
15250,600,12400,"sd","11:00:47",5032700
15250,600,3000,"sd","11:00:49",5035700
15250,600,1000,"bu","11:01:10",5036700
15250,600,200,"bu","11:01:21",5036900
15250,600,2000,"bu","11:01:28",5038900
15200,550,800,"bu","11:01:32",5039700
15200,550,500,"bu","11:01:48",5040200
15250,600,5000,"sd","11:01:54",5045200
15250,600,7600,"bu","11:02:01",5052800
15200,550,2000,"sd","11:02:17",5054800
15200,550,600,"sd","11:02:22",5055400
15200,550,2500,"sd","11:02:25",5057900
15250,600,20000,"bu","11:02:45",5077900
15200,550,100,"bu","11:02:48",5078000
15250,600,15300,"bu","11:03:02",5093300
15250,600,100,"bu","11:03:10",5093400
15250,600,1000,"sd","11:03:20",5094400
15250,600,100,"sd","11:03:40",5094500
15250,600,1000,"sd","11:03:48",5095500
15250,600,2000,"sd","11:03:50",5097500
15250,600,500,"sd","11:04:02",5098000
15250,600,1500,"sd","11:04:32",5099500
15250,600,300,"sd","11:04:52",5099800
15250,600,2100,"bu","11:04:58",5101900
15200,550,1900,"sd","11:05:18",5103800
15250,600,200,"bu","11:05:27",5104000
15200,550,1100,"sd","11:05:40",5105100
15250,600,200,"sd","11:05:42",5105300
15250,600,400,"bu","11:05:52",5105700
15200,550,200,"sd","11:06:23",5105900
15250,600,1500,"bu","11:06:29",5107400
15250,600,200,"sd","11:06:40",5107600
15250,600,11100,"sd","11:07:03",5118700
15200,550,5100,"bu","11:07:25",5123800
15250,600,500,"sd","11:07:35",5124300
15200,550,5000,"sd","11:07:37",5129300
15200,550,1100,"bu","11:07:53",5130400
15200,550,1300,"bu","11:08:06",5131700
15200,550,5000,"bu","11:08:08",5136700
15200,550,300,"sd","11:08:18",5137000
15200,550,50000,"bu","11:08:28",5187000
15250,600,1000,"sd","11:09:09",5188000
15250,600,5300,"sd","11:09:24",5193300
15200,550,1000,"sd","11:09:28",5194300
15250,600,1900,"sd","11:09:55",5196200
15250,600,2500,"sd","11:10:01",5198700
15200,550,800,"sd","11:10:44",5199500
15200,550,1000,"sd","11:11:01",5200500
15200,550,100,"sd","11:11:03",5200600
15200,550,2000,"bu","11:11:11",5202600
15200,550,1300,"sd","11:11:15",5203900
15200,550,600,"sd","11:12:01",5204500
15200,550,1000,"bu","11:12:20",5205500
15200,550,100,"bu","11:12:30",5205600
15200,550,800,"bu","11:12:31",5206400
15200,550,100,"sd","11:12:54",5206500
15200,550,1400,"bu","11:14:19",5207900
15200,550,7000,"sd","11:15:01",5214900
15200,550,100,"sd","11:15:03",5215000
15200,550,5000,"sd","11:15:09",5220000
15200,550,100,"bu","11:15:13",5220100
15200,550,500,"bu","11:15:22",5220600
15250,600,300,"sd","11:15:24",5220900
15250,600,5000,"sd","11:15:38",5225900
15250,600,1000,"sd","11:15:47",5226900
15250,600,2000,"bu","11:15:55",5228900
15250,600,1000,"bu","11:16:26",5229900
15200,550,16000,"sd","11:16:30",5245900
15200,550,2000,"sd","11:16:49",5247900
15200,550,7100,"bu","11:16:51",5255000
15250,600,20000,"sd","11:17:00",5275000
15250,600,2000,"bu","11:17:12",5277000
15250,600,2100,"bu","11:17:21",5279100
15200,550,1000,"bu","11:17:43",5280100
15200,550,100,"bu","11:18:17",5280200
15200,550,300,"bu","11:18:20",5280500
15200,550,2000,"sd","11:18:32",5282500
15200,550,5300,"sd","11:19:18",5287800
15200,550,20000,"sd","11:19:20",5307800
15200,550,5200,"bu","11:19:37",5313000
15200,550,5000,"sd","11:19:39",5318000
15200,550,200,"bu","11:20:18",5318200
15200,550,100,"bu","11:20:25",5318300
15200,550,500,"bu","11:20:27",5318800
15200,550,12000,"sd","11:20:36",5330800
15200,550,500,"sd","11:20:38",5331300
15200,550,5000,"sd","11:20:52",5336300
15200,550,12800,"sd","11:20:57",5349100
15200,550,44300,"bu","11:20:59",5393400
15200,550,1000,"bu","11:21:11",5394400
15200,550,3000,"bu","11:21:13",5397400
15200,550,200,"bu","11:21:27",5397600
15150,500,10000,"bu","11:21:43",5407600
15200,550,1000,"bu","11:21:45",5408600
15200,550,100,"sd","11:21:49",5408700
15200,550,700,"sd","11:21:55",5409400
15200,550,12900,"bu","11:21:57",5422300
15200,550,1000,"bu","11:21:59",5423300
15200,550,700,"sd","11:22:02",5424000
15200,550,6000,"bu","11:22:10",5430000
15200,550,5100,"bu","11:22:25",5435100
15200,550,6100,"sd","11:22:35",5441200
15200,550,500,"sd","11:22:39",5441700
15200,550,9400,"sd","11:22:45",5451100
15150,500,3000,"bu","11:22:53",5454100
15200,550,600,"sd","11:23:06",5454700
15200,550,1000,"sd","11:23:14",5455700
15200,550,400,"bu","11:23:18",5456100
15200,550,5200,"sd","11:24:20",5461300
15200,550,400,"sd","11:24:48",5461700
15200,550,1900,"sd","11:24:50",5463600
15200,550,100,"bu","11:25:00",5463700
15200,550,1000,"bu","11:25:04",5464700
15200,550,5000,"sd","11:25:12",5469700
15150,500,500,"sd","11:25:20",5470200
15200,550,3000,"sd","11:25:24",5473200
15200,550,1000,"bu","11:25:36",5474200
15150,500,1000,"bu","11:25:45",5475200
15150,500,20000,"bu","11:25:54",5495200
15200,550,2000,"bu","11:25:55",5497200
15200,550,2200,"bu","11:26:16",5499400
15200,550,2500,"sd","11:26:47",5501900
15200,550,100,"sd","11:26:53",5502000
15150,500,1600,"bu","11:27:57",5503600
15150,500,1000,"bu","11:28:07",5504600
15200,550,3000,"sd","11:28:11",5507600
15150,500,5500,"bu","11:28:25",5513100
15200,550,1000,"sd","11:28:36",5514100
15200,550,1500,"bu","11:29:05",5515600
15200,550,10000,"bu","11:29:07",5525600
15200,550,5800,"sd","11:29:24",5531400
15150,500,500,"bu","11:29:28",5531900
15150,500,12100,"bu","13:00:14",5544000
15150,500,33900,"bu","13:00:18",5577900
15200,550,5000,"sd","13:00:19",5582900
15150,500,5300,"sd","13:00:21",5588200
15200,550,7000,"bu","13:00:23",5595200
15200,550,100,"bu","13:00:26",5595300
15150,500,11100,"bu","13:00:29",5606400
15150,500,2000,"bu","13:00:30",5608400
15150,500,100,"bu","13:00:35",5608500
15150,500,90700,"bu","13:00:36",5699200
15150,500,20000,"bu","13:00:37",5719200
15200,550,10000,"sd","13:00:37",5729200
15150,500,2500,"bu","13:00:43",5731700
15200,550,3000,"sd","13:00:44",5734700
15150,500,1000,"bu","13:00:46",5735700
15200,550,65300,"sd","13:00:47",5801000
15150,500,3500,"sd","13:00:50",5804500
15150,500,1300,"bu","13:00:51",5805800
15200,550,1100,"bu","13:00:52",5806900
15150,500,6400,"bu","13:00:53",5813300
15150,500,3000,"sd","13:00:55",5816300
15150,500,100,"bu","13:00:56",5816400
15200,550,1700,"bu","13:00:57",5818100
15200,550,2200,"sd","13:00:59",5820300
15200,550,10000,"sd","13:01:00",5830300
15150,500,1200,"bu","13:01:01",5831500
15200,550,100,"sd","13:01:03",5831600
15150,500,600,"bu","13:01:09",5832200
15200,550,3000,"bu","13:01:12",5835200
15150,500,2000,"sd","13:01:13",5837200
15150,500,2000,"sd","13:01:15",5839200
15200,550,62700,"sd","13:01:18",5901900
15200,550,1100,"bu","13:01:20",5903000
15200,550,3800,"bu","13:01:42",5906800
15200,550,5000,"bu","13:01:54",5911800
15200,550,3600,"sd","13:01:59",5915400
15200,550,5000,"bu","13:02:01",5920400
15200,550,600,"bu","13:02:03",5921000
15250,600,2000,"bu","13:02:09",5923000
15250,600,200000,"sd","13:02:14",6123000
15250,600,24600,"bu","13:02:21",6147600
15250,600,100,"sd","13:02:27",6147700
15250,600,1000,"bu","13:02:33",6148700
15250,600,1600,"bu","13:02:37",6150300
15250,600,100,"bu","13:02:39",6150400
15250,600,200,"sd","13:02:43",6150600
15300,650,3000,"bu","13:02:53",6153600
15300,650,100,"sd","13:03:02",6153700
15300,650,200,"sd","13:03:04",6153900
15300,650,500,"bu","13:03:24",6154400
15300,650,30000,"sd","13:03:26",6184400
15300,650,500,"bu","13:03:35",6184900
15300,650,200,"sd","13:03:41",6185100
15300,650,500,"sd","13:04:05",6185600
15300,650,44000,"sd","13:04:07",6229600
15300,650,2200,"bu","13:04:11",6231800
15250,600,6000,"sd","13:04:24",6237800
15300,650,19600,"sd","13:04:28",6257400
15300,650,1300,"sd","13:04:31",6258700
15250,600,1200,"bu","13:04:39",6259900
15250,600,5000,"sd","13:04:54",6264900
15250,600,200,"sd","13:05:08",6265100
15250,600,300,"bu","13:05:20",6265400
15250,600,500,"bu","13:05:32",6265900
15250,600,400,"bu","13:05:33",6266300
15250,600,700,"sd","13:05:45",6267000
15250,600,3500,"bu","13:05:51",6270500
15250,600,1000,"sd","13:06:03",6271500
15250,600,200,"sd","13:06:16",6271700
15250,600,3000,"sd","13:06:31",6274700
15300,650,1100,"sd","13:06:40",6275800
15250,600,500,"sd","13:06:42",6276300
15250,600,10000,"bu","13:06:52",6286300
15250,600,100,"bu","13:07:02",6286400
15300,650,20100,"bu","13:07:17",6306500
15300,650,40000,"sd","13:07:21",6346500
15250,600,300,"sd","13:07:24",6346800
15300,650,9700,"sd","13:07:30",6356500
15300,650,48900,"sd","13:07:31",6405400
15300,650,300,"sd","13:07:40",6405700
15300,650,20400,"bu","13:07:44",6426100
15300,650,17100,"sd","13:07:58",6443200
15300,650,300,"sd","13:08:00",6443500
15300,650,5100,"sd","13:08:02",6448600
15300,650,10000,"bu","13:08:04",6458600
15300,650,100,"bu","13:08:12",6458700
15300,650,25000,"bu","13:08:22",6483700
15300,650,9000,"sd","13:08:24",6492700
15300,650,10000,"bu","13:08:28",6502700
15300,650,100,"bu","13:08:30",6502800
15300,650,2000,"bu","13:08:32",6504800
15300,650,7100,"sd","13:08:35",6511900
15300,650,5000,"sd","13:08:37",6516900
15300,650,700,"bu","13:08:41",6517600
15250,600,4000,"sd","13:08:43",6521600
15300,650,1000,"bu","13:08:49",6522600
15250,600,1700,"sd","13:08:51",6524300
15250,600,400,"sd","13:09:06",6524700
15250,600,20000,"bu","13:09:14",6544700
15250,600,4500,"bu","13:09:21",6549200
15250,600,300,"sd","13:09:44",6549500
15250,600,100,"sd","13:09:57",6549600
15250,600,3800,"bu","13:10:14",6553400
15300,650,1200,"bu","13:10:19",6554600
15250,600,2000,"bu","13:10:21",6556600
15250,600,35700,"bu","13:10:23",6592300
15300,650,100,"sd","13:10:32",6592400
15300,650,2100,"bu","13:10:56",6594500
15300,650,100,"sd","13:11:12",6594600
15300,650,5300,"bu","13:11:17",6599900
15300,650,6000,"sd","13:11:21",6605900
15300,650,1000,"sd","13:11:39",6606900
15300,650,500,"bu","13:11:43",6607400
15300,650,100,"bu","13:11:56",6607500
15300,650,2000,"bu","13:12:02",6609500
15300,650,10000,"bu","13:12:31",6619500
15300,650,3000,"sd","13:13:01",6622500
15300,650,1000,"bu","13:13:03",6623500
15300,650,100,"bu","13:13:05",6623600
15300,650,20000,"bu","13:13:07",6643600
15300,650,700,"sd","13:13:09",6644300
15300,650,5000,"bu","13:13:18",6649300
15300,650,2000,"sd","13:13:27",6651300
15300,650,21500,"bu","13:13:34",6672800
15300,650,100,"bu","13:13:49",6672900
15300,650,10000,"bu","13:13:51",6682900
15300,650,100,"sd","13:13:57",6683000
15300,650,1200,"sd","13:14:08",6684200
15300,650,200,"sd","13:14:25",6684400
15300,650,9200,"sd","13:14:54",6693600
15300,650,2000,"sd","13:14:56",6695600
15300,650,3000,"sd","13:15:01",6698600
15300,650,66100,"sd","13:15:05",6764700
15300,650,7100,"sd","13:15:19",6771800
15300,650,15000,"sd","13:15:22",6786800
15300,650,700,"sd","13:15:33",6787500
15300,650,500,"sd","13:15:36",6788000
15300,650,600,"bu","13:15:38",6788600
15300,650,5000,"sd","13:15:57",6793600
15300,650,100,"bu","13:16:01",6793700
15300,650,600,"sd","13:16:17",6794300
15300,650,500,"sd","13:16:19",6794800
15300,650,200,"bu","13:16:26",6795000
15300,650,3500,"bu","13:16:42",6798500
15300,650,1900,"bu","13:16:44",6800400
15350,700,10000,"sd","13:16:53",6810400
15300,650,1000,"bu","13:16:58",6811400
15300,650,500,"bu","13:17:26",6811900
15300,650,2000,"bu","13:17:31",6813900
15300,650,200,"bu","13:17:40",6814100
15300,650,100,"bu","13:17:45",6814200
15300,650,500,"sd","13:17:49",6814700
15300,650,200,"sd","13:17:58",6814900
15350,700,1000,"sd","13:18:08",6815900
15300,650,1000,"sd","13:18:20",6816900
15350,700,5000,"bu","13:18:25",6821900
15350,700,50000,"bu","13:18:41",6871900
15350,700,2200,"bu","13:18:51",6874100
15350,700,7900,"bu","13:19:03",6882000
15350,700,1500,"sd","13:19:06",6883500
15350,700,7000,"bu","13:19:13",6890500
15350,700,3000,"sd","13:19:15",6893500
15350,700,2000,"sd","13:19:24",6895500
15350,700,3000,"bu","13:19:27",6898500
15300,650,118100,"bu","13:19:29",7016600
15300,650,400,"bu","13:19:37",7017000
15300,650,100,"sd","13:19:41",7017100
15300,650,800,"sd","13:19:44",7017900
15350,700,2000,"sd","13:19:51",7019900
15350,700,5000,"sd","13:19:53",7024900
15350,700,5000,"bu","13:20:11",7029900
15300,650,5000,"bu","13:20:16",7034900
15300,650,3000,"bu","13:20:21",7037900
15300,650,20000,"sd","13:20:23",7057900
15300,650,1000,"bu","13:20:25",7058900
15300,650,23500,"sd","13:20:27",7082400
15300,650,5100,"bu","13:20:32",7087500
15300,650,200,"bu","13:20:35",7087700
15300,650,20100,"sd","13:20:46",7107800
15300,650,2000,"bu","13:20:53",7109800
15300,650,2000,"bu","13:20:58",7111800
15300,650,100,"bu","13:21:00",7111900
15300,650,300,"sd","13:21:19",7112200
15300,650,11900,"sd","13:21:24",7124100
15350,700,200,"bu","13:21:40",7124300
15300,650,3200,"sd","13:21:53",7127500
15350,700,1000,"sd","13:21:58",7128500
15300,650,5000,"sd","13:22:09",7133500
15300,650,15000,"sd","13:22:16",7148500
15300,650,5000,"sd","13:22:21",7153500
15300,650,4500,"sd","13:22:27",7158000
15300,650,5000,"bu","13:22:36",7163000
15300,650,6000,"bu","13:22:50",7169000
15300,650,2000,"bu","13:22:52",7171000
15300,650,1000,"sd","13:22:55",7172000
15300,650,500,"bu","13:23:04",7172500
15300,650,3000,"sd","13:23:08",7175500
15300,650,30700,"sd","13:23:20",7206200
15250,600,100,"bu","13:23:39",7206300
15300,650,5100,"sd","13:23:50",7211400
15300,650,100,"sd","13:24:07",7211500
15300,650,1000,"sd","13:24:14",7212500
15250,600,63500,"bu","13:24:16",7276000
15250,600,200,"bu","13:24:21",7276200
15250,600,2500,"sd","13:24:28",7278700
15250,600,500,"sd","13:24:31",7279200
15250,600,3300,"bu","13:24:33",7282500
15250,600,2000,"bu","13:24:44",7284500
15300,650,500,"bu","13:24:47",7285000
15250,600,9000,"sd","13:25:13",7294000
15300,650,1000,"bu","13:25:22",7295000
15250,600,1000,"sd","13:26:24",7296000
15250,600,8000,"sd","13:26:29",7304000
15250,600,200,"sd","13:26:35",7304200
15250,600,800,"bu","13:26:39",7305000
15250,600,100,"bu","13:26:44",7305100
15250,600,700,"sd","13:27:12",7305800
15250,600,2300,"sd","13:27:17",7308100
15200,550,1500,"sd","13:27:20",7309600
15250,600,6500,"bu","13:27:25",7316100
15250,600,5100,"sd","13:27:32",7321200
15250,600,100,"sd","13:27:37",7321300
15200,550,100000,"sd","13:28:09",7421300
15250,600,4700,"bu","13:28:23",7426000
15250,600,200,"bu","13:28:28",7426200
15250,600,2300,"bu","13:28:47",7428500
15250,600,9600,"bu","13:28:49",7438100
15200,550,3000,"bu","13:29:31",7441100
15300,650,1600,"sd","13:29:33",7442700
15300,650,200,"bu","13:30:08",7442900
15300,650,100,"bu","13:30:17",7443000
15250,600,2400,"bu","13:30:24",7445400
15250,600,5000,"bu","13:30:41",7450400
15250,600,100,"sd","13:30:46",7450500
15250,600,1800,"sd","13:30:49",7452300
15200,550,100000,"bu","13:30:52",7552300
15200,550,20000,"bu","13:31:05",7572300
15200,550,10000,"sd","13:31:13",7582300
15200,550,300,"sd","13:31:20",7582600
15200,550,200,"sd","13:31:25",7582800
15200,550,300,"bu","13:31:27",7583100
15200,550,50600,"sd","13:31:43",7633700
15200,550,4000,"sd","13:31:45",7637700
15200,550,200,"sd","13:31:50",7637900
15200,550,1000,"bu","13:32:03",7638900
15200,550,1600,"bu","13:32:16",7640500
15200,550,2000,"sd","13:32:19",7642500
15200,550,400,"sd","13:32:26",7642900
15200,550,10000,"bu","13:32:52",7652900
15200,550,5000,"sd","13:32:55",7657900
15200,550,4200,"bu","13:32:57",7662100
15200,550,1900,"sd","13:32:59",7664000
15200,550,10000,"bu","13:33:02",7674000
15200,550,16300,"bu","13:33:07",7690300
15250,600,4600,"sd","13:33:10",7694900
15250,600,300,"sd","13:33:20",7695200
15250,600,100,"bu","13:33:26",7695300
15200,550,2100,"sd","13:33:30",7697400
15200,550,500,"bu","13:33:41",7697900
15200,550,3900,"sd","13:34:09",7701800
15250,600,9700,"bu","13:34:13",7711500
15250,600,900,"sd","13:34:20",7712400
15250,600,3400,"sd","13:34:23",7715800
15200,550,3000,"sd","13:34:38",7718800
15200,550,400,"sd","13:34:59",7719200
15250,600,2000,"sd","13:35:07",7721200
15200,550,300,"bu","13:35:17",7721500
15200,550,700,"sd","13:35:21",7722200
15200,550,1000,"sd","13:35:42",7723200
15200,550,2000,"sd","13:35:44",7725200
15200,550,20000,"sd","13:35:59",7745200
15200,550,2000,"sd","13:36:32",7747200
15200,550,7600,"sd","13:36:42",7754800
15200,550,200,"bu","13:36:54",7755000
15200,550,1200,"sd","13:37:13",7756200
15200,550,10000,"sd","13:37:28",7766200
15200,550,1000,"bu","13:37:33",7767200
15250,600,24200,"bu","13:37:38",7791400
15250,600,1000,"bu","13:37:44",7792400
15250,600,100,"bu","13:38:02",7792500
15250,600,3000,"sd","13:38:08",7795500
15250,600,1700,"bu","13:38:10",7797200
15250,600,500,"sd","13:38:27",7797700
15250,600,1000,"bu","13:38:40",7798700
15250,600,5000,"sd","13:38:43",7803700
15250,600,100,"bu","13:38:51",7803800
15250,600,2200,"sd","13:39:02",7806000
15250,600,100,"sd","13:39:04",7806100
15250,600,500,"bu","13:39:10",7806600
15250,600,2000,"sd","13:39:20",7808600
15250,600,8300,"sd","13:39:43",7816900
15250,600,23000,"bu","13:40:19",7839900
15300,650,20000,"sd","13:40:44",7859900
15300,650,200,"sd","13:40:49",7860100
15300,650,700,"sd","13:41:12",7860800
15300,650,10000,"sd","13:41:14",7870800
15300,650,1000,"bu","13:41:22",7871800
15250,600,7000,"bu","13:41:24",7878800
15300,650,7000,"bu","13:41:27",7885800
15300,650,500,"bu","13:41:29",7886300
15250,600,100,"sd","13:41:32",7886400
15300,650,8600,"bu","13:41:35",7895000
15250,600,1000,"sd","13:41:45",7896000
15250,600,500,"sd","13:41:53",7896500
15250,600,200,"sd","13:41:55",7896700
15300,650,2000,"sd","13:42:01",7898700
15250,600,300,"bu","13:42:07",7899000
15300,650,500,"bu","13:42:19",7899500
15300,650,100,"bu","13:42:34",7899600
15300,650,1000,"sd","13:43:00",7900600
15300,650,200,"sd","13:43:16",7900800
15250,600,10000,"sd","13:43:22",7910800
15300,650,500,"bu","13:43:27",7911300
15250,600,1000,"bu","13:43:30",7912300
15250,600,65100,"bu","13:44:20",7977400
15250,600,300,"bu","13:44:37",7977700
15300,650,7000,"bu","13:44:49",7984700
15300,650,300,"sd","13:45:25",7985000
15300,650,100,"sd","13:45:28",7985100
15300,650,21900,"sd","13:45:32",8007000
15300,650,1000,"sd","13:45:37",8008000
15300,650,2500,"bu","13:45:40",8010500
15300,650,300,"sd","13:45:42",8010800
15300,650,200,"sd","13:45:47",8011000
15350,700,2000,"sd","13:46:01",8013000
15300,650,16000,"bu","13:46:03",8029000
15300,650,2000,"sd","13:46:08",8031000
15300,650,500,"bu","13:46:10",8031500
15300,650,3000,"sd","13:46:13",8034500
15300,650,3300,"bu","13:46:15",8037800
15300,650,300,"sd","13:46:25",8038100
15300,650,9800,"sd","13:46:33",8047900
15300,650,1000,"bu","13:46:51",8048900
15300,650,15200,"bu","13:47:23",8064100
15300,650,500,"sd","13:47:39",8064600
15350,700,600,"bu","13:47:42",8065200
15300,650,100,"sd","13:47:48",8065300
15300,650,500,"sd","13:47:56",8065800
15300,650,100,"bu","13:48:08",8065900
15300,650,1100,"sd","13:48:33",8067000
15300,650,7000,"bu","13:48:57",8074000
15350,700,10000,"sd","13:49:33",8084000
15350,700,5000,"bu","13:49:58",8089000
15300,650,5000,"bu","13:50:25",8094000
15350,700,6000,"sd","13:51:11",8100000
15300,650,16300,"bu","13:51:22",8116300
15350,700,500,"sd","13:51:32",8116800
15350,700,3000,"sd","13:51:58",8119800
15350,700,45000,"sd","13:52:01",8164800
15350,700,100,"bu","13:52:09",8164900
15350,700,500,"bu","13:52:15",8165400
15350,700,2000,"bu","13:52:22",8167400
15350,700,2900,"sd","13:52:34",8170300
15300,650,600,"bu","13:52:41",8170900
15350,700,1300,"sd","13:52:44",8172200
15350,700,600,"sd","13:52:46",8172800
15350,700,2000,"bu","13:52:54",8174800
15350,700,8000,"sd","13:52:56",8182800
15350,700,1000,"bu","13:52:59",8183800
15350,700,1100,"bu","13:53:04",8184900
15350,700,8000,"sd","13:53:07",8192900
15350,700,3000,"sd","13:53:09",8195900
15350,700,45000,"bu","13:53:12",8240900
15350,700,3900,"sd","13:53:15",8244800
15350,700,8400,"bu","13:53:17",8253200
15350,700,6500,"sd","13:53:23",8259700
15350,700,135200,"bu","13:53:26",8394900
15350,700,25000,"bu","13:53:28",8419900
15350,700,10000,"sd","13:53:31",8429900
15350,700,41200,"bu","13:53:33",8471100
15350,700,13800,"sd","13:53:36",8484900
15350,700,1200,"bu","13:53:55",8486100
15350,700,500,"bu","13:54:06",8486600
15350,700,2000,"sd","13:54:09",8488600
15400,750,1000,"sd","13:54:14",8489600
15350,700,600,"sd","13:54:17",8490200
15400,750,2500,"sd","13:54:20",8492700
15400,750,2500,"sd","13:54:25",8495200
15400,750,100,"bu","13:54:36",8495300
15400,750,3000,"bu","13:54:55",8498300
15400,750,800,"sd","13:54:59",8499100
15400,750,5000,"sd","13:55:16",8504100
15400,750,20000,"bu","13:55:19",8524100
15400,750,1000,"bu","13:55:21",8525100
15350,700,3000,"bu","13:55:38",8528100
15350,700,1100,"bu","13:56:00",8529200
15400,750,700,"bu","13:56:12",8529900
15350,700,30000,"sd","13:56:15",8559900
15400,750,200,"bu","13:56:17",8560100
15400,750,10000,"sd","13:56:20",8570100
15400,750,1800,"sd","13:56:23",8571900
15400,750,100,"sd","13:56:28",8572000
15400,750,800,"bu","13:56:31",8572800
15400,750,2000,"bu","13:56:43",8574800
15400,750,71500,"bu","13:56:46",8646300
15400,750,20500,"sd","13:56:48",8666800
15400,750,3100,"sd","13:56:51",8669900
15400,750,1000,"sd","13:56:54",8670900
15400,750,3100,"bu","13:56:57",8674000
15400,750,4500,"sd","13:57:00",8678500
15400,750,84400,"bu","13:57:03",8762900
15400,750,100,"bu","13:57:15",8763000
15400,750,3200,"bu","13:57:24",8766200
15450,800,1500,"sd","13:57:27",8767700
15450,800,1000,"sd","13:57:30",8768700
15450,800,4500,"bu","13:57:36",8773200
15450,800,51200,"sd","13:57:42",8824400
15450,800,2500,"bu","13:57:45",8826900
15450,800,21100,"bu","13:57:53",8848000
15450,800,31500,"bu","13:57:56",8879500
15450,800,61400,"bu","13:57:59",8940900
15450,800,13200,"sd","13:58:18",8954100
15450,800,1000,"sd","13:58:34",8955100
15450,800,100,"bu","13:58:38",8955200
15450,800,200,"sd","13:58:46",8955400
15450,800,100,"sd","13:58:55",8955500
15450,800,200,"bu","13:58:58",8955700
15450,800,100,"bu","13:59:01",8955800
15450,800,2100,"sd","13:59:04",8957900
15450,800,200,"bu","13:59:10",8958100
15450,800,1100,"sd","13:59:13",8959200
15500,850,500,"sd","13:59:19",8959700
15500,850,12000,"bu","13:59:25",8971700
15500,850,12000,"bu","13:59:33",8983700
15500,850,4000,"sd","13:59:35",8987700
15500,850,21500,"bu","13:59:38",9009200
15500,850,100,"sd","13:59:41",9009300
15450,800,13000,"bu","13:59:44",9022300
15500,850,2000,"bu","13:59:48",9024300
15500,850,400,"bu","13:59:50",9024700
15500,850,3000,"bu","14:00:01",9027700
15450,800,4500,"bu","14:00:07",9032200
15450,800,200,"bu","14:00:09",9032400
15500,850,2000,"sd","14:00:18",9034400
15450,800,5000,"bu","14:00:23",9039400
15450,800,3000,"sd","14:00:30",9042400
15450,800,200,"bu","14:00:33",9042600
15500,850,500,"bu","14:00:53",9043100
15500,850,1000,"bu","14:00:56",9044100
15450,800,400,"bu","14:00:59",9044500
15450,800,5000,"bu","14:01:13",9049500
15500,850,3000,"bu","14:01:27",9052500
15500,850,1000,"sd","14:01:45",9053500
15500,850,3400,"sd","14:01:51",9056900
15500,850,3300,"bu","14:01:57",9060200
15500,850,100,"bu","14:02:07",9060300
15500,850,3000,"sd","14:02:10",9063300
15500,850,3000,"sd","14:02:12",9066300
15500,850,500,"sd","14:02:15",9066800
15500,850,2000,"sd","14:02:27",9068800
15450,800,500,"sd","14:02:30",9069300
15500,850,30100,"bu","14:02:40",9099400
15500,850,5000,"sd","14:02:56",9104400
15450,800,1600,"bu","14:03:06",9106000
15500,850,2000,"bu","14:03:09",9108000
15500,850,5000,"sd","14:03:12",9113000
15500,850,1000,"sd","14:03:15",9114000
15500,850,44000,"sd","14:03:33",9158000
15450,800,400,"bu","14:03:45",9158400
15450,800,1300,"bu","14:03:55",9159700
15450,800,200,"sd","14:03:57",9159900
15450,800,300,"bu","14:04:06",9160200
15500,850,10000,"sd","14:04:09",9170200
15500,850,100,"bu","14:04:17",9170300
15500,850,1700,"bu","14:04:23",9172000
15500,850,1000,"sd","14:04:29",9173000
15500,850,100500,"bu","14:04:32",9273500
15500,850,21100,"bu","14:04:40",9294600
15500,850,2000,"bu","14:04:43",9296600
15500,850,109000,"bu","14:04:52",9405600
15500,850,42400,"sd","14:04:55",9448000
15500,850,6300,"sd","14:04:58",9454300
15500,850,4300,"sd","14:05:01",9458600
15500,850,10300,"bu","14:05:03",9468900
15500,850,500,"sd","14:05:06",9469400
15500,850,7100,"bu","14:05:09",9476500
15500,850,30000,"bu","14:05:11",9506500
15500,850,5000,"sd","14:05:14",9511500
15500,850,2100,"bu","14:05:21",9513600
15500,850,1000,"bu","14:05:24",9514600
15500,850,16800,"sd","14:05:30",9531400
15500,850,13500,"bu","14:05:33",9544900
15500,850,300,"sd","14:05:48",9545200
15550,900,600,"sd","14:05:54",9545800
15550,900,10000,"bu","14:05:57",9555800
15550,900,2100,"sd","14:06:00",9557900
15550,900,3000,"bu","14:06:13",9560900
15550,900,200,"sd","14:06:19",9561100
15550,900,3300,"sd","14:06:22",9564400
15550,900,15400,"bu","14:06:29",9579800
15550,900,2500,"sd","14:06:34",9582300
15550,900,100,"bu","14:06:37",9582400
15550,900,2600,"sd","14:06:48",9585000
15550,900,100,"bu","14:06:54",9585100
15550,900,1300,"bu","14:07:03",9586400
15550,900,3500,"bu","14:07:06",9589900
15550,900,2500,"bu","14:07:12",9592400
15550,900,10000,"sd","14:07:15",9602400
15550,900,1000,"bu","14:07:18",9603400
15550,900,2000,"sd","14:07:24",9605400
15550,900,300,"sd","14:07:29",9605700
15550,900,41500,"sd","14:07:38",9647200
15550,900,1500,"bu","14:07:44",9648700
15550,900,2100,"sd","14:07:47",9650800
15550,900,500,"sd","14:07:50",9651300
15550,900,30800,"sd","14:07:53",9682100
15550,900,4300,"bu","14:07:56",9686400
15550,900,20700,"bu","14:07:59",9707100
15600,950,1000,"bu","14:08:06",9708100
15550,900,1000,"bu","14:08:09",9709100
15600,950,5000,"bu","14:08:12",9714100
15600,950,500,"bu","14:08:25",9714600
15550,900,100,"bu","14:08:33",9714700
15550,900,1000,"sd","14:08:42",9715700
15600,950,3500,"sd","14:08:51",9719200
15600,950,500,"bu","14:08:54",9719700
15600,950,800,"bu","14:09:12",9720500
15600,950,200,"bu","14:09:15",9720700
15600,950,5100,"bu","14:09:24",9725800
15600,950,2100,"bu","14:09:31",9727900
15600,950,2100,"sd","14:09:40",9730000
15600,950,500,"sd","14:09:43",9730500
15600,950,600,"bu","14:09:46",9731100
15600,950,300,"sd","14:09:49",9731400
15550,900,1700,"bu","14:09:52",9733100
15600,950,2000,"bu","14:09:58",9735100
15600,950,4300,"sd","14:10:04",9739400
15600,950,1000,"bu","14:10:10",9740400
15600,950,2500,"bu","14:10:17",9742900
15600,950,5700,"bu","14:10:20",9748600
15600,950,10700,"bu","14:10:23",9759300
15600,950,200,"bu","14:10:33",9759500
15600,950,1000,"sd","14:10:35",9760500
15600,950,5000,"sd","14:10:58",9765500
15600,950,1000,"sd","14:11:04",9766500
15600,950,1100,"bu","14:11:07",9767600
15600,950,600,"bu","14:11:09",9768200
15600,950,1000,"sd","14:11:13",9769200
15600,950,1300,"bu","14:11:18",9770500
15600,950,4900,"sd","14:11:31",9775400
15600,950,500,"bu","14:11:47",9775900
15550,900,3000,"bu","14:11:50",9778900
15600,950,1700,"bu","14:12:08",9780600
15550,900,1500,"sd","14:12:12",9782100
15550,900,185800,"bu","14:12:30",9967900
15550,900,1700,"sd","14:12:34",9969600
15550,900,400,"sd","14:12:40",9970000
15550,900,500,"bu","14:12:50",9970500
15550,900,300,"sd","14:12:54",9970800
15550,900,11000,"bu","14:12:57",9981800
15550,900,21200,"bu","14:13:06",10003000
15550,900,4100,"sd","14:13:09",10007100
15550,900,500,"sd","14:13:12",10007600
15550,900,100,"bu","14:13:19",10007700
15550,900,7100,"bu","14:13:31",10014800
15550,900,15400,"bu","14:13:37",10030200
15550,900,1100,"sd","14:13:40",10031300
15550,900,300,"sd","14:13:43",10031600
15550,900,13300,"bu","14:13:45",10044900
15550,900,300,"sd","14:13:48",10045200
15550,900,2700,"sd","14:13:59",10047900
15550,900,1000,"bu","14:14:06",10048900
15550,900,500,"sd","14:14:08",10049400
15550,900,5900,"sd","14:14:15",10055300
15550,900,15800,"bu","14:14:21",10071100
15550,900,1200,"bu","14:14:27",10072300
15550,900,3400,"bu","14:14:31",10075700
15550,900,2000,"bu","14:14:40",10077700
15550,900,2000,"sd","14:14:44",10079700
15550,900,2100,"bu","14:14:53",10081800
15550,900,10000,"bu","14:14:58",10091800
15550,900,100,"bu","14:15:02",10091900
15550,900,7900,"bu","14:15:08",10099800
15500,850,21500,"bu","14:15:11",10121300
15550,900,5400,"bu","14:15:14",10126700
15550,900,3000,"sd","14:15:30",10129700
15550,900,8500,"sd","14:15:36",10138200
15550,900,11200,"sd","14:15:41",10149400
15550,900,1800,"bu","14:15:47",10151200
15550,900,10000,"bu","14:15:50",10161200
15550,900,2000,"sd","14:15:53",10163200
15550,900,1700,"sd","14:15:57",10164900
15550,900,300,"sd","14:16:11",10165200
15550,900,1400,"sd","14:16:14",10166600
15550,900,1000,"sd","14:16:21",10167600
15600,950,1000,"sd","14:16:24",10168600
15550,900,400,"bu","14:16:34",10169000
15600,950,2000,"bu","14:16:40",10171000
15600,950,300,"sd","14:16:58",10171300
15600,950,900,"bu","14:17:10",10172200
15550,900,20000,"bu","14:17:14",10192200
15550,900,400,"bu","14:17:24",10192600
15550,900,6200,"bu","14:17:31",10198800
15600,950,400,"sd","14:17:37",10199200
15600,950,5000,"sd","14:17:51",10204200
15550,900,200,"bu","14:17:54",10204400
15550,900,1100,"bu","14:18:07",10205500
15550,900,2000,"sd","14:18:10",10207500
15550,900,900,"bu","14:18:13",10208400
15550,900,100,"bu","14:18:23",10208500
15600,950,13000,"bu","14:18:27",10221500
15600,950,8000,"sd","14:18:35",10229500
15550,900,1000,"sd","14:18:42",10230500
15550,900,900,"sd","14:18:50",10231400
15600,950,13200,"bu","14:18:57",10244600
15550,900,13500,"bu","14:19:00",10258100
15600,950,1000,"bu","14:19:06",10259100
15550,900,100,"sd","14:19:10",10259200
15600,950,10000,"bu","14:19:20",10269200
15550,900,200,"bu","14:19:24",10269400
15550,900,300,"bu","14:19:28",10269700
15550,900,34100,"sd","14:19:31",10303800
15550,900,700,"bu","14:19:35",10304500
15500,850,1200,"bu","14:19:38",10305700
15550,900,10000,"bu","14:19:42",10315700
15550,900,8800,"bu","14:19:46",10324500
15550,900,22900,"sd","14:19:50",10347400
15550,900,1500,"bu","14:19:53",10348900
15550,900,2000,"sd","14:19:57",10350900
15550,900,100,"sd","14:20:06",10351000
15550,900,400,"sd","14:20:13",10351400
15550,900,29300,"bu","14:20:20",10380700
15600,950,5000,"bu","14:20:23",10385700
15600,950,4000,"bu","14:20:26",10389700
15550,900,2400,"sd","14:20:39",10392100
15600,950,300,"sd","14:20:59",10392400
15550,900,1600,"sd","14:21:06",10394000
15600,950,500,"bu","14:21:16",10394500
15550,900,6300,"bu","14:21:20",10400800
15550,900,500,"bu","14:21:23",10401300
15600,950,101500,"sd","14:21:35",10502800
15600,950,8000,"bu","14:21:47",10510800
15550,900,300,"bu","14:21:54",10511100
15550,900,1800,"sd","14:22:07",10512900
15550,900,3000,"sd","14:22:16",10515900
15550,900,1000,"sd","14:22:20",10516900
15550,900,200,"bu","14:22:23",10517100
15550,900,100,"sd","14:22:30",10517200
15550,900,7900,"sd","14:22:40",10525100
15550,900,4000,"bu","14:22:43",10529100
15550,900,500,"sd","14:22:46",10529600
15550,900,1900,"bu","14:22:53",10531500
15550,900,1000,"bu","14:22:56",10532500
15550,900,5000,"bu","14:23:00",10537500
15550,900,4100,"sd","14:23:03",10541600
15550,900,900,"sd","14:23:06",10542500
15550,900,500,"bu","14:23:16",10543000
15550,900,4100,"sd","14:23:19",10547100
15600,950,9200,"bu","14:23:22",10556300
15550,900,33700,"sd","14:23:26",10590000
15550,900,10900,"sd","14:23:29",10600900
15550,900,7300,"sd","14:23:33",10608200
15550,900,3000,"sd","14:23:43",10611200
15550,900,20500,"sd","14:23:46",10631700
15500,850,6100,"bu","14:23:53",10637800
15550,900,2000,"sd","14:23:56",10639800
15500,850,17200,"bu","14:23:59",10657000
15550,900,2500,"sd","14:24:09",10659500
15500,850,100,"bu","14:24:12",10659600
15500,850,4000,"bu","14:24:18",10663600
15550,900,3000,"sd","14:24:22",10666600
15550,900,1100,"sd","14:24:28",10667700
15550,900,100,"sd","14:24:41",10667800
15500,850,5100,"sd","14:24:48",10672900
15550,900,6400,"sd","14:24:51",10679300
15550,900,5200,"bu","14:24:58",10684500
15550,900,500,"sd","14:25:18",10685000
15500,850,200,"sd","14:25:28",10685200
15550,900,500,"sd","14:25:31",10685700
15550,900,7000,"bu","14:25:45",10692700
15550,900,2600,"sd","14:25:57",10695300
15500,850,200,"bu","14:26:01",10695500
15550,900,400,"bu","14:26:04",10695900
15500,850,5000,"bu","14:26:08",10700900
15550,900,3000,"sd","14:26:12",10703900
15500,850,49000,"sd","14:26:20",10752900
15550,900,1000,"sd","14:26:23",10753900
15500,850,58000,"sd","14:26:27",10811900
15500,850,3200,"bu","14:26:35",10815100
15500,850,5500,"bu","14:26:39",10820600
15500,850,13000,"bu","14:26:42",10833600
15500,850,2100,"sd","14:26:46",10835700
15500,850,3200,"bu","14:26:49",10838900
15500,850,40200,"sd","14:26:56",10879100
15500,850,32200,"sd","14:27:00",10911300
15450,800,4000,"bu","14:27:07",10915300
15500,850,6000,"sd","14:27:10",10921300
15450,800,1000,"bu","14:27:14",10922300
15450,800,3400,"sd","14:27:17",10925700
15450,800,900,"sd","14:27:25",10926600
15450,800,13600,"bu","14:27:29",10940200
15450,800,7300,"bu","14:27:33",10947500
15500,850,500,"bu","14:27:41",10948000
15500,850,900,"sd","14:27:52",10948900
15450,800,15000,"bu","14:27:56",10963900
15450,800,3700,"sd","14:28:03",10967600
15450,800,1900,"sd","14:28:14",10969500
15500,850,3200,"sd","14:28:19",10972700
15450,800,1600,"sd","14:28:27",10974300
15450,800,1400,"bu","14:28:31",10975700
15450,800,500,"sd","14:28:34",10976200
15400,750,5900,"bu","14:28:37",10982100
15400,750,600,"sd","14:28:45",10982700
15450,800,500,"bu","14:28:48",10983200
15400,750,3100,"bu","14:28:51",10986300
15450,800,13500,"bu","14:28:57",10999800
15400,750,5500,"bu","14:29:05",11005300
15450,800,300,"sd","14:29:11",11005600
15400,750,1000,"bu","14:29:14",11006600
15400,750,500,"bu","14:29:17",11007100
15450,800,5500,"bu","14:29:20",11012600
15450,800,1400,"bu","14:29:23",11014000
15400,750,200,"bu","14:29:30",11014200
15400,750,7500,"bu","14:29:33",11021700
15450,800,5000,"bu","14:29:36",11026700
15450,800,41500,"bu","14:29:39",11068200
15450,800,2800,"sd","14:29:41",11071000
15450,800,1000,"bu","14:29:44",11072000
15450,800,8000,"sd","14:29:48",11080000
15450,800,10000,"bu","14:29:51",11090000
15450,800,500,"bu","14:29:55",11090500
15400,750,21000,"bu","14:29:58",11111500
15400,750,3200,"sd","14:30:02",11114700
15450,800,2000,"sd","14:30:06",11116700
15500,850,172200,"sd","14:45:08",11288900
