"price","change","match_qtty","side","time","total_vol"
32100,550,167300,"sd","09:15:03",167300
32100,550,100,"sd","09:15:09",167400
32100,550,2000,"sd","09:15:10",169400
32100,550,10000,"sd","09:15:24",179400
32150,600,100,"bu","09:15:27",179500
32150,600,2900,"sd","09:15:50",182400
32150,600,3300,"bu","09:15:57",185700
32150,600,100,"bu","09:15:58",185800
32150,600,300,"sd","09:16:09",186100
32150,600,2000,"bu","09:16:10",188100
32150,600,1700,"sd","09:16:12",189800
32150,600,18500,"bu","09:16:13",208300
32150,600,1000,"sd","09:16:13",206700
32150,600,12500,"bu","09:16:16",219200
32150,600,5000,"sd","09:16:17",224200
32150,600,200,"sd","09:16:27",224400
32150,600,100,"sd","09:16:29",224500
32150,600,1000,"bu","09:16:38",225500
32100,550,7000,"sd","09:16:40",232500
32100,550,5000,"bu","09:16:49",237500
32100,550,8400,"bu","09:16:50",245900
32049.999999999996,500,3000,"sd","09:16:51",248900
32049.999999999996,500,500,"sd","09:17:00",249400
32049.999999999996,500,1000,"bu","09:17:12",250400
32049.999999999996,500,500,"bu","09:17:15",250900
32100,550,5500,"bu","09:17:23",256400
32100,550,300,"sd","09:17:24",256700
32100,550,5000,"sd","09:17:39",261700
32100,550,1000,"bu","09:17:52",262700
32100,550,2200,"sd","09:18:08",264900
32100,550,1000,"sd","09:18:10",265900
32100,550,1000,"bu","09:18:13",266900
32100,550,1000,"bu","09:18:15",267900
32100,550,5000,"bu","09:18:20",272900
32100,550,200,"sd","09:18:22",273100
32049.999999999996,500,300,"sd","09:18:37",273400
32049.999999999996,500,1000,"bu","09:18:38",274400
32049.999999999996,500,100,"sd","09:18:42",274500
32049.999999999996,500,1100,"bu","09:18:48",275600
32049.999999999996,500,100,"sd","09:18:49",275700
32049.999999999996,500,500,"bu","09:18:50",276200
32049.999999999996,500,2000,"sd","09:18:59",278200
32049.999999999996,500,200,"bu","09:19:00",278400
32049.999999999996,500,1000,"sd","09:19:02",279400
32100,550,10000,"bu","09:19:14",289400
32049.999999999996,500,100,"bu","09:19:21",289500
32100,550,200,"sd","09:19:22",289700
32100,550,500,"sd","09:19:27",290200
32100,550,100,"sd","09:19:30",290300
32100,550,700,"bu","09:19:34",291000
32049.999999999996,500,100,"bu","09:19:34",291100
32049.999999999996,500,200,"sd","09:19:48",291300
32100,550,5000,"bu","09:19:48",296300
32049.999999999996,500,500,"sd","09:19:56",296800
32049.999999999996,500,2000,"sd","09:19:58",298800
32049.999999999996,500,500,"bu","09:20:05",299300
32100,550,5000,"sd","09:20:14",304300
32049.999999999996,500,1000,"bu","09:20:19",305300
32049.999999999996,500,1200,"bu","09:20:25",306500
32100,550,1000,"sd","09:20:26",307500
32049.999999999996,500,200,"bu","09:20:32",307700
32100,550,100,"bu","09:20:33",307800
32100,550,10000,"sd","09:20:34",317800
32100,550,5000,"sd","09:20:35",322800
32100,550,3500,"sd","09:20:36",326300
32100,550,1600,"bu","09:20:55",327900
32049.999999999996,500,2500,"bu","09:20:59",330400
32100,550,5000,"sd","09:21:00",335400
32100,550,5000,"sd","09:21:06",340400
32100,550,1300,"bu","09:21:09",341700
32100,550,24800,"bu","09:21:13",366500
32100,550,100,"bu","09:21:18",366600
32100,550,300,"sd","09:21:24",366900
32100,550,400,"bu","09:21:29",367300
32100,550,1000,"sd","09:21:34",368300
32100,550,400,"sd","09:21:42",368700
32100,550,100,"sd","09:21:47",368800
32100,550,8400,"bu","09:21:48",377200
32100,550,500,"sd","09:21:49",377700
32049.999999999996,500,3000,"sd","09:21:50",380700
32100,550,1400,"sd","09:21:54",382100
32100,550,1000,"bu","09:21:55",383100
32100,550,700,"bu","09:21:57",383800
32100,550,2500,"bu","09:22:01",386300
32100,550,100,"bu","09:22:02",386400
32100,550,5700,"bu","09:22:24",392100
32100,550,100,"sd","09:22:25",392300
32100,550,10600,"sd","09:22:26",402900
32100,550,3900,"sd","09:22:27",406800
32100,550,600,"sd","09:22:28",407900
32100,550,7400,"sd","09:22:28",415300
32100,550,100,"sd","09:22:29",418600
32100,550,100,"bu","09:22:29",415900
32100,550,8000,"bu","09:22:30",423900
32100,550,200,"bu","09:22:30",421600
32100,550,200,"bu","09:22:31",441100
32100,550,1100,"sd","09:22:31",426700
32100,550,21800,"bu","09:22:32",448500
32100,550,100,"bu","09:22:32",444100
32100,550,200,"sd","09:22:33",450400
32100,550,500,"bu","09:22:41",450900
32100,550,33200,"sd","09:22:49",484100
32100,550,24900,"bu","09:22:52",509000
32100,550,1000,"bu","09:22:54",510000
32100,550,300,"bu","09:23:01",510300
32150,600,2000,"sd","09:23:03",512300
32150,600,300,"bu","09:23:05",512600
32150,600,50000,"sd","09:23:06",562600
32150,600,4400,"sd","09:23:11",567000
32150,600,100,"sd","09:23:12",567100
32150,600,1500,"sd","09:23:17",568600
32150,600,200,"bu","09:23:19",568800
32200.000000000004,650,600,"sd","09:23:20",569400
32150,600,1000,"bu","09:23:22",570400
32150,600,5700,"bu","09:23:30",576100
32150,600,600,"bu","09:23:33",576700
32150,600,100,"sd","09:23:43",576800
32200.000000000004,650,200,"sd","09:23:46",577000
32150,600,1100,"sd","09:23:57",578100
32150,600,1200,"sd","09:23:58",579300
32150,600,200,"sd","09:24:00",579500
32150,600,500,"sd","09:24:05",580000
32150,600,1800,"sd","09:24:09",581800
32150,600,10000,"bu","09:24:11",591800
32150,600,1100,"bu","09:24:14",592900
32150,600,100,"sd","09:24:15",593000
32150,600,800,"bu","09:24:19",593800
32100,550,26800,"bu","09:24:22",620600
32100,550,400,"bu","09:24:36",621000
32150,600,10000,"bu","09:24:38",631000
32150,600,500,"bu","09:24:42",631500
32150,600,11400,"sd","09:24:44",642900
32150,600,15000,"sd","09:24:45",657900
32150,600,200,"bu","09:24:51",658100
32150,600,6100,"bu","09:24:52",664200
32150,600,1000,"sd","09:24:54",665200
32150,600,1300,"sd","09:25:09",666500
32150,600,1200,"bu","09:25:12",667700
32150,600,300,"sd","09:25:18",668000
32150,600,1600,"sd","09:25:19",669600
32150,600,200,"sd","09:25:23",669800
32200.000000000004,650,3200,"sd","09:25:30",673000
32150,600,100,"bu","09:25:31",673100
32200.000000000004,650,500,"sd","09:25:32",673600
32150,600,1000,"bu","09:25:35",674600
32200.000000000004,650,1000,"bu","09:25:47",675600
32200.000000000004,650,400,"bu","09:25:48",676000
32200.000000000004,650,31500,"sd","09:25:51",707500
32200.000000000004,650,10500,"bu","09:25:52",718000
32200.000000000004,650,20000,"bu","09:26:00",738000
32200.000000000004,650,2700,"bu","09:26:03",740700
32200.000000000004,650,21900,"sd","09:26:04",762600
32200.000000000004,650,2200,"sd","09:26:06",764800
32200.000000000004,650,1000,"sd","09:26:15",765800
32200.000000000004,650,3000,"bu","09:26:16",768800
32250,700,1000,"sd","09:26:16",769800
32250,700,10100,"sd","09:26:28",779900
32250,700,300,"sd","09:26:31",780200
32250,700,2000,"sd","09:26:33",782200
32250,700,34400,"sd","09:26:34",816600
32250,700,2000,"sd","09:26:34",818600
32299.999999999996,750,3200,"sd","09:26:37",821800
32250,700,5000,"sd","09:26:50",826800
32250,700,1100,"bu","09:26:53",827900
32250,700,7600,"sd","09:26:54",835500
32250,700,2100,"bu","09:26:59",837600
32250,700,200,"bu","09:27:00",837800
32250,700,500,"bu","09:27:05",838300
32250,700,1400,"sd","09:27:10",839700
32250,700,1200,"bu","09:27:12",840900
32250,700,400,"bu","09:27:21",843600
32200.000000000004,650,600,"bu","09:27:31",844200
32250,700,500,"bu","09:27:49",844700
32250,700,1900,"sd","09:27:50",846600
32250,700,100,"bu","09:27:52",854300
32250,700,100,"bu","09:27:54",862300
32250,700,100,"sd","09:27:55",867700
32250,700,400,"sd","09:27:55",865700
32250,700,9300,"sd","09:27:57",875000
32200.000000000004,650,500,"sd","09:28:01",875600
32250,700,10000,"sd","09:28:05",885600
32250,700,200,"sd","09:28:06",885800
32250,700,8500,"bu","09:28:08",894300
32299.999999999996,750,500,"bu","09:28:10",894800
32250,700,100,"sd","09:28:15",894900
32250,700,5000,"bu","09:28:17",899900
32250,700,1000,"sd","09:28:18",900900
32250,700,100,"sd","09:28:25",901000
32299.999999999996,750,2000,"bu","09:28:32",903000
32250,700,100,"sd","09:28:40",903100
32299.999999999996,750,38300,"sd","09:28:45",941400
32250,700,5900,"sd","09:28:50",947300
32299.999999999996,750,900,"bu","09:28:52",948200
32299.999999999996,750,23000,"sd","09:28:55",971200
32250,700,1500,"sd","09:28:56",972700
32250,700,1000,"sd","09:28:59",973700
32250,700,7300,"bu","09:29:00",981000
32250,700,500,"sd","09:29:07",981500
32200.000000000004,650,1500,"bu","09:29:12",983000
32250,700,1000,"bu","09:29:12",984000
32250,700,1000,"sd","09:29:29",985000
32250,700,200,"bu","09:29:39",985200
32200.000000000004,650,20000,"bu","09:29:49",1005200
32250,700,200,"sd","09:29:50",1005400
32200.000000000004,650,500,"bu","09:29:56",1005900
32200.000000000004,650,100,"sd","09:29:56",1006000
32200.000000000004,650,3200,"bu","09:30:02",1009200
32200.000000000004,650,6800,"sd","09:30:03",1016000
32200.000000000004,650,5000,"sd","09:30:04",1021000
32200.000000000004,650,200,"bu","09:30:05",1021200
32200.000000000004,650,500,"bu","09:30:08",1021700
32200.000000000004,650,1100,"sd","09:30:09",1022800
32200.000000000004,650,500,"sd","09:30:27",1023300
32200.000000000004,650,100,"sd","09:30:28",1023400
32200.000000000004,650,5000,"sd","09:30:35",1028400
32200.000000000004,650,1000,"sd","09:30:37",1029400
32200.000000000004,650,500,"bu","09:30:42",1029900
32200.000000000004,650,600,"bu","09:31:10",1030500
32200.000000000004,650,4000,"sd","09:31:11",1034500
32200.000000000004,650,300,"bu","09:31:12",1034800
32200.000000000004,650,2000,"sd","09:31:15",1036800
32200.000000000004,650,21000,"sd","09:31:17",1057800
32200.000000000004,650,31000,"sd","09:31:31",1088800
32200.000000000004,650,1000,"sd","09:31:35",1089800
32200.000000000004,650,4000,"bu","09:31:46",1093800
32200.000000000004,650,1000,"bu","09:31:57",1094800
32200.000000000004,650,200,"sd","09:31:59",1095000
32200.000000000004,650,2200,"bu","09:32:11",1097200
32200.000000000004,650,32700,"bu","09:32:13",1129900
32200.000000000004,650,1000,"sd","09:32:16",1130900
32200.000000000004,650,500,"bu","09:32:21",1131400
32250,700,400,"bu","09:32:23",1131800
32200.000000000004,650,1000,"bu","09:32:27",1132800
32200.000000000004,650,29000,"bu","09:32:31",1161800
32200.000000000004,650,10000,"bu","09:32:33",1171800
32200.000000000004,650,50000,"sd","09:32:36",1221800
32200.000000000004,650,2500,"bu","09:32:36",1224300
32200.000000000004,650,2000,"bu","09:32:37",1226300
32200.000000000004,650,300,"bu","09:32:40",1226600
32200.000000000004,650,1000,"bu","09:32:41",1227600
32200.000000000004,650,1100,"bu","09:32:42",1228700
32200.000000000004,650,1000,"bu","09:32:44",1229700
32250,700,4100,"bu","09:32:45",1233800
32200.000000000004,650,5000,"sd","09:32:47",1238800
32200.000000000004,650,1000,"sd","09:32:48",1239800
32200.000000000004,650,100,"sd","09:32:51",1239900
32200.000000000004,650,500,"sd","09:32:53",1240400
32200.000000000004,650,4500,"sd","09:32:57",1244900
32200.000000000004,650,300,"bu","09:33:00",1245200
32200.000000000004,650,500,"bu","09:33:02",1245700
32200.000000000004,650,38100,"bu","09:33:14",1283800
32200.000000000004,650,1500,"bu","09:33:17",1285300
32200.000000000004,650,1000,"sd","09:33:19",1286300
32200.000000000004,650,11100,"bu","09:33:31",1297400
32200.000000000004,650,14500,"sd","09:33:37",1311900
32200.000000000004,650,7000,"bu","09:33:38",1321200
32200.000000000004,650,2000,"sd","09:33:39",1323200
32200.000000000004,650,1100,"bu","09:33:42",1324300
32200.000000000004,650,10000,"bu","09:33:44",1334300
32200.000000000004,650,1000,"bu","09:33:46",1335300
32200.000000000004,650,900,"sd","09:33:47",1336200
32200.000000000004,650,1000,"bu","09:33:54",1337200
32200.000000000004,650,100,"bu","09:33:57",1337300
32200.000000000004,650,800,"bu","09:33:59",1338100
32200.000000000004,650,1000,"bu","09:34:00",1339100
32200.000000000004,650,2800,"bu","09:34:03",1341900
32200.000000000004,650,100,"bu","09:34:22",1342000
32200.000000000004,650,5000,"bu","09:34:36",1347000
32150,600,500,"bu","09:34:39",1347500
32200.000000000004,650,1000,"sd","09:34:53",1348500
32150,600,500,"sd","09:35:15",1349000
32200.000000000004,650,800,"sd","09:35:29",1349800
32200.000000000004,650,4200,"sd","09:35:30",1354000
32200.000000000004,650,400,"bu","09:35:31",1357600
32200.000000000004,650,100,"sd","09:35:32",1359800
32200.000000000004,650,4200,"sd","09:35:33",1364000
32200.000000000004,650,1500,"bu","09:35:33",1365500
32200.000000000004,650,3700,"bu","09:35:34",1369200
32200.000000000004,650,3000,"sd","09:35:34",1372200
32200.000000000004,650,300,"sd","09:35:37",1384000
32200.000000000004,650,100,"bu","09:35:37",1383300
32200.000000000004,650,6400,"sd","09:35:38",1389700
32200.000000000004,650,200,"bu","09:35:39",1389900
32200.000000000004,650,2000,"bu","09:35:44",1391900
32200.000000000004,650,1600,"sd","09:35:47",1393500
32200.000000000004,650,500,"bu","09:35:50",1394000
32200.000000000004,650,5000,"sd","09:35:50",1399000
32200.000000000004,650,2000,"sd","09:35:54",1401000
32200.000000000004,650,600,"bu","09:35:56",1401600
32200.000000000004,650,300,"sd","09:36:00",1401900
32200.000000000004,650,200,"sd","09:36:06",1402100
32200.000000000004,650,2200,"sd","09:36:07",1404300
32200.000000000004,650,100,"bu","09:36:09",1404400
32200.000000000004,650,300,"bu","09:36:10",1404700
32200.000000000004,650,1000,"bu","09:36:11",1405700
32200.000000000004,650,300,"bu","09:36:18",1406000
32200.000000000004,650,2400,"bu","09:36:35",1408400
32200.000000000004,650,1200,"bu","09:36:43",1409600
32200.000000000004,650,1500,"bu","09:36:54",1411100
32150,600,6000,"sd","09:37:13",1417100
32150,600,2500,"sd","09:37:27",1419600
32150,600,1000,"sd","09:37:42",1420600
32150,600,3200,"sd","09:37:55",1423800
32150,600,1000,"bu","09:37:59",1424800
32150,600,500,"sd","09:38:16",1425300
32200.000000000004,650,700,"sd","09:38:19",1426000
32150,600,6300,"sd","09:38:25",1432300
32150,600,1000,"sd","09:38:37",1433300
32150,600,200,"bu","09:38:51",1433500
32150,600,700,"sd","09:38:52",1434200
32200.000000000004,650,1200,"bu","09:38:55",1435400
32200.000000000004,650,5000,"sd","09:39:27",1440400
32200.000000000004,650,100,"bu","09:39:44",1440500
32150,600,4000,"sd","09:39:54",1444500
32200.000000000004,650,30000,"bu","09:39:57",1474500
32150,600,100,"sd","09:40:00",1474600
32150,600,200,"sd","09:40:08",1474800
32200.000000000004,650,10000,"sd","09:40:09",1484800
32200.000000000004,650,300,"sd","09:40:15",1485100
32200.000000000004,650,500,"bu","09:40:17",1485600
32200.000000000004,650,700,"sd","09:40:36",1486300
32150,600,1000,"sd","09:40:41",1487300
32150,600,100,"sd","09:40:47",1487400
32150,600,300,"sd","09:40:54",1487700
32150,600,2800,"bu","09:40:58",1490500
32200.000000000004,650,3500,"sd","09:41:00",1494000
32150,600,1000,"sd","09:41:11",1495000
32200.000000000004,650,3000,"sd","09:41:16",1498000
32200.000000000004,650,500,"sd","09:41:25",1498500
32150,600,1000,"sd","09:41:29",1499500
32150,600,500,"bu","09:41:41",1500000
32200.000000000004,650,600,"bu","09:41:43",1500600
32200.000000000004,650,1000,"sd","09:41:53",1501600
32150,600,500,"sd","09:41:55",1502100
32200.000000000004,650,3000,"sd","09:41:59",1505100
32200.000000000004,650,200,"sd","09:42:01",1513900
32200.000000000004,650,8600,"sd","09:42:02",1522500
32200.000000000004,650,400,"sd","09:42:03",1528200
32200.000000000004,650,4700,"sd","09:42:04",1532900
32200.000000000004,650,8500,"sd","09:42:05",1541400
32200.000000000004,650,200,"sd","09:42:06",1551000
32250,700,100,"bu","09:42:07",1614700
32250,700,900,"bu","09:42:07",1615600
32250,700,5800,"sd","09:42:08",1621400
32250,700,1800,"sd","09:42:09",1642600
32200.000000000004,650,1000,"sd","09:42:10",1643600
32250,700,300,"bu","09:42:16",1643900
32250,700,1300,"bu","09:42:19",1645200
32250,700,500,"sd","09:42:23",1645700
32250,700,700,"sd","09:42:30",1646400
32250,700,5000,"sd","09:42:39",1651400
32250,700,500,"bu","09:42:52",1651900
32200.000000000004,650,31200,"bu","09:42:56",1683100
32200.000000000004,650,200,"sd","09:43:14",1683300
32200.000000000004,650,500,"bu","09:43:15",1683800
32200.000000000004,650,2000,"sd","09:43:16",1685800
32200.000000000004,650,37100,"sd","09:43:47",1722900
32200.000000000004,650,1000,"bu","09:43:50",1723900
32200.000000000004,650,10000,"bu","09:43:55",1733900
32200.000000000004,650,1600,"bu","09:43:57",1735500
32200.000000000004,650,100,"bu","09:43:58",1735600
32150,600,6000,"bu","09:44:44",1741600
32150,600,500,"bu","09:45:06",1742100
32150,600,2000,"sd","09:45:08",1744100
32200.000000000004,650,52600,"sd","09:45:13",1796700
32200.000000000004,650,700,"sd","09:45:36",1797400
32200.000000000004,650,700,"sd","09:45:40",1798100
32250,700,400,"sd","09:45:50",1798500
32200.000000000004,650,100,"bu","09:45:51",1798600
32250,700,800,"bu","09:45:54",1799400
32250,700,100,"sd","09:45:58",1799500
32250,700,1500,"bu","09:46:02",1801000
32250,700,5000,"sd","09:46:07",1806000
32250,700,600,"sd","09:46:09",1806600
32200.000000000004,650,1000,"sd","09:46:22",1807600
32250,700,6000,"sd","09:46:31",1813600
32250,700,800,"sd","09:46:32",1814400
32250,700,50000,"bu","09:46:33",1864400
32250,700,10000,"bu","09:46:35",1874400
32250,700,200,"bu","09:46:37",1874600
32250,700,5000,"sd","09:46:46",1879600
32250,700,6000,"bu","09:46:49",1885600
32250,700,500,"sd","09:46:58",1886100
32250,700,1000,"sd","09:46:59",1887100
32299.999999999996,750,2000,"sd","09:47:11",1889100
32250,700,7200,"sd","09:47:14",1896300
32250,700,600,"sd","09:47:15",1896900
32200.000000000004,650,100,"bu","09:47:18",1897000
32250,700,3200,"sd","09:47:20",1900200
32250,700,5500,"bu","09:47:48",1905700
32250,700,600,"bu","09:47:49",1906300
32250,700,200,"sd","09:47:58",1906500
32299.999999999996,750,200,"sd","09:47:59",1906700
32250,700,2000,"bu","09:48:04",1908700
32250,700,3000,"bu","09:48:05",1911700
32250,700,5000,"sd","09:48:11",1916700
32250,700,100,"bu","09:48:13",1916800
32250,700,200,"sd","09:48:14",1917000
32250,700,6800,"bu","09:48:18",1923800
32250,700,2000,"bu","09:48:26",1941800
32250,700,1000,"bu","09:48:30",1942800
32250,700,500,"bu","09:48:35",1943300
32250,700,5000,"sd","09:48:39",1948300
32250,700,700,"sd","09:48:40",1949000
32250,700,30000,"sd","09:48:45",1979000
32250,700,100,"sd","09:48:46",1979100
32250,700,800,"sd","09:48:51",1979900
32250,700,500,"bu","09:48:55",1980400
32250,700,100,"bu","09:49:00",1980500
32250,700,5100,"sd","09:49:08",1985600
32299.999999999996,750,120700,"sd","09:49:23",2106300
32299.999999999996,750,33800,"sd","09:49:24",2140100
32299.999999999996,750,2000,"bu","09:49:27",2142100
32299.999999999996,750,500,"bu","09:49:29",2142600
32299.999999999996,750,11200,"sd","09:49:34",2153800
32299.999999999996,750,300,"bu","09:49:36",2154100
32299.999999999996,750,2500,"sd","09:49:41",2156600
32299.999999999996,750,2600,"bu","09:49:48",2159200
32299.999999999996,750,1000,"sd","09:49:53",2160200
32299.999999999996,750,300,"bu","09:49:59",2160500
32299.999999999996,750,8100,"bu","09:50:01",2168600
32299.999999999996,750,3000,"bu","09:50:13",2171600
32299.999999999996,750,800,"bu","09:50:16",2172400
32250,700,100,"sd","09:50:17",2172500
32299.999999999996,750,5000,"sd","09:50:19",2177500
32299.999999999996,750,1500,"bu","09:50:28",2179000
32299.999999999996,750,100,"bu","09:50:34",2179100
32250,700,5000,"sd","09:50:38",2184100
32299.999999999996,750,400,"sd","09:50:40",2184500
32250,700,3300,"sd","09:50:45",2187800
32299.999999999996,750,35000,"sd","09:50:53",2222800
32250,700,5600,"sd","09:50:59",2228400
32299.999999999996,750,1000,"bu","09:51:02",2229400
32299.999999999996,750,6100,"bu","09:51:03",2235500
32250,700,1100,"sd","09:51:04",2236600
32250,700,300,"bu","09:51:07",2236900
32299.999999999996,750,5000,"bu","09:51:08",2241900
32299.999999999996,750,2000,"sd","09:51:10",2243900
32299.999999999996,750,100,"sd","09:51:15",2244000
32299.999999999996,750,3100,"sd","09:51:35",2247100
32299.999999999996,750,900,"sd","09:51:40",2248000
32250,700,500,"bu","09:51:46",2248500
32299.999999999996,750,2000,"bu","09:51:55",2250500
32299.999999999996,750,200,"sd","09:51:59",2250700
32299.999999999996,750,30000,"sd","09:52:03",2280700
32250,700,300,"sd","09:52:07",2281000
32299.999999999996,750,1000,"bu","09:52:09",2282000
32299.999999999996,750,200,"sd","09:52:14",2282200
32250,700,100,"sd","09:52:16",2282300
32250,700,25000,"bu","09:52:21",2307300
32250,700,100,"bu","09:52:36",2307400
32250,700,300,"bu","09:52:38",2307700
32250,700,50000,"bu","09:52:48",2357700
32250,700,1000,"sd","09:52:54",2358700
32250,700,10000,"sd","09:52:56",2368700
32250,700,400,"bu","09:53:08",2369100
32250,700,1000,"sd","09:53:11",2370100
32250,700,100,"sd","09:53:18",2370200
32250,700,1000,"bu","09:53:34",2371200
32250,700,1500,"bu","09:53:36",2372700
32250,700,300,"sd","09:53:37",2373000
32250,700,1000,"sd","09:53:43",2374000
32299.999999999996,750,11800,"sd","09:53:44",2385800
32299.999999999996,750,18000,"bu","09:53:45",2403800
32250,700,200,"sd","09:53:45",2404000
32250,700,1000,"sd","09:53:46",2405000
32250,700,4000,"bu","09:53:49",2409000
32250,700,20000,"bu","09:53:50",2429000
32250,700,3000,"sd","09:53:51",2432000
32250,700,6500,"bu","09:53:59",2438500
32299.999999999996,750,400,"bu","09:54:00",2438900
32299.999999999996,750,900,"bu","09:54:00",2439800
32299.999999999996,750,2000,"bu","09:54:01",2441800
32299.999999999996,750,11300,"bu","09:54:05",2453100
32299.999999999996,750,1500,"sd","09:54:06",2454600
32299.999999999996,750,7000,"sd","09:54:08",2461600
32299.999999999996,750,2900,"bu","09:54:09",2464500
32250,700,4800,"bu","09:54:14",2469300
32250,700,1000,"bu","09:54:21",2470300
32200.000000000004,650,100,"bu","09:54:23",2470400
32250,700,500,"bu","09:54:30",2470900
32200.000000000004,650,700,"bu","09:54:31",2471600
32200.000000000004,650,300,"sd","09:54:38",2471900
32250,700,5000,"bu","09:54:41",2476900
32250,700,15700,"sd","09:54:50",2492600
32200.000000000004,650,195200,"sd","09:54:51",2687800
32200.000000000004,650,300,"sd","09:54:58",2688100
32250,700,1000,"bu","09:55:06",2689100
32200.000000000004,650,300,"bu","09:55:08",2689400
32250,700,1500,"bu","09:55:16",2690900
32200.000000000004,650,20000,"bu","09:55:21",2710900
32200.000000000004,650,300,"bu","09:55:37",2711200
32250,700,70500,"bu","09:55:46",2781700
32250,700,5000,"bu","09:55:49",2786700
32250,700,100,"bu","09:55:53",2786800
32250,700,300,"sd","09:56:02",2787100
32250,700,100,"bu","09:56:05",2787200
32250,700,300,"sd","09:56:08",2787500
32250,700,25000,"sd","09:56:10",2812500
32250,700,700,"sd","09:56:21",2813200
32250,700,1000,"sd","09:56:30",2814200
32299.999999999996,750,3000,"sd","09:56:31",2817200
32250,700,300,"bu","09:56:38",2817500
32299.999999999996,750,500,"bu","09:56:49",2818000
32250,700,1000,"sd","09:56:57",2819000
32250,700,100,"sd","09:56:58",2819100
32250,700,300,"bu","09:57:08",2819400
32250,700,600,"bu","09:57:14",2820000
32250,700,100,"bu","09:57:20",2820100
32250,700,10000,"bu","09:57:25",2830100
32250,700,300,"sd","09:57:38",2830400
32299.999999999996,750,500,"bu","09:57:40",2830900
32250,700,11300,"sd","09:57:43",2842200
32250,700,3800,"bu","09:57:47",2846000
32299.999999999996,750,98000,"sd","09:57:58",2944000
32250,700,1500,"sd","09:58:08",2945500
32250,700,300,"sd","09:58:08",2945800
32250,700,5000,"sd","09:58:23",2950800
32299.999999999996,750,1000,"sd","09:58:32",2951800
32250,700,10000,"sd","09:58:33",2961800
32250,700,300,"bu","09:58:39",2962100
32250,700,4000,"bu","09:58:45",2966100
32250,700,700,"bu","09:58:47",2966800
32250,700,1000,"sd","09:58:49",2967800
32250,700,300,"sd","09:58:59",2968100
32250,700,50000,"bu","09:59:02",3018100
32250,700,300,"bu","09:59:08",3018400
32250,700,500,"bu","09:59:13",3018900
32250,700,600,"sd","09:59:17",3019500
32250,700,10000,"bu","09:59:21",3029500
32250,700,5000,"bu","09:59:22",3034500
32250,700,200,"bu","09:59:24",3034700
32250,700,2500,"sd","09:59:29",3037200
32250,700,100,"sd","09:59:29",3037300
32250,700,1000,"bu","09:59:30",3038300
32250,700,300,"sd","09:59:38",3038600
32250,700,6000,"bu","09:59:39",3044600
32250,700,2200,"bu","09:59:42",3046800
32200.000000000004,650,1300,"bu","10:00:08",3048100
32200.000000000004,650,3000,"bu","10:00:21",3051100
32250,700,1000,"sd","10:00:24",3052100
32250,700,500,"sd","10:00:26",3052600
32200.000000000004,650,1300,"bu","10:00:39",3053900
32250,700,5700,"bu","10:00:41",3059600
32250,700,2500,"bu","10:00:45",3062100
32250,700,1800,"sd","10:00:46",3063900
32200.000000000004,650,1000,"bu","10:00:48",3064900
32250,700,500,"bu","10:00:54",3065400
32200.000000000004,650,300,"sd","10:01:09",3065700
32250,700,2000,"sd","10:01:15",3067700
32250,700,5000,"sd","10:01:26",3072700
32250,700,5000,"bu","10:01:35",3077700
32200.000000000004,650,300,"bu","10:01:39",3078000
32200.000000000004,650,1000,"sd","10:01:54",3079000
32200.000000000004,650,2000,"bu","10:01:58",3081000
32200.000000000004,650,300,"sd","10:02:09",3081300
32200.000000000004,650,1000,"sd","10:02:12",3082300
32200.000000000004,650,100,"sd","10:02:23",3082400
32200.000000000004,650,300,"sd","10:02:39",3082700
32250,700,4500,"bu","10:02:41",3087200
32200.000000000004,650,1000,"bu","10:02:51",3088200
32250,700,3000,"sd","10:02:57",3091200
32200.000000000004,650,500,"sd","10:02:59",3091700
32250,700,900,"bu","10:03:03",3092600
32200.000000000004,650,3100,"sd","10:03:05",3095700
32250,700,7000,"bu","10:03:08",3102700
32200.000000000004,650,300,"sd","10:03:08",3103000
32250,700,14400,"bu","10:03:21",3117400
32250,700,1000,"sd","10:03:28",3118400
32250,700,200,"bu","10:03:30",3118600
32250,700,3000,"sd","10:03:34",3121600
32200.000000000004,650,10000,"sd","10:03:36",3131600
32200.000000000004,650,300,"bu","10:03:39",3131900
32250,700,900,"bu","10:03:43",3132800
32250,700,200,"bu","10:03:44",3133700
32200.000000000004,650,500,"bu","10:03:50",3134200
32200.000000000004,650,52300,"bu","10:04:12",3186500
32200.000000000004,650,3000,"bu","10:04:27",3189500
32200.000000000004,650,500,"bu","10:04:34",3190000
32200.000000000004,650,1000,"bu","10:04:39",3191000
32200.000000000004,650,4300,"bu","10:05:01",3195300
32200.000000000004,650,300,"sd","10:05:10",3195600
32250,700,2000,"sd","10:05:12",3197600
32200.000000000004,650,100,"bu","10:05:18",3197700
32200.000000000004,650,300,"sd","10:05:39",3198000
32250,700,2000,"sd","10:05:50",3200000
32200.000000000004,650,500,"sd","10:05:53",3200500
32200.000000000004,650,1100,"sd","10:06:03",3201600
32200.000000000004,650,300,"sd","10:06:10",3201900
32250,700,1000,"sd","10:06:19",3202900
32250,700,1200,"sd","10:06:31",3204100
32200.000000000004,650,300,"bu","10:06:40",3204400
32200.000000000004,650,100,"sd","10:07:09",3204500
32200.000000000004,650,30400,"bu","10:07:09",3234900
32200.000000000004,650,200,"sd","10:07:19",3235100
32200.000000000004,650,600,"sd","10:07:40",3235700
32200.000000000004,650,3000,"bu","10:07:45",3238700
32200.000000000004,650,3400,"bu","10:07:49",3242100
32200.000000000004,650,1000,"sd","10:08:01",3243100
32200.000000000004,650,600,"sd","10:08:04",3243700
32200.000000000004,650,30000,"sd","10:08:08",3273700
32200.000000000004,650,61600,"bu","10:08:09",3335300
32200.000000000004,650,2000,"sd","10:08:10",3337300
32250,700,200,"sd","10:08:16",3337500
32200.000000000004,650,400,"sd","10:08:40",3337900
32200.000000000004,650,10000,"sd","10:08:59",3347900
32200.000000000004,650,2300,"sd","10:09:04",3350200
32200.000000000004,650,400,"bu","10:09:10",3350600
32200.000000000004,650,10000,"sd","10:09:13",3360600
32200.000000000004,650,4000,"sd","10:09:22",3364600
32200.000000000004,650,100,"sd","10:09:30",3364700
32200.000000000004,650,700,"sd","10:09:31",3365400
32200.000000000004,650,14100,"sd","10:09:32",3379500
32200.000000000004,650,5900,"bu","10:09:33",3385400
32250,700,7000,"bu","10:09:34",3392400
32200.000000000004,650,4500,"sd","10:09:39",3396900
32200.000000000004,650,2000,"sd","10:09:40",3398900
32200.000000000004,650,1000,"bu","10:09:42",3399900
32200.000000000004,650,2500,"bu","10:09:53",3402400
32200.000000000004,650,8000,"sd","10:10:00",3410400
32200.000000000004,650,10400,"sd","10:10:06",3420800
32200.000000000004,650,400,"sd","10:10:10",3421200
32200.000000000004,650,41000,"bu","10:10:14",3462200
32200.000000000004,650,5000,"sd","10:10:15",3467200
32200.000000000004,650,23000,"bu","10:10:16",3490200
32200.000000000004,650,1000,"bu","10:10:26",3491200
32200.000000000004,650,50400,"bu","10:10:27",3541600
32200.000000000004,650,1000,"bu","10:10:33",3542600
32200.000000000004,650,3000,"bu","10:10:34",3545600
32200.000000000004,650,600,"sd","10:10:35",3546200
32200.000000000004,650,4400,"sd","10:10:37",3550600
32150,600,400,"sd","10:10:40",3551000
32200.000000000004,650,3000,"bu","10:11:00",3554000
32150,600,400,"bu","10:11:10",3554400
32150,600,2000,"bu","10:11:51",3556400
32150,600,300,"bu","10:11:52",3556700
32150,600,200,"bu","10:12:22",3556900
32150,600,2000,"bu","10:12:32",3558900
32150,600,300,"bu","10:12:46",3559200
32150,600,1000,"sd","10:12:56",3560200
32150,600,2000,"sd","10:12:57",3562200
32150,600,100,"bu","10:13:16",3562300
32150,600,2000,"sd","10:13:25",3564300
32150,600,26300,"sd","10:13:29",3590600
32150,600,200,"sd","10:13:38",3590800
32150,600,1100,"sd","10:13:50",3591900
32150,600,1600,"sd","10:14:13",3593500
32150,600,5500,"sd","10:14:36",3599000
32150,600,300,"bu","10:14:44",3599300
32200.000000000004,650,200,"sd","10:14:45",3599500
32200.000000000004,650,100000,"sd","10:15:19",3699500
32200.000000000004,650,10400,"sd","10:15:44",3709900
32200.000000000004,650,300,"sd","10:15:54",3710200
32200.000000000004,650,10000,"sd","10:15:57",3720200
32200.000000000004,650,100,"sd","10:16:01",3720300
32200.000000000004,650,5000,"bu","10:16:04",3725300
32200.000000000004,650,2100,"bu","10:16:05",3727400
32200.000000000004,650,7900,"sd","10:16:11",3735300
32250,700,10000,"bu","10:16:12",3745300
32200.000000000004,650,2200,"bu","10:16:57",3747500
32250,700,10000,"bu","10:17:02",3757500
32250,700,10000,"sd","10:17:09",3767500
32200.000000000004,650,2000,"bu","10:17:17",3769500
32250,700,10000,"sd","10:17:22",3779500
32200.000000000004,650,6800,"sd","10:17:26",3786300
32250,700,50000,"sd","10:17:29",3836300
32250,700,10000,"bu","10:17:32",3846300
32250,700,1000,"bu","10:17:34",3847300
32250,700,200,"bu","10:17:38",3847500
32250,700,10000,"bu","10:17:41",3857500
32250,700,100,"bu","10:17:43",3857600
32250,700,1000,"bu","10:17:45",3858600
32200.000000000004,650,100,"bu","10:17:48",3858700
32200.000000000004,650,500,"sd","10:17:53",3859200
32200.000000000004,650,100,"bu","10:18:23",3859300
32250,700,200,"sd","10:18:25",3859500
32200.000000000004,650,5000,"bu","10:18:30",3864500
32250,700,5000,"sd","10:18:31",3869500
32250,700,500,"sd","10:18:42",3870000
32250,700,4000,"sd","10:18:58",3874000
32200.000000000004,650,5000,"sd","10:18:59",3879000
32250,700,500,"bu","10:19:04",3879500
32250,700,8900,"bu","10:19:33",3888400
32250,700,2100,"bu","10:19:38",3890500
32250,700,500,"sd","10:19:56",3891000
32250,700,16300,"sd","10:20:06",3907300
32250,700,15100,"sd","10:20:27",3922400
32250,700,1000,"bu","10:20:31",3923400
32250,700,9500,"bu","10:20:35",3932900
32250,700,2200,"sd","10:20:36",3935100
32250,700,1000,"bu","10:20:56",3936100
32250,700,400,"bu","10:21:06",3936500
32250,700,1000,"sd","10:21:07",3937500
32250,700,2500,"sd","10:21:12",3940000
32250,700,500,"bu","10:21:30",3940500
32250,700,600,"bu","10:21:38",3941100
32250,700,400,"sd","10:21:45",3941500
32250,700,500,"bu","10:23:10",3942000
32250,700,1000,"bu","10:23:14",3943000
32299.999999999996,750,500,"sd","10:23:23",3943500
32250,700,600,"sd","10:23:30",3944100
32250,700,700,"bu","10:23:33",3944800
32299.999999999996,750,3200,"sd","10:23:38",3948000
32299.999999999996,750,2500,"bu","10:23:46",3950500
32250,700,5000,"bu","10:23:47",3955500
32250,700,8000,"bu","10:24:04",3963500
32250,700,100,"bu","10:24:09",3963600
32250,700,300,"sd","10:24:12",3963900
32250,700,100,"bu","10:24:18",3964000
32250,700,3000,"sd","10:24:27",3967000
32250,700,2000,"bu","10:24:39",3969000
32250,700,100,"sd","10:24:45",3969100
32250,700,1000,"bu","10:24:51",3970100
32250,700,200,"sd","10:24:56",3970300
32250,700,100,"bu","10:24:57",3970400
32200.000000000004,650,2600,"bu","10:25:15",3973000
32250,700,1200,"bu","10:25:36",3974200
32250,700,20500,"bu","10:26:23",3994700
32250,700,100,"bu","10:26:30",3994800
32250,700,200,"bu","10:26:44",3995000
32299.999999999996,750,10000,"sd","10:26:58",4005000
32299.999999999996,750,500,"bu","10:27:10",4005500
32250,700,2000,"bu","10:27:27",4007500
32250,700,100,"bu","10:27:54",4007600
32250,700,500,"bu","10:28:12",4008100
32250,700,10000,"bu","10:28:16",4018100
32250,700,1000,"bu","10:28:36",4019100
32250,700,200,"bu","10:29:37",4019300
32250,700,300,"bu","10:29:38",4019600
32250,700,10000,"sd","10:30:03",4029600
32299.999999999996,750,1000,"bu","10:30:04",4030600
32250,700,100,"sd","10:30:05",4030700
32250,700,3000,"bu","10:30:36",4033700
32250,700,4500,"sd","10:30:37",4038200
32250,700,400,"bu","10:30:49",4038600
32250,700,1000,"sd","10:31:01",4039600
32299.999999999996,750,1300,"sd","10:31:07",4040900
32299.999999999996,750,5000,"bu","10:31:31",4045900
32299.999999999996,750,100000,"bu","10:31:38",4145900
32299.999999999996,750,10000,"sd","10:31:43",4155900
32299.999999999996,750,46000,"bu","10:31:51",4201900
32299.999999999996,750,1000,"sd","10:32:05",4202900
32350,800,1500,"sd","10:32:08",4204400
32350,800,98100,"sd","10:32:18",4302500
32350,800,22900,"sd","10:32:19",4325400
32350,800,3000,"sd","10:32:20",4328400
32350,800,100,"sd","10:32:23",4328500
32350,800,9300,"bu","10:32:24",4337800
32350,800,400,"bu","10:32:52",4338200
32350,800,200,"sd","10:32:54",4338400
32350,800,200,"sd","10:32:55",4338600
32350,800,1500,"bu","10:33:01",4340100
32350,800,200,"sd","10:33:03",4340300
32350,800,1000,"bu","10:33:05",4341300
32400,850,3000,"bu","10:33:16",4344300
32350,800,1500,"bu","10:33:27",4345800
32350,800,500,"bu","10:33:35",4346300
32400,850,142200,"bu","10:33:40",4488500
32400,850,1900,"sd","10:33:43",4490400
32450.000000000004,900,20000,"sd","10:33:45",4510400
32450.000000000004,900,20000,"sd","10:33:49",4530400
32450.000000000004,900,200,"sd","10:33:58",4530600
32400,850,100,"sd","10:34:08",4530700
32400,850,500,"sd","10:34:12",4531200
32400,850,14900,"bu","10:34:21",4546100
32400,850,2000,"sd","10:34:32",4548100
32400,850,1000,"bu","10:34:33",4549100
32400,850,11000,"sd","10:34:38",4560100
32400,850,300,"sd","10:34:39",4560400
32450.000000000004,900,40000,"sd","10:34:56",4600400
32450.000000000004,900,10500,"bu","10:35:05",4610900
32450.000000000004,900,1000,"bu","10:35:08",4611900
32450.000000000004,900,1700,"bu","10:35:09",4613600
32400,850,10000,"bu","10:35:27",4623600
32450.000000000004,900,500,"sd","10:35:29",4624100
32450.000000000004,900,900,"bu","10:36:02",4625000
32450.000000000004,900,14100,"sd","10:36:08",4639100
32400,850,20000,"bu","10:36:21",4659100
32400,850,2500,"sd","10:36:27",4661600
32400,850,22400,"sd","10:36:44",4684000
32400,850,2000,"sd","10:36:48",4686000
32350,800,1000,"bu","10:37:06",4687000
32350,800,1100,"bu","10:37:20",4688100
32350,800,1000,"bu","10:37:21",4689100
32350,800,3000,"sd","10:37:25",4692100
32350,800,100,"sd","10:37:32",4692200
32350,800,200,"sd","10:37:45",4692400
32350,800,700,"bu","10:37:50",4693100
32350,800,300,"sd","10:38:08",4693400
32350,800,100,"bu","10:38:13",4693500
32400,850,1900,"sd","10:38:19",4695400
32400,850,4700,"bu","10:38:20",4700100
32400,850,6400,"bu","10:38:21",4706500
32400,850,5800,"bu","10:38:23",4712300
32350,800,30500,"sd","10:38:24",4742800
32400,850,7500,"bu","10:38:25",4750300
32400,850,4600,"sd","10:38:26",4754900
32400,850,13800,"bu","10:38:29",4768700
32400,850,11100,"sd","10:38:30",4779800
32400,850,5400,"sd","10:38:31",4785200
32400,850,2000,"sd","10:38:35",4787200
32400,850,4000,"bu","10:38:41",4791200
32400,850,1000,"bu","10:38:45",4792200
32400,850,100,"sd","10:38:50",4792300
32400,850,20100,"sd","10:38:52",4812400
32400,850,4600,"bu","10:38:55",4817000
32299.999999999996,750,6300,"bu","10:38:56",4823300
32400,850,1000,"sd","10:38:58",4824300
32350,800,3100,"sd","10:39:11",4827400
32350,800,1000,"sd","10:39:12",4828400
32350,800,500,"sd","10:39:16",4828900
32350,800,1400,"bu","10:39:24",4830300
32400,850,1000,"bu","10:39:27",4831300
32350,800,100,"sd","10:39:29",4831400
32350,800,1400,"sd","10:39:34",4832800
32350,800,2000,"bu","10:39:44",4834800
32350,800,100,"bu","10:40:20",4834900
32350,800,1000,"sd","10:40:31",4835900
32350,800,9000,"bu","10:40:38",4844900
32350,800,1000,"sd","10:40:41",4845900
32350,800,2000,"sd","10:40:45",4847900
32400,850,800,"bu","10:40:55",4848700
32400,850,18800,"bu","10:41:06",4867500
32400,850,1000,"sd","10:41:10",4868500
32450.000000000004,900,5000,"sd","10:41:18",4873500
32400,850,200,"sd","10:41:26",4873700
32400,850,500,"sd","10:41:29",4874200
32400,850,700,"bu","10:41:35",4874900
32400,850,300,"sd","10:41:40",4875200
32400,850,400,"bu","10:41:41",4875600
32400,850,3000,"bu","10:41:45",4878600
32400,850,1700,"sd","10:42:02",4880300
32400,850,8300,"sd","10:42:07",4888600
32400,850,30000,"bu","10:42:20",4918600
32400,850,5000,"bu","10:42:24",4923600
32400,850,6000,"sd","10:42:25",4929600
32400,850,300,"sd","10:42:26",4929900
32450.000000000004,900,40000,"sd","10:42:35",4969900
32400,850,100,"sd","10:42:40",4970000
32450.000000000004,900,7000,"bu","10:42:41",4977000
32400,850,1000,"sd","10:42:50",4978000
32400,850,200,"sd","10:42:56",4978200
32450.000000000004,900,15000,"bu","10:43:03",4993200
32400,850,22300,"sd","10:43:11",5015500
32450.000000000004,900,5100,"bu","10:43:16",5020600
32400,850,300,"sd","10:43:19",5020900
32400,850,1200,"bu","10:43:38",5022100
32450.000000000004,900,10000,"sd","10:43:42",5032100
32450.000000000004,900,50000,"bu","10:43:45",5082100
32450.000000000004,900,200,"sd","10:43:52",5082300
32450.000000000004,900,54000,"sd","10:44:07",5136300
32450.000000000004,900,1000,"sd","10:44:23",5137300
32450.000000000004,900,1400,"bu","10:44:43",5138700
32450.000000000004,900,12200,"sd","10:44:47",5150900
32450.000000000004,900,2400,"bu","10:44:49",5153300
32450.000000000004,900,16300,"bu","10:44:53",5169600
32450.000000000004,900,2100,"bu","10:44:54",5171700
32450.000000000004,900,500,"sd","10:45:01",5172200
32450.000000000004,900,10000,"bu","10:45:02",5182200
32450.000000000004,900,2300,"sd","10:45:09",5184500
32450.000000000004,900,1200,"sd","10:45:13",5185700
32500,950,3600,"sd","10:45:15",5189300
32500,950,10000,"sd","10:45:20",5199300
32500,950,100,"bu","10:45:21",5199400
32500,950,5000,"sd","10:45:23",5204400
32500,950,21200,"sd","10:45:29",5225600
32450.000000000004,900,11000,"sd","10:45:30",5236600
32500,950,100,"sd","10:45:41",5236700
32500,950,12000,"sd","10:46:04",5248700
32450.000000000004,900,1700,"bu","10:46:23",5250400
32450.000000000004,900,500,"sd","10:46:34",5250900
32450.000000000004,900,11000,"sd","10:46:37",5261900
32450.000000000004,900,500,"bu","10:46:38",5262400
32450.000000000004,900,600,"bu","10:46:42",5263000
32450.000000000004,900,2100,"sd","10:46:48",5265100
32450.000000000004,900,500,"sd","10:46:50",5265600
32450.000000000004,900,1000,"bu","10:46:51",5266600
32450.000000000004,900,1500,"sd","10:47:06",5268100
32450.000000000004,900,300,"bu","10:47:14",5268400
32450.000000000004,900,3000,"bu","10:47:19",5271400
32450.000000000004,900,100,"sd","10:47:34",5271500
32500,950,1000,"bu","10:47:40",5272500
32500,950,5100,"bu","10:47:57",5277600
32500,950,4500,"bu","10:47:59",5282100
32500,950,96600,"sd","10:48:03",5378700
32500,950,7100,"bu","10:48:05",5385800
32500,950,54900,"bu","10:48:07",5440700
32500,950,500,"bu","10:48:08",5441200
32500,950,5000,"bu","10:48:10",5446200
32500,950,500,"bu","10:48:11",5446700
32500,950,100000,"sd","10:48:16",5546700
32500,950,51000,"bu","10:48:17",5597700
32500,950,11900,"sd","10:48:20",5609600
32500,950,14600,"bu","10:48:22",5624200
32549.999999999996,1000,21000,"sd","10:48:23",5645200
32500,950,1000,"sd","10:48:25",5646200
32549.999999999996,1000,5000,"sd","10:48:31",5651200
32549.999999999996,1000,109600,"sd","10:48:33",5760800
32549.999999999996,1000,6600,"bu","10:48:34",5767400
32549.999999999996,1000,2000,"sd","10:48:49",5769400
32549.999999999996,1000,2000,"bu","10:48:52",5771400
32549.999999999996,1000,3000,"bu","10:49:02",5774400
32549.999999999996,1000,1000,"sd","10:49:06",5775400
32600,1050,15000,"sd","10:49:08",5790400
32549.999999999996,1000,100,"bu","10:49:09",5790500
32600,1050,5000,"sd","10:49:13",5795500
32549.999999999996,1000,100,"bu","10:49:15",5795600
32600,1050,1500,"sd","10:49:20",5797100
32549.999999999996,1000,5000,"bu","10:49:21",5802100
32549.999999999996,1000,100,"sd","10:49:24",5802200
32549.999999999996,1000,200,"sd","10:49:28",5802400
32600,1050,50000,"sd","10:49:30",5852400
32600,1050,1000,"bu","10:49:31",5853400
32549.999999999996,1000,1000,"bu","10:49:33",5854400
32600,1050,3200,"sd","10:49:36",5857600
32600,1050,32500,"bu","10:49:46",5890100
32600,1050,3000,"bu","10:49:51",5893100
32600,1050,81000,"bu","10:49:53",5974100
32600,1050,100,"bu","10:49:57",5974200
32600,1050,19100,"sd","10:50:03",5993300
32600,1050,100,"bu","10:50:06",5993400
32600,1050,200,"bu","10:50:09",5993600
32600,1050,5000,"sd","10:50:14",5998600
32600,1050,2000,"sd","10:50:16",6000600
32650,1100,40200,"sd","10:50:22",6040800
32650,1100,2000,"sd","10:50:41",6042800
32600,1050,1000,"sd","10:50:57",6043800
32650,1100,1000,"bu","10:51:01",6044800
32600,1050,200,"sd","10:51:06",6045000
32650,1100,500,"bu","10:51:13",6045500
32600,1050,400,"sd","10:51:17",6045900
32650,1100,600,"bu","10:51:21",6046500
32650,1100,1100,"sd","10:51:25",6047600
32650,1100,500,"bu","10:51:26",6048100
32650,1100,20000,"bu","10:51:28",6068100
32650,1100,4100,"bu","10:51:30",6072200
32650,1100,500,"bu","10:51:32",6072700
32650,1100,1000,"bu","10:51:40",6073700
32650,1100,200,"sd","10:51:45",6073900
32650,1100,2200,"sd","10:51:55",6076100
32650,1100,2100,"sd","10:51:58",6078200
32650,1100,200,"bu","10:52:00",6078400
32650,1100,300,"sd","10:52:01",6078700
32650,1100,4200,"sd","10:52:03",6082900
32600,1050,5000,"bu","10:52:21",6087900
32650,1100,400,"sd","10:52:26",6088300
32650,1100,200,"sd","10:52:31",6088500
32650,1100,200,"sd","10:52:35",6088700
32650,1100,7300,"sd","10:52:44",6096000
32600,1050,100,"sd","10:52:45",6096100
32600,1050,5100,"bu","10:53:00",6101200
32600,1050,200,"sd","10:53:03",6101400
32600,1050,5000,"bu","10:53:07",6106400
32600,1050,17000,"sd","10:53:12",6123400
32600,1050,5000,"sd","10:53:20",6128400
32600,1050,100,"sd","10:53:23",6128500
32600,1050,1000,"bu","10:53:25",6129500
32600,1050,2800,"bu","10:53:27",6132300
32600,1050,1000,"bu","10:53:28",6133300
32600,1050,400,"bu","10:53:33",6133700
32600,1050,2000,"bu","10:53:47",6135700
32600,1050,100,"sd","10:53:53",6135800
32600,1050,7000,"sd","10:53:57",6142800
32549.999999999996,1000,200,"bu","10:54:00",6143000
32600,1050,500,"bu","10:54:03",6143500
32600,1050,10400,"sd","10:54:20",6153900
32600,1050,14100,"sd","10:54:22",6168000
32600,1050,200,"sd","10:54:29",6168200
32600,1050,5000,"sd","10:54:31",6173200
32600,1050,46000,"sd","10:54:33",6219200
32600,1050,3000,"sd","10:54:35",6222200
32549.999999999996,1000,500,"bu","10:54:36",6222700
32600,1050,3000,"bu","10:54:40",6225700
32600,1050,2100,"bu","10:54:41",6227800
32549.999999999996,1000,100,"sd","10:54:43",6227900
32600,1050,5000,"sd","10:54:50",6232900
32600,1050,500,"bu","10:54:52",6233400
32549.999999999996,1000,400,"sd","10:54:53",6233800
32600,1050,5000,"bu","10:55:01",6238800
32600,1050,16800,"sd","10:55:10",6255600
32600,1050,400,"bu","10:55:19",6256000
32600,1050,200,"bu","10:55:23",6256200
32600,1050,16100,"bu","10:55:33",6272300
32600,1050,100,"bu","10:55:34",6272400
32600,1050,1300,"sd","10:55:40",6273700
32600,1050,9900,"sd","10:55:41",6283600
32600,1050,10000,"sd","10:56:05",6293600
32549.999999999996,1000,200,"sd","10:56:16",6293800
32549.999999999996,1000,1000,"bu","10:56:17",6294800
32600,1050,2000,"sd","10:56:24",6296800
32600,1050,500,"bu","10:56:26",6297300
32549.999999999996,1000,1000,"bu","10:56:27",6298300
32600,1050,5000,"bu","10:56:33",6303300
32600,1050,21000,"bu","10:56:42",6324300
32600,1050,30300,"sd","10:56:55",6354600
32600,1050,33600,"sd","10:57:05",6388200
32600,1050,100,"bu","10:57:06",6388300
32600,1050,3000,"bu","10:57:12",6391300
32600,1050,1500,"sd","10:57:18",6392800
32600,1050,900,"bu","10:57:22",6393700
32600,1050,20000,"bu","10:57:24",6413700
32600,1050,2000,"sd","10:57:26",6415700
32600,1050,100,"sd","10:57:31",6415800
32600,1050,5000,"sd","10:57:42",6420800
32600,1050,500,"sd","10:57:49",6421300
32600,1050,300,"bu","10:57:55",6421600
32600,1050,1900,"bu","10:58:02",6423500
32650,1100,15000,"sd","10:58:04",6438500
32650,1100,5000,"bu","10:58:12",6443500
32600,1050,600,"bu","10:58:22",6444100
32600,1050,300,"sd","10:58:26",6444400
32600,1050,3000,"sd","10:58:27",6447400
32600,1050,5000,"sd","10:58:31",6452400
32600,1050,4000,"bu","10:58:33",6456400
32600,1050,100,"bu","10:58:47",6456500
32600,1050,21200,"sd","10:58:49",6477700
32549.999999999996,1000,15000,"sd","10:59:02",6492700
32600,1050,500,"bu","10:59:22",6493200
32600,1050,3000,"bu","10:59:26",6496200
32600,1050,100,"sd","10:59:28",6496300
32600,1050,4000,"sd","10:59:30",6500300
32600,1050,2000,"sd","10:59:39",6502300
32549.999999999996,1000,10000,"sd","10:59:47",6512300
32600,1050,6000,"bu","10:59:49",6518300
32600,1050,10000,"sd","10:59:55",6528300
32600,1050,6000,"sd","11:00:02",6534300
32600,1050,10000,"sd","11:00:03",6544300
32600,1050,11000,"sd","11:00:21",6555300
32600,1050,100,"bu","11:00:28",6555400
32600,1050,2000,"sd","11:00:29",6557400
32549.999999999996,1000,300,"bu","11:00:41",6557700
32600,1050,500,"bu","11:00:47",6558200
32600,1050,500,"sd","11:01:08",6558700
32600,1050,3700,"bu","11:01:12",6562400
32600,1050,200,"sd","11:01:16",6562600
32600,1050,34900,"sd","11:01:27",6597500
32600,1050,600,"bu","11:01:32",6598100
32600,1050,1000,"sd","11:01:52",6599100
32600,1050,2000,"bu","11:02:14",6601100
32600,1050,1400,"bu","11:02:17",6602500
32600,1050,100,"bu","11:02:24",6602600
32600,1050,3000,"bu","11:02:29",6605600
32600,1050,500,"sd","11:02:35",6606100
32600,1050,200,"bu","11:02:43",6606300
32600,1050,3000,"sd","11:02:45",6609300
32600,1050,200,"bu","11:02:46",6609500
32600,1050,5000,"bu","11:03:14",6614500
32600,1050,10500,"bu","11:03:16",6625000
32600,1050,10200,"bu","11:03:31",6635200
32600,1050,11000,"bu","11:03:34",6646200
32600,1050,500,"bu","11:03:36",6646700
32600,1050,5000,"bu","11:03:37",6651700
32600,1050,10000,"sd","11:03:40",6661700
32600,1050,200,"bu","11:03:46",6661900
32600,1050,16000,"sd","11:03:50",6677900
32650,1100,3000,"bu","11:03:51",6680900
32600,1050,3000,"sd","11:03:56",6683900
32600,1050,1000,"sd","11:04:02",6684900
32600,1050,300,"bu","11:04:05",6685200
32600,1050,2000,"bu","11:04:08",6687200
32600,1050,7900,"sd","11:05:16",6695100
32549.999999999996,1000,500,"bu","11:05:47",6695600
32600,1050,5500,"bu","11:06:02",6701100
32549.999999999996,1000,2400,"bu","11:06:13",6703500
32549.999999999996,1000,500,"bu","11:06:19",6704000
32549.999999999996,1000,10000,"bu","11:06:38",6714000
32600,1050,200,"sd","11:06:49",6714200
32549.999999999996,1000,800,"bu","11:07:03",6715000
32549.999999999996,1000,2000,"bu","11:07:33",6717000
32549.999999999996,1000,3000,"bu","11:07:47",6720000
32549.999999999996,1000,5000,"sd","11:07:51",6725000
32549.999999999996,1000,1000,"bu","11:07:57",6726000
32549.999999999996,1000,500,"sd","11:08:18",6726500
32549.999999999996,1000,600,"sd","11:08:24",6727100
32549.999999999996,1000,1000,"sd","11:08:28",6728100
32600,1050,4200,"sd","11:08:37",6732300
32549.999999999996,1000,1400,"sd","11:08:39",6733700
32600,1050,2600,"sd","11:08:43",6736300
32549.999999999996,1000,100,"sd","11:08:47",6736400
32549.999999999996,1000,100000,"sd","11:08:49",6836400
32549.999999999996,1000,100,"bu","11:08:50",6836500
32549.999999999996,1000,3100,"sd","11:08:54",6839600
32549.999999999996,1000,100,"sd","11:08:58",6839700
32549.999999999996,1000,1100,"sd","11:09:02",6840800
32549.999999999996,1000,100,"bu","11:09:03",6840900
32549.999999999996,1000,5100,"sd","11:09:07",6846000
32549.999999999996,1000,1900,"bu","11:09:11",6847900
32549.999999999996,1000,15400,"bu","11:09:24",6863300
32500,950,10200,"sd","11:09:28",6873500
32549.999999999996,1000,5000,"sd","11:09:32",6878500
32500,950,1000,"sd","11:09:35",6879500
32549.999999999996,1000,100,"sd","11:09:39",6879600
32500,950,300,"bu","11:09:43",6879900
32549.999999999996,1000,300,"bu","11:09:45",6880200
32549.999999999996,1000,30000,"bu","11:09:50",6910200
32549.999999999996,1000,17300,"bu","11:09:55",6927500
32549.999999999996,1000,5500,"sd","11:10:01",6933000
32549.999999999996,1000,6000,"sd","11:10:05",6939000
32549.999999999996,1000,500,"bu","11:10:08",6939500
32549.999999999996,1000,1000,"bu","11:10:10",6940500
32549.999999999996,1000,2000,"sd","11:10:14",6942500
32549.999999999996,1000,4400,"sd","11:10:18",6946900
32549.999999999996,1000,5000,"bu","11:10:27",6951900
32549.999999999996,1000,4000,"bu","11:10:30",6955900
32549.999999999996,1000,500,"bu","11:10:36",6956400
32549.999999999996,1000,400,"sd","11:10:53",6956800
32549.999999999996,1000,5000,"sd","11:11:01",6961800
32549.999999999996,1000,3000,"bu","11:11:07",6964800
32549.999999999996,1000,5000,"sd","11:11:11",6969800
32549.999999999996,1000,10000,"sd","11:11:13",6979800
32549.999999999996,1000,5000,"sd","11:11:20",6984800
32549.999999999996,1000,2400,"bu","11:11:22",6987200
32549.999999999996,1000,100,"sd","11:11:34",6987300
32549.999999999996,1000,1000,"sd","11:11:46",6988300
32549.999999999996,1000,100,"bu","11:11:48",6988400
32549.999999999996,1000,200,"bu","11:12:10",6988600
32549.999999999996,1000,10600,"sd","11:12:14",6999200
32549.999999999996,1000,700,"sd","11:12:16",6999900
32549.999999999996,1000,1500,"bu","11:12:22",7001400
32549.999999999996,1000,300,"sd","11:12:33",7001700
32549.999999999996,1000,1000,"sd","11:12:41",7002700
32549.999999999996,1000,200,"sd","11:12:43",7002900
32549.999999999996,1000,1300,"bu","11:12:45",7004200
32549.999999999996,1000,1000,"sd","11:12:48",7005200
32549.999999999996,1000,200,"bu","11:12:52",7005400
32549.999999999996,1000,6000,"sd","11:13:10",7011400
32549.999999999996,1000,1500,"sd","11:13:22",7012900
32549.999999999996,1000,10000,"bu","11:13:24",7022900
32549.999999999996,1000,500,"sd","11:13:39",7023400
32549.999999999996,1000,100,"bu","11:13:42",7023500
32549.999999999996,1000,1200,"bu","11:13:57",7024700
32549.999999999996,1000,200,"bu","11:14:12",7024900
32549.999999999996,1000,500,"sd","11:14:22",7025400
32549.999999999996,1000,5000,"sd","11:14:41",7030400
32549.999999999996,1000,1000,"bu","11:14:43",7031400
32549.999999999996,1000,200,"sd","11:14:49",7031600
32600,1050,100,"sd","11:14:51",7031700
32549.999999999996,1000,1000,"sd","11:14:57",7032700
32549.999999999996,1000,4400,"bu","11:15:09",7037100
32549.999999999996,1000,3600,"sd","11:15:11",7040700
32549.999999999996,1000,500,"sd","11:15:15",7041200
32549.999999999996,1000,5500,"bu","11:15:26",7046700
32549.999999999996,1000,100,"bu","11:15:28",7046800
32600,1050,3100,"sd","11:15:38",7049900
32549.999999999996,1000,5000,"sd","11:15:41",7054900
32549.999999999996,1000,5000,"sd","11:15:47",7059900
32549.999999999996,1000,500,"sd","11:15:48",7060400
32549.999999999996,1000,200,"bu","11:15:50",7060600
32549.999999999996,1000,1000,"bu","11:15:59",7061600
32549.999999999996,1000,20000,"sd","11:16:01",7081600
32549.999999999996,1000,1500,"bu","11:16:03",7083100
32549.999999999996,1000,200,"bu","11:16:05",7083300
32549.999999999996,1000,3900,"bu","11:16:07",7087200
32549.999999999996,1000,2100,"sd","11:16:09",7089300
32549.999999999996,1000,5500,"sd","11:16:13",7094800
32549.999999999996,1000,5000,"bu","11:16:20",7099800
32549.999999999996,1000,8000,"sd","11:16:22",7107800
32549.999999999996,1000,1200,"bu","11:16:32",7109000
32549.999999999996,1000,3800,"bu","11:16:57",7112800
32500,950,100000,"bu","11:17:27",7212800
32500,950,10000,"bu","11:17:31",7222800
32500,950,1000,"sd","11:17:35",7223800
32500,950,2000,"sd","11:17:41",7225800
32500,950,100,"sd","11:17:45",7225900
32500,950,200,"bu","11:17:55",7226100
32500,950,500,"bu","11:17:57",7226600
32500,950,1000,"bu","11:18:00",7227600
32500,950,16300,"sd","11:18:14",7243900
32500,950,100,"sd","11:18:15",7244000
32500,950,1700,"bu","11:18:17",7245700
32500,950,3000,"bu","11:18:21",7248700
32500,950,2000,"sd","11:18:25",7250700
32500,950,11000,"bu","11:18:30",7261700
32500,950,200,"bu","11:18:39",7261900
32500,950,23000,"sd","11:18:47",7284900
32500,950,1000,"bu","11:18:51",7285900
32500,950,45000,"bu","11:18:57",7330900
32500,950,2000,"sd","11:18:59",7332900
32500,950,5100,"bu","11:19:01",7338000
32500,950,3000,"bu","11:19:02",7341000
32500,950,800,"bu","11:19:07",7341800
32450.000000000004,900,5100,"sd","11:19:25",7346900
32450.000000000004,900,2000,"sd","11:19:37",7348900
32450.000000000004,900,15500,"sd","11:19:52",7364400
32450.000000000004,900,8500,"bu","11:19:57",7372900
32450.000000000004,900,3500,"sd","11:19:59",7376400
32450.000000000004,900,37600,"bu","11:20:12",7414000
32450.000000000004,900,6400,"bu","11:20:16",7420400
32450.000000000004,900,5600,"sd","11:20:23",7426000
32450.000000000004,900,900,"bu","11:20:27",7426900
32400,850,6500,"sd","11:20:34",7433400
32450.000000000004,900,300,"sd","11:20:46",7433700
32450.000000000004,900,2000,"sd","11:20:54",7435700
32450.000000000004,900,300,"bu","11:21:11",7436000
32450.000000000004,900,4700,"sd","11:21:15",7440700
32450.000000000004,900,8500,"bu","11:21:25",7449200
32450.000000000004,900,100,"bu","11:21:45",7449300
32450.000000000004,900,1000,"sd","11:21:47",7450300
32450.000000000004,900,800,"sd","11:21:51",7451100
32450.000000000004,900,9000,"sd","11:22:10",7460100
32450.000000000004,900,1500,"sd","11:22:22",7461600
32450.000000000004,900,200,"sd","11:22:45",7461800
32450.000000000004,900,300,"sd","11:23:08",7462100
32450.000000000004,900,1000,"bu","11:23:12",7463100
32450.000000000004,900,500,"bu","11:23:20",7463600
32450.000000000004,900,100,"sd","11:23:27",7463700
32450.000000000004,900,2100,"sd","11:24:07",7465800
32500,950,800,"bu","11:24:31",7466600
32500,950,200,"sd","11:24:38",7466800
32450.000000000004,900,8100,"sd","11:24:52",7474900
32450.000000000004,900,500,"sd","11:25:32",7475400
32450.000000000004,900,2000,"sd","11:25:43",7477400
32450.000000000004,900,2300,"sd","11:25:52",7479700
32450.000000000004,900,1400,"sd","11:26:14",7481100
32450.000000000004,900,3000,"sd","11:26:24",7484100
32450.000000000004,900,5000,"bu","11:26:26",7489100
32450.000000000004,900,3000,"bu","11:26:28",7492100
32500,950,1000,"sd","11:26:30",7493100
32450.000000000004,900,600,"bu","11:26:45",7493700
32450.000000000004,900,200,"bu","11:26:49",7493900
32450.000000000004,900,5100,"sd","11:26:55",7499000
32450.000000000004,900,500,"bu","11:27:24",7499500
32450.000000000004,900,34400,"bu","11:27:34",7533900
32450.000000000004,900,11000,"sd","11:28:05",7544900
32450.000000000004,900,4500,"bu","11:28:21",7549400
32450.000000000004,900,1500,"bu","11:28:25",7550900
32450.000000000004,900,600,"bu","11:28:40",7551500
32450.000000000004,900,900,"bu","11:29:07",7552400
32450.000000000004,900,500,"bu","11:29:14",7552900
32450.000000000004,900,3000,"sd","11:29:18",7555900
32450.000000000004,900,4800,"sd","11:29:46",7560700
32450.000000000004,900,2000,"sd","11:29:59",7562700
32450.000000000004,900,1000,"bu","11:30:03",7563700
32400,850,300,"bu","13:00:15",7564000
32500,950,43800,"sd","13:00:16",7607800
32450.000000000004,900,57200,"sd","13:00:17",7665000
32450.000000000004,900,100,"bu","13:00:18",7665100
32450.000000000004,900,1300,"bu","13:00:21",7666400
32450.000000000004,900,1200,"sd","13:00:23",7667600
32450.000000000004,900,900,"sd","13:00:25",7668500
32450.000000000004,900,5100,"sd","13:00:30",7673600
32450.000000000004,900,800,"sd","13:00:31",7674400
32450.000000000004,900,100,"sd","13:00:36",7674500
32450.000000000004,900,1100,"sd","13:00:37",7675600
32500,950,6700,"sd","13:00:42",7682300
32500,950,5000,"sd","13:00:43",7687300
32500,950,500,"sd","13:00:44",7687800
32500,950,8500,"bu","13:00:46",7696300
32500,950,4300,"bu","13:00:47",7700600
32500,950,2000,"sd","13:00:50",7702600
32500,950,27000,"bu","13:00:52",7729600
32450.000000000004,900,1100,"bu","13:00:55",7730700
32450.000000000004,900,200,"sd","13:00:56",7730900
32450.000000000004,900,55500,"sd","13:01:00",7786400
32450.000000000004,900,1100,"bu","13:01:03",7787500
32450.000000000004,900,1700,"sd","13:01:04",7789200
32450.000000000004,900,500,"bu","13:01:09",7789700
32450.000000000004,900,100,"sd","13:01:12",7789800
32500,950,1800,"bu","13:01:15",7791600
32500,950,300,"bu","13:01:21",7791900
32500,950,1000,"bu","13:01:34",7792900
32450.000000000004,900,4600,"sd","13:01:37",7797500
32500,950,500,"bu","13:02:16",7798000
32500,950,10100,"bu","13:02:21",7808100
32500,950,13000,"bu","13:02:25",7821100
32500,950,100,"bu","13:02:27",7821200
32500,950,6000,"bu","13:02:31",7827200
32500,950,100,"bu","13:02:33",7827300
32500,950,6600,"bu","13:02:51",7833900
32500,950,5000,"bu","13:02:55",7838900
32500,950,1000,"bu","13:02:57",7839900
32500,950,5900,"bu","13:03:09",7845800
32500,950,100,"sd","13:03:17",7845900
32500,950,5000,"sd","13:03:39",7850900
32500,950,300,"sd","13:03:41",7851200
32500,950,7900,"sd","13:03:43",7859100
32500,950,100,"bu","13:03:45",7859200
32500,950,600,"sd","13:03:54",7859800
32500,950,300,"sd","13:03:56",7860100
32500,950,100,"bu","13:04:05",7860200
32549.999999999996,1000,10100,"bu","13:04:07",7870300
32549.999999999996,1000,6000,"bu","13:04:15",7876300
32549.999999999996,1000,3200,"sd","13:04:31",7879500
32549.999999999996,1000,1100,"sd","13:04:41",7880600
32549.999999999996,1000,900,"bu","13:04:48",7881500
32549.999999999996,1000,100,"bu","13:05:06",7881600
32549.999999999996,1000,4000,"sd","13:05:10",7885600
32549.999999999996,1000,1000,"bu","13:05:24",7886600
32549.999999999996,1000,200,"bu","13:05:26",7886800
32600,1050,23000,"sd","13:05:32",7909800
32600,1050,2000,"sd","13:05:57",7911800
32549.999999999996,1000,1500,"bu","13:06:04",7913300
32600,1050,11500,"sd","13:06:20",7924800
32549.999999999996,1000,2100,"sd","13:06:37",7926900
32600,1050,5000,"bu","13:06:44",7931900
32600,1050,30000,"bu","13:06:46",7961900
32600,1050,1500,"bu","13:06:54",7963400
32600,1050,2800,"sd","13:06:58",7966200
32600,1050,1000,"bu","13:07:02",7967200
32600,1050,100,"bu","13:07:04",7967300
32600,1050,31000,"bu","13:07:07",7998300
32600,1050,11900,"bu","13:07:08",8010200
32600,1050,2100,"bu","13:07:13",8012300
32600,1050,100,"bu","13:07:24",8012400
32600,1050,5000,"bu","13:07:25",8017400
32600,1050,500,"bu","13:07:28",8017900
32600,1050,2000,"sd","13:07:34",8019900
32600,1050,11000,"sd","13:07:40",8030900
32600,1050,4300,"bu","13:07:42",8035200
32600,1050,700,"sd","13:08:00",8035900
32600,1050,500,"bu","13:08:11",8036400
32600,1050,1000,"bu","13:08:18",8037400
32600,1050,100,"bu","13:08:20",8037500
32650,1100,5000,"bu","13:08:22",8042500
32650,1100,3500,"sd","13:08:39",8046000
32650,1100,200,"sd","13:08:43",8046200
32650,1100,2000,"sd","13:08:49",8048200
32600,1050,100,"bu","13:09:08",8048300
32600,1050,500,"bu","13:09:10",8048800
32650,1100,6500,"bu","13:09:12",8055300
32600,1050,1000,"bu","13:09:40",8056300
32650,1100,1600,"sd","13:09:42",8057900
32600,1050,1100,"bu","13:09:48",8059000
32600,1050,200,"bu","13:10:00",8059200
32600,1050,5800,"bu","13:10:04",8065000
32600,1050,3000,"bu","13:10:07",8068000
32650,1100,50000,"sd","13:10:09",8118000
32650,1100,300,"sd","13:10:19",8118300
32650,1100,7000,"bu","13:10:23",8125300
32600,1050,5200,"bu","13:10:30",8130500
32650,1100,100,"bu","13:10:36",8130600
32600,1050,200,"sd","13:10:39",8130800
32650,1100,2000,"sd","13:10:58",8132800
32600,1050,10000,"sd","13:11:10",8142800
32650,1100,33000,"sd","13:11:17",8175800
32600,1050,100,"sd","13:11:23",8175900
32600,1050,16200,"sd","13:11:31",8192100
32600,1050,400,"bu","13:11:37",8192500
32600,1050,200,"sd","13:11:41",8192700
32650,1100,30000,"bu","13:11:46",8222700
32600,1050,3100,"bu","13:12:10",8225800
32650,1100,1000,"bu","13:12:12",8226800
32650,1100,1000,"sd","13:12:17",8227800
32650,1100,30000,"bu","13:12:23",8257800
32650,1100,700,"sd","13:12:27",8258500
32650,1100,10300,"sd","13:12:33",8268800
32600,1050,1000,"sd","13:12:39",8269800
32650,1100,16600,"bu","13:12:47",8286400
32650,1100,500,"bu","13:12:51",8286900
32650,1100,100,"bu","13:12:55",8287000
32650,1100,1000,"bu","13:13:03",8288000
32650,1100,1500,"sd","13:13:07",8289500
32650,1100,100,"sd","13:13:38",8289600
32650,1100,1000,"sd","13:13:46",8290600
32650,1100,400,"bu","13:13:49",8291000
32650,1100,100,"bu","13:13:57",8291100
32650,1100,700,"sd","13:14:04",8291800
32700.000000000004,1150,5000,"sd","13:14:12",8296800
32700.000000000004,1150,200,"sd","13:14:19",8297000
32650,1100,900,"bu","13:14:27",8297900
32700.000000000004,1150,10000,"sd","13:14:42",8307900
32650,1100,1500,"sd","13:14:47",8309400
32700.000000000004,1150,10000,"bu","13:14:54",8319400
32700.000000000004,1150,310000,"bu","13:15:05",8629400
32700.000000000004,1150,10000,"bu","13:15:09",8639400
32700.000000000004,1150,200,"bu","13:15:14",8639600
32700.000000000004,1150,1500,"bu","13:15:17",8641100
32700.000000000004,1150,8900,"sd","13:15:19",8650000
32700.000000000004,1150,5600,"sd","13:15:45",8655600
32700.000000000004,1150,900,"bu","13:16:04",8656500
32700.000000000004,1150,10100,"sd","13:16:14",8666600
32700.000000000004,1150,1000,"bu","13:16:17",8667600
32700.000000000004,1150,2500,"sd","13:16:19",8670100
32700.000000000004,1150,200,"sd","13:16:21",8670300
32700.000000000004,1150,100,"sd","13:16:42",8670400
32700.000000000004,1150,25200,"bu","13:16:46",8695600
32700.000000000004,1150,100,"bu","13:16:49",8695700
32700.000000000004,1150,8500,"bu","13:16:53",8704200
32700.000000000004,1150,15600,"sd","13:16:55",8719800
32700.000000000004,1150,600,"sd","13:17:00",8720400
32700.000000000004,1150,5500,"bu","13:17:05",8725900
32700.000000000004,1150,400,"bu","13:17:09",8726300
32700.000000000004,1150,1100,"sd","13:17:19",8727400
32700.000000000004,1150,4000,"sd","13:17:21",8731400
32700.000000000004,1150,5300,"sd","13:17:24",8736700
32700.000000000004,1150,3500,"bu","13:17:26",8740200
32700.000000000004,1150,500,"sd","13:17:29",8740700
32700.000000000004,1150,2100,"sd","13:17:31",8742800
32700.000000000004,1150,1500,"sd","13:17:34",8744300
32700.000000000004,1150,13600,"sd","13:17:36",8757900
32700.000000000004,1150,100,"sd","13:17:42",8758000
32700.000000000004,1150,200,"sd","13:17:45",8758200
32700.000000000004,1150,19600,"bu","13:17:49",8777800
32700.000000000004,1150,100,"sd","13:17:52",8777900
32750,1200,10300,"bu","13:17:56",8788200
32700.000000000004,1150,5000,"sd","13:17:58",8793200
32700.000000000004,1150,1000,"bu","13:18:05",8794200
32750,1200,20000,"bu","13:18:13",8814200
32700.000000000004,1150,100,"sd","13:18:15",8814300
32700.000000000004,1150,1300,"bu","13:18:18",8815600
32700.000000000004,1150,2000,"sd","13:18:20",8817600
32700.000000000004,1150,3000,"sd","13:18:27",8820600
32700.000000000004,1150,1000,"bu","13:18:37",8821600
32700.000000000004,1150,1000,"sd","13:18:41",8822600
32700.000000000004,1150,200,"bu","13:18:43",8822800
32700.000000000004,1150,100,"sd","13:18:48",8822900
32700.000000000004,1150,300,"sd","13:18:58",8823200
32750,1200,500,"sd","13:19:03",8823700
32700.000000000004,1150,30000,"sd","13:19:27",8853700
32750,1200,1000,"bu","13:19:37",8854700
32700.000000000004,1150,2000,"sd","13:19:48",8856700
32700.000000000004,1150,3000,"sd","13:19:55",8859700
32700.000000000004,1150,500,"sd","13:20:00",8860200
32700.000000000004,1150,20000,"sd","13:20:02",8880200
32750,1200,8900,"bu","13:20:18",8889100
32700.000000000004,1150,5000,"bu","13:20:25",8894100
32750,1200,500,"sd","13:20:30",8894600
32700.000000000004,1150,50000,"bu","13:20:58",8944600
32700.000000000004,1150,5200,"sd","13:21:00",8949800
32750,1200,98400,"sd","13:21:05",9048200
32700.000000000004,1150,3600,"bu","13:21:08",9051800
32700.000000000004,1150,6700,"sd","13:21:10",9058500
32700.000000000004,1150,10000,"bu","13:21:12",9068500
32700.000000000004,1150,21200,"bu","13:21:17",9089700
32700.000000000004,1150,100,"bu","13:21:19",9089800
32700.000000000004,1150,1000,"bu","13:21:22",9090800
32700.000000000004,1150,4800,"bu","13:21:29",9095600
32700.000000000004,1150,1400,"sd","13:21:31",9097000
32700.000000000004,1150,15200,"sd","13:21:36",9112200
32700.000000000004,1150,200,"bu","13:21:47",9112400
32700.000000000004,1150,4800,"bu","13:22:55",9117200
32700.000000000004,1150,3000,"sd","13:22:57",9120200
32700.000000000004,1150,2800,"sd","13:23:04",9123000
32650,1100,1000,"bu","13:23:34",9124000
32650,1100,11000,"sd","13:23:41",9135000
32650,1100,2000,"bu","13:23:43",9137000
32700.000000000004,1150,1000,"sd","13:23:50",9138000
32700.000000000004,1150,11000,"bu","13:23:55",9149000
32700.000000000004,1150,600,"sd","13:24:05",9149600
32700.000000000004,1150,60000,"sd","13:24:12",9209600
32700.000000000004,1150,1000,"sd","13:24:23",9210600
32700.000000000004,1150,200,"sd","13:24:26",9210800
32700.000000000004,1150,1000,"sd","13:24:28",9211800
32700.000000000004,1150,2000,"sd","13:24:35",9213800
32700.000000000004,1150,100,"bu","13:24:44",9213900
32700.000000000004,1150,1200,"bu","13:24:49",9215100
32700.000000000004,1150,10000,"sd","13:24:51",9225100
32650,1100,7000,"bu","13:24:54",9232100
32650,1100,2700,"bu","13:25:17",9234800
32650,1100,100,"bu","13:25:22",9234900
32650,1100,2000,"bu","13:25:29",9236900
32650,1100,500,"bu","13:25:31",9237400
32650,1100,200,"bu","13:25:33",9237600
32650,1100,15000,"bu","13:25:37",9252600
32650,1100,3000,"bu","13:25:42",9255600
32650,1100,1000,"bu","13:25:49",9256600
32650,1100,200,"bu","13:26:03",9256800
32650,1100,300,"sd","13:26:06",9257100
32650,1100,200,"bu","13:26:11",9257300
32650,1100,100,"sd","13:26:16",9257400
32650,1100,500,"bu","13:26:21",9257900
32650,1100,1000,"sd","13:26:24",9258900
32650,1100,2000,"sd","13:26:27",9260900
32650,1100,200,"bu","13:26:29",9261100
32650,1100,300,"sd","13:26:44",9261400
32650,1100,1000,"bu","13:26:50",9262400
32650,1100,300,"sd","13:26:57",9262700
32650,1100,35400,"sd","13:27:00",9298100
32650,1100,30000,"bu","13:27:02",9328100
32650,1100,4300,"bu","13:27:05",9332400
32650,1100,2800,"bu","13:27:07",9335200
32650,1100,6000,"sd","13:27:10",9341200
32650,1100,3500,"bu","13:27:12",9344700
32650,1100,100,"sd","13:27:15",9344800
32650,1100,2200,"sd","13:27:20",9347000
32650,1100,600,"bu","13:27:22",9347600
32650,1100,4400,"sd","13:27:25",9352000
32650,1100,1000,"bu","13:27:28",9353000
32650,1100,2200,"bu","13:27:30",9355200
32650,1100,900,"bu","13:27:32",9356100
32650,1100,31400,"sd","13:27:35",9387500
32650,1100,300,"bu","13:27:40",9387800
32650,1100,3000,"sd","13:27:46",9390800
32650,1100,5500,"sd","13:27:53",9396300
32600,1050,400,"sd","13:28:06",9396700
32600,1050,3000,"bu","13:28:21",9399700
32600,1050,100,"bu","13:28:25",9399800
32600,1050,19000,"bu","13:28:28",9418800
32600,1050,1900,"sd","13:28:35",9420700
32600,1050,5600,"sd","13:28:37",9426300
32600,1050,200,"sd","13:28:52",9426500
32600,1050,5000,"sd","13:28:56",9431500
32650,1100,900,"sd","13:29:02",9432400
32600,1050,10000,"sd","13:29:07",9442400
32600,1050,600,"bu","13:29:16",9443000
32600,1050,200,"bu","13:29:26",9443200
32600,1050,5900,"bu","13:29:33",9449100
32600,1050,2100,"bu","13:29:36",9451200
32600,1050,1100,"bu","13:29:50",9452300
32600,1050,500,"sd","13:29:55",9452800
32600,1050,200,"bu","13:30:00",9453000
32600,1050,200,"bu","13:30:12",9453200
32600,1050,1500,"bu","13:30:15",9454700
32600,1050,4000,"bu","13:30:19",9458700
32600,1050,100,"bu","13:30:34",9458800
32600,1050,200,"bu","13:30:37",9459000
32600,1050,500,"bu","13:30:39",9459500
32600,1050,2000,"bu","13:30:41",9461500
32600,1050,200,"sd","13:30:46",9461700
32600,1050,100,"bu","13:31:10",9461800
32600,1050,10000,"bu","13:31:15",9471800
32600,1050,1300,"bu","13:31:25",9473100
32600,1050,10000,"sd","13:31:27",9483100
32600,1050,50100,"bu","13:31:30",9533200
32600,1050,500,"sd","13:31:32",9533700
32600,1050,107000,"bu","13:31:38",9640700
32600,1050,5000,"sd","13:31:40",9645700
32600,1050,11000,"sd","13:31:43",9656700
32600,1050,5500,"bu","13:31:45",9662200
32600,1050,22900,"sd","13:31:48",9685100
32600,1050,2800,"sd","13:31:50",9687900
32600,1050,9500,"bu","13:31:52",9697400
32600,1050,1300,"bu","13:31:55",9698700
32600,1050,700,"bu","13:32:13",9699400
32600,1050,300,"sd","13:32:41",9699700
32600,1050,100,"sd","13:32:47",9699800
32600,1050,500,"bu","13:32:49",9700300
32549.999999999996,1000,2000,"bu","13:33:05",9702300
32600,1050,2000,"sd","13:33:18",9704300
32549.999999999996,1000,500,"bu","13:33:26",9704800
32549.999999999996,1000,1500,"bu","13:33:28",9706300
32549.999999999996,1000,700,"bu","13:33:36",9707000
32549.999999999996,1000,300,"bu","13:34:02",9707300
32549.999999999996,1000,300,"sd","13:34:25",9707600
32549.999999999996,1000,300,"bu","13:34:43",9707900
32549.999999999996,1000,200,"sd","13:34:46",9708100
32549.999999999996,1000,5000,"bu","13:34:48",9713100
32549.999999999996,1000,40000,"bu","13:34:51",9753100
32549.999999999996,1000,31200,"bu","13:35:07",9784300
32500,950,10000,"bu","13:35:29",9794300
32500,950,100,"bu","13:35:31",9794400
32549.999999999996,1000,7400,"bu","13:35:34",9801800
32500,950,20000,"bu","13:35:39",9821800
32500,950,3000,"bu","13:35:44",9824800
32500,950,500,"bu","13:35:51",9825300
32549.999999999996,1000,1000,"bu","13:36:15",9826300
32549.999999999996,1000,5100,"bu","13:36:29",9831400
32549.999999999996,1000,1000,"bu","13:36:47",9832400
32549.999999999996,1000,1000,"sd","13:36:52",9833400
32549.999999999996,1000,10000,"sd","13:36:54",9843400
32549.999999999996,1000,1000,"sd","13:36:57",9844400
32549.999999999996,1000,2500,"sd","13:37:02",9846900
32549.999999999996,1000,2000,"bu","13:37:10",9848900
32549.999999999996,1000,100,"bu","13:37:15",9849000
32549.999999999996,1000,5200,"sd","13:37:20",9854200
32549.999999999996,1000,200,"sd","13:37:23",9854400
32549.999999999996,1000,2800,"sd","13:37:28",9857200
32549.999999999996,1000,200,"bu","13:37:36",9857400
32549.999999999996,1000,1000,"sd","13:38:00",9858400
32549.999999999996,1000,500,"bu","13:38:34",9858900
32600,1050,5000,"bu","13:38:37",9863900
32600,1050,800,"sd","13:38:53",9864700
32600,1050,68200,"sd","13:39:35",9932900
32650,1100,1500,"bu","13:39:38",9934400
32600,1050,3000,"sd","13:39:40",9937400
32650,1100,200,"bu","13:39:43",9937600
32650,1100,100,"bu","13:39:56",9937700
32650,1100,5000,"sd","13:39:59",9942700
32650,1100,1200,"bu","13:40:06",9943900
32600,1050,500,"bu","13:40:16",9944400
32650,1100,2000,"sd","13:40:24",9946400
32650,1100,1600,"sd","13:40:34",9948000
32600,1050,600,"bu","13:41:09",9948600
32650,1100,10000,"bu","13:41:19",9958600
32600,1050,500,"bu","13:41:24",9959100
32600,1050,13000,"bu","13:41:27",9972100
32650,1100,5900,"sd","13:41:29",9978000
32650,1100,1000,"bu","13:41:40",9979000
32650,1100,22600,"sd","13:41:53",10001600
32600,1050,10000,"bu","13:41:58",10011600
32600,1050,100,"sd","13:42:13",10011700
32650,1100,66000,"sd","13:42:26",10077700
32600,1050,1000,"sd","13:42:42",10078700
32600,1050,1000,"bu","13:42:47",10079700
32600,1050,4000,"bu","13:43:41",10083700
32600,1050,26000,"bu","13:43:44",10109700
32600,1050,19400,"bu","13:43:57",10129100
32600,1050,13900,"bu","13:44:03",10143000
32600,1050,5500,"bu","13:44:15",10148500
32600,1050,1000,"bu","13:44:20",10149500
32600,1050,300,"sd","13:44:43",10149800
32600,1050,100,"sd","13:44:58",10149900
32600,1050,12400,"bu","13:45:00",10162300
32650,1100,2000,"sd","13:45:09",10164300
32650,1100,100,"sd","13:45:25",10164400
32600,1050,21100,"bu","13:45:42",10185500
32650,1100,18500,"bu","13:45:57",10204000
32650,1100,7500,"bu","13:46:03",10211500
32650,1100,6500,"sd","13:46:15",10218000
32650,1100,200,"sd","13:46:18",10218200
32650,1100,3300,"bu","13:46:28",10221500
32650,1100,5000,"sd","13:46:30",10226500
32650,1100,100,"bu","13:46:38",10226600
32650,1100,3000,"sd","13:47:13",10229600
32650,1100,2000,"sd","13:47:16",10231600
32650,1100,100,"sd","13:47:26",10231700
32650,1100,8600,"sd","13:48:33",10240300
32650,1100,100,"bu","13:48:44",10240400
32650,1100,1500,"bu","13:49:00",10241900
32650,1100,500,"sd","13:49:02",10242400
32700.000000000004,1150,10700,"bu","13:49:05",10253100
32650,1100,3000,"sd","13:49:16",10256100
32650,1100,300,"bu","13:49:19",10256400
32700.000000000004,1150,1700,"sd","13:49:27",10258100
32700.000000000004,1150,3600,"sd","13:49:33",10261700
32650,1100,100,"sd","13:49:44",10261800
32650,1100,500,"sd","13:49:50",10262300
32650,1100,1500,"sd","13:50:01",10263800
32650,1100,200,"bu","13:50:09",10264000
32650,1100,1000,"sd","13:50:20",10265000
32650,1100,400,"sd","13:50:28",10265400
32650,1100,100,"sd","13:50:36",10265500
32650,1100,7100,"bu","13:50:55",10272600
32650,1100,300,"sd","13:51:08",10272900
32700.000000000004,1150,5900,"bu","13:51:13",10278800
32700.000000000004,1150,1000,"bu","13:51:45",10279800
32700.000000000004,1150,400,"bu","13:52:01",10280200
32650,1100,1000,"sd","13:52:07",10281200
32650,1100,200,"sd","13:52:09",10281400
32650,1100,2000,"bu","13:52:19",10283400
32650,1100,400,"sd","13:52:22",10283800
32700.000000000004,1150,5000,"bu","13:52:37",10288800
32700.000000000004,1150,50000,"sd","13:53:07",10338800
32700.000000000004,1150,600,"sd","13:53:09",10339400
32700.000000000004,1150,10000,"bu","13:53:39",10349400
32700.000000000004,1150,1100,"sd","13:53:42",10350500
32700.000000000004,1150,5000,"bu","13:53:44",10355500
32700.000000000004,1150,700,"sd","13:53:47",10356200
32700.000000000004,1150,300,"sd","13:53:57",10356500
32700.000000000004,1150,20000,"bu","13:54:03",10376500
32700.000000000004,1150,500,"bu","13:54:09",10377000
32700.000000000004,1150,18700,"bu","13:54:12",10395700
32650,1100,7100,"bu","13:54:20",10402800
32700.000000000004,1150,44300,"sd","13:54:22",10447100
32700.000000000004,1150,34500,"sd","13:54:25",10481600
32700.000000000004,1150,12800,"bu","13:54:28",10494400
32700.000000000004,1150,100,"sd","13:54:41",10494500
32700.000000000004,1150,300,"sd","13:54:47",10494800
32700.000000000004,1150,3800,"sd","13:55:09",10498600
32750,1200,200,"sd","13:55:24",10498800
32750,1200,23400,"sd","13:55:38",10522200
32750,1200,2000,"bu","13:56:00",10524200
32700.000000000004,1150,3500,"sd","13:56:12",10527700
32750,1200,2000,"bu","13:56:43",10529700
32750,1200,2100,"sd","13:57:03",10531800
32750,1200,20000,"bu","13:57:09",10551800
32750,1200,30500,"bu","13:57:24",10582300
32750,1200,20000,"sd","13:57:27",10602300
32750,1200,2000,"bu","13:57:30",10604300
32750,1200,52600,"bu","13:57:33",10656900
32750,1200,4000,"sd","13:57:36",10660900
32750,1200,1500,"bu","13:57:39",10662400
32750,1200,20100,"sd","13:57:42",10682500
32750,1200,4100,"sd","13:57:49",10686600
32750,1200,3100,"sd","13:57:53",10689700
32750,1200,800,"bu","13:57:56",10690500
32750,1200,4300,"sd","13:57:59",10694800
32800,1250,20000,"sd","13:58:01",10714800
32750,1200,1000,"sd","13:58:15",10715800
32750,1200,1100,"bu","13:58:26",10716900
32750,1200,2000,"sd","13:58:34",10718900
32750,1200,1000,"sd","13:58:40",10719900
32750,1200,200,"sd","13:58:46",10720100
32750,1200,500,"sd","13:58:52",10720600
32750,1200,6000,"bu","13:58:58",10726600
32750,1200,600,"bu","13:59:30",10727200
32750,1200,12000,"bu","13:59:38",10739200
32750,1200,500,"sd","13:59:44",10739700
32800,1250,16000,"bu","13:59:50",10755700
32800,1250,2200,"bu","13:59:53",10757900
32800,1250,100,"sd","14:00:04",10758000
32800,1250,1200,"sd","14:00:15",10759200
32750,1200,1600,"bu","14:00:23",10760800
32800,1250,200,"sd","14:00:30",10761000
32800,1250,1500,"bu","14:00:38",10762500
32800,1250,200,"sd","14:00:47",10762700
32750,1200,10000,"sd","14:00:59",10772700
32750,1200,500,"sd","14:01:04",10773200
32750,1200,800,"bu","14:01:16",10774000
32800,1250,900,"sd","14:01:21",10774900
32800,1250,200,"sd","14:01:27",10775100
32800,1250,500,"sd","14:01:30",10775600
32800,1250,10100,"sd","14:01:35",10785700
32800,1250,5800,"sd","14:01:45",10791500
32800,1250,50000,"bu","14:01:48",10841500
32750,1200,600,"bu","14:01:51",10842100
32800,1250,6200,"bu","14:01:57",10848300
32800,1250,3000,"sd","14:02:00",10851300
32800,1250,8000,"bu","14:02:10",10859300
32800,1250,500,"bu","14:02:12",10859800
32800,1250,10000,"sd","14:02:15",10869800
32750,1200,600,"sd","14:02:18",10870400
32800,1250,1000,"bu","14:02:25",10871400
32800,1250,17100,"sd","14:02:34",10888500
32750,1200,3400,"sd","14:02:40",10891900
32750,1200,1400,"bu","14:02:46",10893300
32800,1250,20000,"bu","14:02:49",10913300
32750,1200,1000,"sd","14:02:52",10914300
32800,1250,7700,"sd","14:02:56",10922000
32800,1250,28200,"bu","14:03:00",10950200
32800,1250,21000,"bu","14:03:03",10971200
32800,1250,20200,"sd","14:03:06",10991400
32800,1250,11900,"bu","14:03:09",11003300
32800,1250,3400,"sd","14:03:12",11006700
32800,1250,500,"bu","14:03:15",11007200
32800,1250,100,"sd","14:03:18",11007300
32800,1250,7000,"sd","14:03:21",11014300
32800,1250,7000,"sd","14:03:24",11021300
32800,1250,4400,"bu","14:03:30",11025700
32800,1250,1500,"sd","14:03:33",11027200
32800,1250,14200,"bu","14:03:39",11041400
32800,1250,11000,"sd","14:03:55",11052400
32800,1250,100,"bu","14:03:57",11052500
32800,1250,21000,"sd","14:04:15",11073500
32850,1300,3900,"bu","14:04:17",11077400
32800,1250,4000,"sd","14:04:21",11081400
32850,1300,78100,"sd","14:04:32",11159500
32900,1350,5000,"bu","14:04:40",11164500
32900,1350,1000,"bu","14:04:55",11165500
32900,1350,800,"bu","14:05:14",11166300
32900,1350,500,"sd","14:05:17",11166800
32900,1350,1000,"sd","14:05:21",11167800
32900,1350,100,"bu","14:05:24",11167900
32900,1350,6300,"bu","14:05:36",11174200
32850,1300,10000,"sd","14:05:41",11184200
32850,1300,5100,"sd","14:05:54",11189300
32900,1350,400,"sd","14:06:07",11189700
32850,1300,200,"sd","14:06:10",11189900
32900,1350,200000,"bu","14:06:19",11389900
32900,1350,4000,"bu","14:06:37",11393900
32900,1350,100,"sd","14:06:44",11394000
32900,1350,7000,"bu","14:06:48",11401000
32900,1350,1000,"sd","14:06:54",11402000
32900,1350,100,"bu","14:06:57",11402100
32900,1350,5100,"bu","14:07:06",11407200
32900,1350,100,"sd","14:07:12",11407300
32900,1350,500,"bu","14:07:15",11407800
32900,1350,2000,"bu","14:07:21",11409800
32850,1300,500,"bu","14:07:27",11410300
32900,1350,10000,"bu","14:07:29",11420300
32900,1350,2000,"sd","14:07:32",11422300
32900,1350,2400,"sd","14:07:35",11424700
32900,1350,2800,"bu","14:07:38",11427500
32900,1350,3700,"sd","14:08:06",11431200
32900,1350,2000,"bu","14:08:12",11433200
32900,1350,15500,"sd","14:08:29",11448700
32900,1350,10000,"bu","14:08:36",11458700
32900,1350,5000,"bu","14:08:45",11463700
32850,1300,5000,"sd","14:08:47",11468700
32900,1350,200,"sd","14:08:51",11468900
32900,1350,700,"bu","14:08:54",11469600
32900,1350,4400,"bu","14:08:57",11474000
32900,1350,10000,"sd","14:09:00",11484000
32900,1350,5000,"sd","14:09:03",11489000
32900,1350,4000,"sd","14:09:09",11493000
32900,1350,18200,"bu","14:09:12",11511200
32900,1350,11000,"bu","14:09:31",11522200
32900,1350,300,"bu","14:09:43",11522500
32900,1350,1000,"sd","14:09:46",11523500
32900,1350,200,"bu","14:09:52",11523700
32900,1350,1300,"bu","14:10:04",11525000
32900,1350,45800,"sd","14:10:17",11570800
32950,1400,100,"bu","14:10:23",11570900
32900,1350,1200,"bu","14:10:26",11572100
32900,1350,800,"sd","14:10:38",11572900
32900,1350,2000,"bu","14:10:51",11574900
32950,1400,1000,"sd","14:10:54",11575900
32950,1400,500,"sd","14:11:18",11576400
33000,1450,500,"bu","14:11:31",11576900
32950,1400,16000,"sd","14:11:34",11592900
32950,1400,1100,"bu","14:11:37",11594000
32950,1400,6000,"bu","14:11:40",11600000
32950,1400,3000,"sd","14:11:43",11603000
32950,1400,3300,"sd","14:11:50",11606300
32950,1400,1000,"bu","14:11:54",11607300
32950,1400,500,"bu","14:11:57",11607800
32950,1400,400,"sd","14:12:01",11608200
33000,1450,1000,"bu","14:12:04",11609200
32950,1400,2000,"bu","14:12:12",11611200
33000,1450,500,"bu","14:12:16",11611700
32950,1400,500,"bu","14:12:20",11612200
32950,1400,1000,"sd","14:12:23",11613200
32950,1400,2000,"sd","14:12:27",11615200
32950,1400,1500,"bu","14:12:40",11616700
33000,1450,200,"bu","14:12:43",11616900
33000,1450,4000,"bu","14:12:50",11620900
33000,1450,8700,"bu","14:13:00",11629600
32950,1400,7600,"sd","14:13:09",11637200
33000,1450,1000,"sd","14:13:15",11638200
32950,1400,5000,"sd","14:13:19",11643200
33000,1450,200,"bu","14:13:28",11643400
33000,1450,10600,"sd","14:13:31",11654000
32950,1400,7000,"bu","14:13:34",11661000
33000,1450,500,"sd","14:13:40",11661500
33000,1450,700,"sd","14:13:43",11662200
33000,1450,300,"sd","14:13:53",11662500
33000,1450,900,"sd","14:13:57",11663400
33000,1450,100,"sd","14:13:59",11663500
32950,1400,500,"sd","14:14:06",11664000
32950,1400,5800,"bu","14:14:21",11669800
33000,1450,100,"sd","14:14:27",11669900
33000,1450,1100,"bu","14:14:40",11671000
32950,1400,6100,"bu","14:14:50",11677100
33000,1450,20000,"sd","14:14:53",11697100
33000,1450,7500,"sd","14:15:05",11704600
33000,1450,500,"bu","14:15:11",11705100
33000,1450,5000,"sd","14:15:14",11710100
33000,1450,14400,"bu","14:15:24",11724500
33000,1450,9700,"sd","14:15:27",11734200
33000,1450,20200,"bu","14:15:36",11754400
33000,1450,100,"sd","14:15:47",11754500
33000,1450,7100,"sd","14:15:53",11761600
33000,1450,500,"sd","14:15:57",11762100
33000,1450,12500,"bu","14:16:02",11774600
33000,1450,5000,"bu","14:16:05",11779600
33000,1450,101000,"bu","14:16:11",11880600
33000,1450,1000,"bu","14:16:18",11881600
33000,1450,185000,"bu","14:16:21",12066600
33000,1450,5900,"bu","14:16:24",12072500
33000,1450,62600,"bu","14:16:30",12135100
33000,1450,11000,"bu","14:16:34",12146100
33000,1450,4400,"bu","14:16:36",12150500
33000,1450,33200,"bu","14:16:40",12183700
33050,1500,2600,"bu","14:16:43",12186300
33050,1500,5000,"bu","14:16:49",12191300
33050,1500,4700,"sd","14:16:55",12196000
33050,1500,11100,"sd","14:17:07",12207100
33050,1500,100,"bu","14:17:10",12207200
33050,1500,7400,"bu","14:17:27",12214600
33050,1500,900,"sd","14:17:34",12215500
33050,1500,2100,"sd","14:17:40",12217600
33100,1550,20000,"bu","14:17:47",12237600
33100,1550,3000,"bu","14:17:54",12240600
33100,1550,100,"bu","14:18:04",12240700
33100,1550,1400,"sd","14:18:10",12242100
33050,1500,2700,"bu","14:18:17",12244800
33100,1550,1000,"bu","14:18:20",12245800
33100,1550,2500,"bu","14:18:27",12248300
33100,1550,300,"sd","14:18:31",12248600
33050,1500,500,"sd","14:18:42",12249100
33100,1550,1500,"bu","14:18:57",12250600
33100,1550,3500,"sd","14:19:03",12254100
33100,1550,1000,"bu","14:19:10",12255100
33050,1500,800,"bu","14:19:13",12255900
33100,1550,100,"bu","14:19:24",12256000
33050,1500,500,"bu","14:19:35",12256500
33100,1550,100,"sd","14:19:38",12256600
33100,1550,1000,"sd","14:19:50",12257600
33100,1550,5000,"bu","14:19:57",12262600
33100,1550,100,"bu","14:20:02",12262700
33100,1550,2500,"bu","14:20:10",12265200
33100,1550,3300,"bu","14:20:13",12268500
33050,1500,24000,"bu","14:20:20",12292500
33050,1500,4700,"bu","14:20:26",12297200
33050,1500,5700,"sd","14:20:30",12302900
33050,1500,5000,"sd","14:20:34",12307900
33050,1500,200,"bu","14:20:39",12308100
33050,1500,8200,"sd","14:20:43",12316300
33050,1500,3800,"bu","14:20:46",12320100
33050,1500,9000,"bu","14:20:49",12329100
33050,1500,4000,"sd","14:20:53",12333100
33050,1500,500,"sd","14:20:56",12333600
33050,1500,1100,"bu","14:20:59",12334700
33050,1500,7600,"bu","14:21:03",12342300
33050,1500,10100,"sd","14:21:09",12352400
33050,1500,200,"bu","14:21:20",12352600
33050,1500,26000,"bu","14:21:27",12378600
33050,1500,19400,"sd","14:21:30",12398000
33050,1500,4300,"bu","14:21:33",12402300
33050,1500,100,"sd","14:21:35",12402400
33050,1500,500,"sd","14:21:41",12402900
33050,1500,50000,"bu","14:21:51",12452900
33050,1500,10000,"bu","14:22:04",12462900
33050,1500,4000,"bu","14:22:16",12466900
33000,1450,197000,"bu","14:22:26",12663900
33000,1450,300,"bu","14:22:43",12664200
33050,1500,5200,"bu","14:22:46",12669400
33000,1450,10000,"sd","14:22:53",12679400
33000,1450,32000,"bu","14:23:00",12711400
33000,1450,500,"sd","14:23:03",12711900
33000,1450,19200,"sd","14:23:10",12731100
33000,1450,10200,"bu","14:23:16",12741300
33000,1450,32000,"bu","14:23:19",12773300
33000,1450,90400,"bu","14:23:22",12863700
33000,1450,1500,"sd","14:23:43",12865200
32950,1400,3500,"sd","14:23:49",12868700
33000,1450,50400,"sd","14:23:53",12919100
32950,1400,2000,"sd","14:24:02",12921100
33000,1450,10000,"bu","14:24:09",12931100
32950,1400,500,"sd","14:24:12",12931600
33000,1450,200,"sd","14:24:25",12931800
32950,1400,100,"sd","14:24:28",12931900
32950,1400,500,"sd","14:24:35",12932400
32950,1400,7200,"sd","14:24:41",12939600
33000,1450,800,"bu","14:24:45",12940400
33000,1450,500,"sd","14:24:48",12940900
32950,1400,10100,"bu","14:24:51",12951000
33000,1450,2800,"sd","14:24:55",12953800
32950,1400,10000,"bu","14:25:02",12963800
32950,1400,400,"bu","14:25:08",12964200
32950,1400,3000,"sd","14:25:15",12967200
32950,1400,6100,"sd","14:25:21",12973300
32950,1400,600,"sd","14:25:28",12973900
32950,1400,5300,"bu","14:25:31",12979200
33000,1450,1200,"sd","14:25:45",12980400
32950,1400,14300,"sd","14:25:48",12994700
32950,1400,100,"bu","14:25:54",12994800
32950,1400,17000,"sd","14:25:57",13011800
32950,1400,15100,"sd","14:26:01",13026900
32950,1400,3200,"sd","14:26:04",13030100
32950,1400,10300,"sd","14:26:08",13040400
32950,1400,7600,"bu","14:26:12",13048000
32950,1400,12100,"bu","14:26:16",13060100
32950,1400,11000,"sd","14:26:20",13071100
32950,1400,8800,"bu","14:26:23",13079900
32950,1400,12500,"sd","14:26:27",13092400
32950,1400,200,"sd","14:26:31",13092600
32950,1400,10000,"bu","14:26:35",13102600
32950,1400,500,"bu","14:26:39",13103100
32950,1400,53800,"sd","14:26:42",13156900
32900,1350,10000,"bu","14:26:53",13166900
32900,1350,600,"bu","14:27:03",13167500
32900,1350,100,"sd","14:27:10",13167600
32900,1350,1500,"sd","14:27:17",13169100
32900,1350,2500,"sd","14:27:21",13171600
32900,1350,300,"sd","14:27:29",13171900
32900,1350,2800,"sd","14:27:33",13174700
32900,1350,27400,"sd","14:27:37",13202100
32900,1350,4300,"bu","14:27:41",13206400
32900,1350,5900,"bu","14:27:45",13212300
32900,1350,7300,"bu","14:27:52",13219600
32900,1350,2500,"sd","14:27:56",13222100
32900,1350,700,"bu","14:28:00",13222800
32900,1350,300,"sd","14:28:03",13223100
32900,1350,900,"sd","14:28:07",13224000
32850,1300,5000,"sd","14:28:14",13229000
32900,1350,11100,"bu","14:28:19",13240100
32900,1350,1000,"sd","14:28:24",13241100
32900,1350,3500,"bu","14:28:27",13244600
32900,1350,5200,"sd","14:28:37",13249800
32850,1300,6200,"sd","14:28:45",13256000
32850,1300,700,"sd","14:28:54",13256700
32850,1300,1500,"sd","14:29:00",13258200
32900,1350,5000,"bu","14:29:03",13263200
32850,1300,1000,"sd","14:29:08",13264200
32850,1300,2000,"sd","14:29:20",13266200
32850,1300,1700,"bu","14:29:23",13267900
32850,1300,3200,"bu","14:29:26",13271100
32850,1300,1000,"bu","14:29:30",13272100
32900,1350,8000,"bu","14:29:33",13280100
32850,1300,10000,"sd","14:29:36",13290100
32850,1300,2000,"sd","14:29:44",13292100
32900,1350,1000,"bu","14:29:48",13293100
32850,1300,800,"bu","14:30:06",13293900
32850,1300,363400,"sd","14:45:12",13657300
