"price","change","match_qtty","side","time","total_vol"
15400,100,13300,"bu","09:15:06",13300
15400,100,3000,"bu","09:15:17",16300
15400,100,100,"sd","09:17:13",16400
15400,100,10000,"sd","09:17:44",26400
15400,100,500,"sd","09:17:46",26900
15400,100,5000,"bu","09:17:52",31900
15400,100,600,"bu","09:18:07",32500
15400,100,4900,"sd","09:18:08",37400
15300,0,8200,"sd","09:20:08",45600
15300,0,600,"bu","09:20:36",46200
15300,0,1400,"sd","09:22:59",47600
15300,0,4100,"sd","09:25:41",51700
15300,0,4000,"bu","09:28:02",55700
15300,0,6000,"bu","09:28:54",61700
15300,0,16600,"sd","09:30:33",78300
15300,0,100,"bu","09:32:56",78400
15300,0,1600,"sd","09:34:42",80000
15300,0,100,"bu","09:34:43",80100
15300,0,300,"sd","09:35:44",80400
15300,0,200,"bu","09:35:53",80600
15300,0,2200,"sd","09:37:42",82800
15300,0,4000,"bu","09:38:24",132800
15300,0,5500,"bu","09:38:25",138300
15300,0,600,"bu","09:38:26",138900
15300,0,35200,"bu","09:38:39",174100
15300,0,9800,"bu","09:38:45",183900
15250,-50,300,"bu","09:39:29",184200
15250,-50,400,"sd","09:43:39",184600
15250,-50,37100,"bu","09:44:45",221700
15250,-50,300,"sd","09:44:46",222000
15300,0,5000,"sd","09:45:24",227000
15300,0,13400,"bu","09:46:52",240400
15300,0,500,"sd","09:47:30",240900
15250,-50,600,"sd","09:49:12",241500
15250,-50,200,"sd","09:49:46",241700
15300,0,600,"bu","09:50:59",242300
15250,-50,11500,"bu","09:51:51",253800
15250,-50,100,"bu","09:51:53",253900
15250,-50,10000,"bu","09:52:43",263900
15250,-50,1100,"sd","09:52:44",265000
15250,-50,100,"sd","09:52:45",265100
15250,-50,600,"bu","09:53:22",265700
15250,-50,3500,"sd","09:54:18",269200
15250,-50,300,"bu","09:54:19",269500
15300,0,200,"sd","09:54:39",269700
15300,0,2000,"sd","09:55:46",271700
15300,0,200,"bu","09:55:54",271900
15300,0,1500,"bu","09:56:05",273400
15300,0,46700,"sd","09:56:44",320100
15300,0,3300,"sd","09:56:45",323400
15300,0,4800,"bu","09:57:20",328200
15300,0,500,"bu","09:57:22",328700
15300,0,86100,"bu","09:58:36",414800
15300,0,1000,"sd","10:01:02",415800
15300,0,6500,"sd","10:04:20",422300
15250,-50,1500,"sd","10:05:11",423800
15250,-50,100,"sd","10:05:13",423900
15250,-50,30000,"bu","10:06:51",453900
15250,-50,2500,"sd","10:06:52",456400
15250,-50,1000,"sd","10:06:53",457400
15250,-50,100,"bu","10:06:54",457500
15250,-50,600,"sd","10:09:07",458100
15300,0,10000,"sd","10:09:56",468100
15300,0,100,"sd","10:11:06",468200
15300,0,1100,"sd","10:14:59",469300
15300,0,300,"bu","10:15:41",469600
15300,0,100,"bu","10:20:56",469700
15300,0,1000,"sd","10:21:05",470700
15300,0,10000,"bu","10:21:30",480700
15300,0,10000,"sd","10:22:33",490700
15300,0,500,"sd","10:22:40",491200
15300,0,27100,"sd","10:22:58",518300
15300,0,200,"bu","10:22:59",518500
15300,0,1500,"sd","10:23:37",520000
15300,0,100,"bu","10:23:39",520100
15300,0,1000,"sd","10:24:04",521100
15300,0,100,"sd","10:24:05",521200
15350,50,5000,"sd","10:25:59",526200
15300,0,87100,"sd","10:30:10",613300
15300,0,12000,"bu","10:30:58",625300
15300,0,200,"sd","10:31:01",625500
15300,0,2000,"sd","10:31:06",627500
15300,0,9700,"sd","10:31:23",637200
15300,0,1000,"bu","10:31:25",638200
15300,0,100,"sd","10:31:27",638300
15300,0,12200,"bu","10:36:31",650500
15300,0,100,"sd","10:36:33",650600
15350,50,20000,"sd","10:38:15",670600
15350,50,6200,"sd","10:38:19",676800
15350,50,500,"bu","10:38:48",677300
15350,50,1400,"sd","10:38:52",678700
15350,50,1000,"sd","10:39:06",679700
15350,50,15000,"sd","10:39:16",694700
15350,50,2000,"sd","10:39:17",696700
15350,50,15600,"sd","10:39:56",712300
15350,50,1800,"sd","10:39:58",714100
15350,50,50100,"bu","10:40:48",764200
15350,50,1000,"bu","10:40:51",765200
15350,50,31000,"sd","10:42:17",796200
15350,50,10000,"bu","10:42:18",806200
15300,0,2200,"sd","10:42:25",808400
15350,50,10000,"sd","10:42:51",818400
15350,50,9200,"bu","10:43:45",827600
15350,50,800,"sd","10:43:47",828400
15400,100,300,"sd","10:43:52",828700
15400,100,1800,"sd","10:45:54",830500
15400,100,1000,"bu","10:46:36",831500
15400,100,500,"bu","10:47:08",832000
15350,50,100,"sd","10:47:57",832100
15350,50,8100,"sd","10:48:36",840200
15350,50,700,"bu","10:48:37",840900
15400,100,500,"sd","10:50:28",841400
15350,50,109200,"bu","10:51:01",950600
15350,50,2600,"bu","10:51:04",953200
15350,50,200,"bu","10:51:06",953400
15350,50,1700,"bu","10:52:36",955100
15400,100,500,"sd","10:52:49",955600
15400,100,1000,"bu","10:53:03",956600
15400,100,500,"sd","10:53:11",957100
15400,100,2400,"sd","10:53:14",959500
15400,100,3000,"sd","10:53:25",962500
15400,100,15000,"bu","10:53:28",977500
15400,100,200,"sd","10:54:11",977700
15350,50,1100,"sd","10:54:36",978800
15350,50,64700,"sd","10:55:38",1043500
15350,50,9300,"bu","10:55:46",1052800
15350,50,5000,"bu","10:56:00",1057800
15350,50,29700,"bu","10:56:32",1087500
15350,50,4600,"bu","10:56:33",1092100
15400,100,7200,"bu","10:57:03",1099300
15350,50,2200,"bu","10:57:28",1101500
15350,50,1200,"bu","11:00:39",1102700
15350,50,100,"bu","11:00:41",1102800
15400,100,1200,"sd","11:02:37",1104000
15400,100,2000,"bu","11:03:00",1106000
15400,100,500,"sd","11:03:43",1106500
15350,50,100,"sd","11:05:20",1106600
15400,100,50000,"sd","11:08:03",1156600
15400,100,100,"sd","11:08:41",1156700
15350,50,81200,"sd","11:09:13",1237900
15350,50,28300,"bu","11:10:14",1266200
15350,50,3400,"sd","11:10:16",1269600
15350,50,6400,"sd","11:10:21",1276000
15350,50,24700,"sd","11:10:23",1300700
15350,50,2700,"bu","11:10:26",1303400
15350,50,300,"sd","11:11:07",1303700
15350,50,400,"sd","11:13:47",1304100
15400,100,200,"bu","11:16:32",1304300
15400,100,500,"sd","11:16:41",1304800
15350,50,700,"bu","11:17:21",1305500
15350,50,3000,"bu","11:18:20",1308500
15350,50,300,"bu","11:18:21",1308800
15350,50,1400,"sd","11:19:41",1310200
15350,50,108700,"sd","11:20:42",1418900
15350,50,3400,"bu","11:20:44",1422300
15350,50,28800,"sd","11:21:41",1451100
15350,50,3400,"bu","11:21:43",1454500
15350,50,500,"sd","11:25:02",1455000
15350,50,1000,"bu","11:25:10",1456000
15350,50,100,"bu","11:25:12",1456100
15350,50,1000,"sd","11:26:45",1457100
15350,50,100,"bu","11:26:47",1457200
15350,50,200,"bu","11:28:23",1457400
15350,50,100,"bu","11:29:12",1457500
15350,50,200,"bu","11:29:26",1457700
15300,0,84800,"sd","13:00:18",1542500
15350,50,5000,"sd","13:00:22",1547500
15350,50,500,"sd","13:00:41",1548000
15300,0,200,"sd","13:00:45",1548200
15350,50,1000,"sd","13:00:52",1549200
15300,0,200,"bu","13:00:57",1549400
15300,0,200,"sd","13:01:33",1549600
15300,0,6300,"sd","13:03:50",1555900
15300,0,1100,"sd","13:03:54",1557000
15300,0,100,"sd","13:03:56",1557100
15350,50,20000,"sd","13:06:08",1577100
15350,50,2000,"sd","13:06:46",1579100
15350,50,3000,"bu","13:07:58",1582100
15300,0,10000,"sd","13:08:12",1592100
15300,0,1200,"bu","13:08:14",1593300
15300,0,500,"sd","13:08:22",1593800
15350,50,100,"bu","13:08:45",1593900
15350,50,200,"sd","13:09:18",1594100
15350,50,2000,"sd","13:09:31",1596100
15350,50,19500,"bu","13:09:33",1615600
15350,50,14000,"sd","13:09:37",1629600
15350,50,1000,"bu","13:09:57",1630600
15350,50,6000,"bu","13:10:00",1636600
15350,50,100,"sd","13:10:07",1636700
15350,50,36700,"sd","13:10:19",1673400
15350,50,3200,"bu","13:10:21",1676600
15350,50,100,"sd","13:10:41",1676700
15350,50,300,"sd","13:11:01",1677000
15350,50,1900,"bu","13:12:29",1678900
15400,100,5000,"bu","13:13:55",1683900
15400,100,500,"sd","13:13:59",1684400
15400,100,1500,"sd","13:14:52",1685900
15400,100,10000,"sd","13:15:19",1695900
15400,100,900,"sd","13:15:38",1696800
15400,100,500,"sd","13:17:00",1697300
15400,100,10000,"sd","13:17:21",1707300
15400,100,500,"sd","13:17:40",1707800
15400,100,300,"sd","13:18:03",1708100
15400,100,500,"bu","13:18:13",1708600
15400,100,700,"bu","13:18:25",1709300
15400,100,100,"sd","13:19:19",1709400
15400,100,2000,"bu","13:19:51",1711400
15400,100,10000,"bu","13:20:21",1721400
15350,50,3600,"bu","13:20:39",1725000
15400,100,1300,"bu","13:20:41",1726300
15400,100,2000,"bu","13:21:15",1728300
15400,100,1000,"bu","13:21:19",1729300
15350,50,54700,"bu","13:22:00",1784000
15350,50,2500,"sd","13:22:32",1786500
15350,50,10000,"bu","13:23:01",1796500
15350,50,300,"sd","13:23:10",1796800
15350,50,20500,"sd","13:23:52",1817300
15350,50,1500,"bu","13:24:00",1818800
15350,50,400,"sd","13:24:16",1819200
15300,0,11100,"sd","13:24:23",1830300
15300,0,22300,"bu","13:24:26",1852600
15300,0,200,"sd","13:24:28",1852800
15350,50,3000,"bu","13:24:58",1855800
15350,50,3700,"bu","13:25:06",1859500
15400,100,100,"bu","13:25:49",1859600
15400,100,4000,"bu","13:26:06",1863600
15350,50,200,"sd","13:26:44",1863800
15350,50,72500,"sd","13:26:52",1936300
15350,50,400,"sd","13:27:05",1936700
15350,50,1000,"sd","13:27:30",1937700
15300,0,100,"sd","13:27:42",1937800
15350,50,600,"sd","13:29:23",1938400
15350,50,30000,"bu","13:30:00",1968400
15350,50,300,"sd","13:30:52",1968700
15350,50,4800,"sd","13:31:05",1973500
15350,50,10000,"bu","13:31:13",1983500
15350,50,2400,"sd","13:31:15",1985900
15350,50,7500,"bu","13:31:52",1993400
15350,50,2500,"bu","13:33:02",1995900
15350,50,200,"sd","13:33:05",1996100
15350,50,700,"sd","13:33:51",1996800
15350,50,2200,"sd","13:34:43",1999000
15350,50,500,"sd","13:34:51",1999500
15350,50,4800,"sd","13:35:34",2004300
15350,50,2000,"sd","13:35:47",2006300
15350,50,200,"bu","13:35:49",2006500
15400,100,3000,"sd","13:36:59",2009500
15350,50,43700,"bu","13:38:08",2053200
15350,50,1900,"bu","13:39:13",2055100
15350,50,500,"bu","13:39:28",2055600
15350,50,2000,"sd","13:40:44",2057600
15350,50,10000,"bu","13:40:57",2067600
15350,50,5900,"bu","13:41:35",2073500
15350,50,1000,"sd","13:41:37",2074500
15350,50,100,"sd","13:42:04",2074600
15350,50,20000,"sd","13:42:29",2094600
15300,0,200,"sd","13:42:44",2094800
15350,50,26000,"bu","13:43:02",2120800
15350,50,1300,"sd","13:43:13",2122100
15350,50,18700,"sd","13:43:30",2140800
15350,50,2000,"sd","13:44:00",2142800
15350,50,200,"bu","13:44:09",2143000
15300,0,100,"bu","13:44:17",2143100
15350,50,1800,"bu","13:44:26",2144900
15350,50,300,"bu","13:44:29",2145200
15350,50,100,"sd","13:45:28",2145300
15350,50,2200,"sd","13:46:21",2147500
15350,50,700,"bu","13:46:46",2148200
15350,50,9700,"bu","13:48:36",2157900
15350,50,5500,"bu","13:49:30",2163400
15350,50,300,"bu","13:49:39",2163700
15350,50,100,"sd","13:50:03",2163800
15350,50,1200,"bu","13:51:32",2165000
15350,50,100,"bu","13:51:35",2165100
15350,50,10200,"sd","13:55:27",2175300
15350,50,5500,"sd","13:57:21",2180800
15350,50,600,"bu","13:57:59",2181400
15350,50,500,"bu","13:58:15",2181900
15400,100,100,"bu","13:59:22",2182000
15400,100,200,"bu","13:59:44",2182200
15400,100,3000,"sd","14:00:15",2185200
15350,50,900,"bu","14:00:35",2186100
15400,100,500,"sd","14:00:47",2186600
15350,50,52500,"bu","14:01:24",2239100
15350,50,6800,"bu","14:02:12",2245900
15350,50,500,"sd","14:02:15",2246400
15350,50,12000,"sd","14:02:18",2258400
15350,50,400,"bu","14:02:22",2258800
15350,50,71200,"bu","14:02:25",2330000
15350,50,1200,"bu","14:02:27",2331200
15350,50,400,"sd","14:02:30",2331600
15350,50,10000,"sd","14:02:52",2341600
15350,50,1200,"sd","14:02:56",2342800
15350,50,28400,"sd","14:03:06",2371200
15300,0,900,"sd","14:03:30",2372100
15300,0,600,"sd","14:03:33",2372700
15300,0,300,"bu","14:03:36",2373000
15300,0,1400,"sd","14:03:39",2374400
15350,50,1100,"sd","14:03:42",2375500
15300,0,200,"bu","14:03:45",2375700
15350,50,500,"sd","14:03:55",2376200
15350,50,1000,"bu","14:03:57",2377200
15350,50,5000,"bu","14:04:03",2382200
15350,50,1000,"sd","14:04:06",2383200
15350,50,25000,"bu","14:04:17",2408200
15350,50,12500,"sd","14:04:23",2420700
15350,50,1500,"bu","14:04:32",2422200
15350,50,3900,"sd","14:04:34",2426100
15350,50,38100,"sd","14:04:46",2464200
15400,100,10000,"bu","14:06:10",2474200
15400,100,2000,"bu","14:06:57",2476200
15400,100,500,"sd","14:07:18",2476700
15400,100,6000,"bu","14:07:27",2482700
15350,50,55000,"sd","14:07:32",2537700
15350,50,6100,"bu","14:07:35",2543800
15350,50,42600,"bu","14:08:06",2586400
15350,50,5000,"bu","14:08:25",2591400
15350,50,63800,"bu","14:08:47",2655200
15350,50,600,"sd","14:08:51",2655800
15400,100,5000,"sd","14:09:05",2660800
15350,50,9800,"bu","14:10:07",2670600
15350,50,1000,"sd","14:11:09",2671600
15350,50,100,"bu","14:11:13",2671700
15350,50,1000,"sd","14:11:43",2672700
15350,50,100,"sd","14:11:47",2672800
15400,100,23300,"bu","14:12:27",2696100
15350,50,100,"sd","14:12:50",2696200
15350,50,400,"bu","14:13:31",2696600
15350,50,1000,"bu","14:13:34",2697600
15350,50,400,"sd","14:13:37",2698000
15350,50,200,"sd","14:13:40",2698200
15350,50,100,"sd","14:13:43",2698300
15350,50,400,"sd","14:13:45",2698700
15350,50,200,"sd","14:13:48",2698900
15350,50,300,"bu","14:13:51",2699200
15350,50,800,"sd","14:15:36",2700000
15400,100,7900,"sd","14:15:47",2707900
15400,100,2000,"bu","14:15:59",2709900
15350,50,500,"bu","14:16:02",2710400
15400,100,4700,"sd","14:16:46",2715100
15350,50,5500,"bu","14:16:52",2720600
15400,100,1000,"sd","14:17:07",2721600
15400,100,36000,"sd","14:17:10",2757600
15400,100,1900,"bu","14:17:17",2759500
15400,100,700,"sd","14:17:20",2760200
15400,100,1000,"bu","14:17:24",2761200
15450,150,100100,"sd","14:18:10",2861300
15450,150,10000,"sd","14:18:23",2871300
15400,100,700,"bu","14:18:35",2872000
15450,150,4600,"sd","14:18:42",2876600
15400,100,31500,"bu","14:18:57",2908100
15400,100,4000,"sd","14:19:06",2912100
15400,100,900,"sd","14:19:16",2913000
15350,50,200,"sd","14:19:24",2913200
15350,50,900,"sd","14:19:28",2914100
15350,50,300,"sd","14:19:31",2914400
15350,50,1900,"bu","14:19:35",2916300
15350,50,300,"sd","14:19:38",2916600
15350,50,500,"sd","14:19:42",2917100
15350,50,300,"bu","14:19:50",2917400
15350,50,300,"bu","14:19:53",2917700
15350,50,100,"bu","14:20:02",2917800
15350,50,200,"bu","14:20:13",2918000
15350,50,500,"sd","14:20:26",2918500
15400,100,7500,"bu","14:20:34",2926000
15400,100,10000,"bu","14:21:03",2936000
15400,100,300,"bu","14:21:23",2936300
15400,100,5000,"sd","14:22:20",2941300
15400,100,1900,"sd","14:22:23",2943200
15400,100,10000,"sd","14:22:33",2953200
15350,50,1200,"sd","14:22:36",2954400
15400,100,300,"bu","14:22:43",2954700
15350,50,100000,"sd","14:22:50",3054700
15300,0,12200,"sd","14:22:53",3066900
15300,0,100,"bu","14:22:56",3067000
15350,50,700,"sd","14:23:03",3067700
15350,50,400,"bu","14:23:10",3068100
15350,50,200,"sd","14:23:16",3068300
15350,50,900,"bu","14:23:22",3069200
15350,50,200,"bu","14:23:26",3069400
15350,50,300,"bu","14:23:29",3069700
15350,50,200,"bu","14:23:36",3069900
15350,50,23500,"sd","14:24:02",3093400
15300,0,2700,"bu","14:24:05",3096100
15300,0,44800,"bu","14:24:18",3140900
15300,0,200,"sd","14:24:22",3141100
15300,0,900,"sd","14:24:25",3142000
15300,0,600,"bu","14:24:28",3142600
15300,0,400,"sd","14:24:32",3143000
15300,0,300,"bu","14:24:35",3143300
15300,0,2200,"sd","14:24:45",3145500
15300,0,700,"bu","14:24:51",3146200
15300,0,200,"bu","14:24:55",3146400
15300,0,12300,"bu","14:25:02",3158700
15300,0,2100,"sd","14:25:05",3160800
15300,0,100,"bu","14:25:08",3160900
15300,0,14100,"bu","14:25:18",3175000
15300,0,1800,"sd","14:25:21",3176800
15300,0,8000,"sd","14:25:25",3184800
15300,0,800,"sd","14:25:28",3185600
15350,50,50000,"sd","14:25:34",3235600
15300,0,6100,"sd","14:25:38",3241700
15300,0,300,"bu","14:25:41",3242000
15300,0,200,"bu","14:25:45",3242200
15300,0,1100,"bu","14:25:48",3243300
15300,0,5500,"sd","14:25:57",3248800
15350,50,8300,"sd","14:26:01",3257100
15350,50,200,"sd","14:26:23",3257300
15350,50,1100,"bu","14:26:27",3258400
15350,50,5500,"sd","14:26:35",3263900
15300,0,8600,"sd","14:26:56",3272500
15300,0,2200,"bu","14:27:00",3274700
15300,0,1800,"sd","14:27:25",3276500
15300,0,22400,"bu","14:27:33",3298900
15300,0,2900,"sd","14:28:24",3301800
15300,0,500,"sd","14:28:27",3302300
15300,0,300,"sd","14:28:31",3302600
15300,0,600,"bu","14:28:34",3303200
15300,0,800,"sd","14:28:37",3304000
15300,0,300,"bu","14:28:41",3304300
15300,0,300,"sd","14:28:45",3304600
15300,0,500,"sd","14:28:48",3305100
15300,0,500,"bu","14:28:51",3305600
15300,0,400,"sd","14:28:57",3306000
15300,0,200,"bu","14:29:03",3306200
15300,0,100,"sd","14:29:08",3306300
15300,0,200,"bu","14:29:11",3306500
15300,0,100,"sd","14:29:14",3306600
15300,0,500,"bu","14:29:17",3307100
15300,0,200,"sd","14:29:23",3307300
15300,0,300,"sd","14:29:26",3307600
15300,0,2600,"bu","14:29:30",3310200
15300,0,200,"bu","14:29:33",3310400
15300,0,300,"sd","14:29:36",3310700
15300,0,5200,"bu","14:29:41",3315900
15300,0,100,"bu","14:29:44",3316000
15300,0,500,"sd","14:29:48",3316500
15300,0,300,"bu","14:29:51",3316800
15300,0,800,"bu","14:29:55",3317600
15300,0,200,"sd","14:30:02",3317800
15300,0,110700,"bu","14:45:12",3428500
