"price","change","match_qtty","side","time","total_vol"
39300,500,42000,"bu","09:00:07",42000
39000,200,1000,"sd","09:00:08",47000
39000,200,2000,"sd","09:00:09",49000
39200,400,1000,"sd","09:00:40",50000
39200,400,8000,"bu","09:00:56",58000
39100,300,1000,"bu","09:01:08",59000
39200,400,10000,"sd","09:01:10",69000
39200,400,45000,"sd","09:01:14",114000
39100,300,56000,"bu","09:01:16",170000
39100,300,3000,"sd","09:01:18",173000
39100,300,173000,"sd","09:01:32",346000
39100,300,1000,"bu","09:01:33",347000
39100,300,14000,"bu","09:01:36",361000
39100,300,23000,"sd","09:01:58",384000
39100,300,2000,"bu","09:02:57",386000
39100,300,3000,"sd","09:03:00",389000
39200,400,8000,"sd","09:03:04",397000
39100,300,13000,"sd","09:03:07",410000
39200,400,15000,"bu","09:03:19",425000
39200,400,19000,"sd","09:03:38",444000
39200,400,20000,"sd","09:03:50",464000
39200,400,1000,"bu","09:03:56",465000
39200,400,128000,"bu","09:04:05",593000
39200,400,20000,"sd","09:04:11",613000
39200,400,20000,"bu","09:04:54",633000
39200,400,50000,"sd","09:04:59",683000
39300,500,100000,"sd","09:05:02",783000
39200,400,30000,"sd","09:05:04",813000
39300,500,40000,"sd","09:05:16",853000
39300,500,200000,"bu","09:05:22",1053000
39200,400,10000,"sd","09:05:23",1063000
39300,500,97000,"bu","09:05:28",1160000
39300,500,5000,"bu","09:05:30",1190000
39300,500,97000,"sd","09:05:30",1160000
39300,500,30000,"sd","09:05:30",1190000
39300,500,12000,"bu","09:05:35",1202000
39300,500,146000,"sd","09:05:36",1348000
39400,600,1000,"bu","09:05:51",1349000
39300,500,1000,"sd","09:05:51",1348000
39400,600,1000,"bu","09:05:51",1349000
39400,600,120000,"sd","09:05:57",1469000
39400,600,26000,"bu","09:05:58",1495000
39500,700,3000,"sd","09:06:15",1498000
39500,700,12000,"bu","09:06:29",1510000
39500,700,12000,"bu","09:06:33",1522000
39500,700,2000,"sd","09:06:34",1524000
39400,600,1000,"bu","09:06:39",1525000
39500,700,294000,"bu","09:06:41",1819000
39400,600,10000,"sd","09:06:42",1829000
39500,700,75000,"bu","09:06:50",1904000
39500,700,20000,"bu","09:06:54",1924000
39500,700,2000,"bu","09:06:57",1926000
39400,600,2000,"sd","09:07:00",1928000
39400,600,3000,"bu","09:07:03",1931000
39400,600,10000,"bu","09:07:04",1941000
39500,700,60000,"bu","09:07:09",2001000
39400,600,2000,"sd","09:07:12",2003000
39400,600,3000,"sd","09:07:14",2006000
39400,600,2000,"sd","09:07:18",2008000
39400,600,33000,"sd","09:07:21",2041000
39500,700,10000,"sd","09:07:28",2051000
39400,600,2000,"bu","09:07:30",2053000
39400,600,10000,"bu","09:07:32",2063000
39400,600,377000,"bu","09:07:33",2440000
39400,600,10000,"sd","09:07:36",2450000
39400,600,20000,"sd","09:07:37",2470000
39400,600,1000,"bu","09:07:40",2471000
39400,600,30000,"bu","09:07:41",2501000
39400,600,7000,"bu","09:07:51",2508000
39400,600,2000,"bu","09:07:57",2510000
39400,600,20000,"sd","09:08:11",2530000
39400,600,113000,"bu","09:08:24",2643000
39400,600,20000,"bu","09:08:25",2663000
39400,600,2000,"bu","09:08:33",2665000
39400,600,40000,"sd","09:08:50",2705000
39400,600,3000,"sd","09:08:53",2708000
39400,600,10000,"sd","09:09:01",2718000
39400,600,2000,"bu","09:09:08",2720000
39400,600,30000,"sd","09:09:09",2750000
39400,600,5000,"sd","09:09:28",2755000
39400,600,2000,"sd","09:09:29",2757000
39400,600,7000,"bu","09:09:37",2764000
39400,600,19000,"bu","09:09:39",2783000
39300,500,56000,"bu","09:09:41",2839000
39300,500,4000,"sd","09:09:49",2843000
39300,500,6000,"bu","09:09:53",2849000
39400,600,4000,"bu","09:09:59",2853000
39400,600,12000,"bu","09:10:00",2865000
39400,600,6000,"sd","09:10:01",2871000
39400,600,2000,"bu","09:10:02",2873000
39400,600,4000,"bu","09:10:03",2877000
39400,600,4000,"bu","09:10:05",2881000
39400,600,20000,"bu","09:10:07",2901000
39400,600,4000,"bu","09:10:09",2905000
39400,600,4000,"sd","09:10:10",2909000
39400,600,4000,"bu","09:10:11",2913000
39400,600,2000,"sd","09:10:12",2915000
39400,600,4000,"bu","09:10:13",2919000
39400,600,6000,"sd","09:10:14",2925000
39400,600,8000,"sd","09:10:15",2933000
39400,600,8000,"sd","09:10:17",2941000
39400,600,4000,"sd","09:10:18",2945000
39400,600,4000,"sd","09:10:19",2949000
39400,600,7000,"sd","09:10:20",2956000
39400,600,4000,"bu","09:10:21",2960000
39400,600,2000,"bu","09:10:22",2962000
39400,600,2000,"sd","09:10:23",2964000
39500,700,22000,"sd","09:10:24",2986000
39400,600,7000,"bu","09:10:25",2993000
39400,600,3000,"bu","09:10:26",2996000
39400,600,6000,"bu","09:10:27",3002000
39400,600,4000,"sd","09:10:29",3006000
39400,600,2000,"bu","09:10:30",3008000
39400,600,12000,"sd","09:10:31",3020000
39400,600,11000,"sd","09:10:32",3031000
39300,500,456000,"bu","09:10:34",3487000
39400,600,4000,"sd","09:10:35",3491000
39400,600,2000,"bu","09:10:36",3493000
39500,700,2000,"sd","09:10:38",3495000
39500,700,4000,"bu","09:10:39",3499000
39500,700,2000,"bu","09:10:40",3501000
39500,700,2000,"bu","09:10:41",3503000
39500,700,6000,"sd","09:10:42",3509000
39500,700,2000,"bu","09:10:43",3511000
39500,700,32000,"sd","09:10:44",3543000
39500,700,2000,"bu","09:10:46",3545000
39500,700,2000,"sd","09:10:47",3547000
39500,700,2000,"sd","09:10:48",3549000
39400,600,3000,"sd","09:10:50",3552000
39400,600,4000,"bu","09:10:51",3556000
39400,600,2000,"bu","09:10:53",3558000
39400,600,2000,"bu","09:10:54",3560000
39400,600,4000,"bu","09:10:56",3564000
39400,600,2000,"sd","09:10:57",3566000
39400,600,18000,"bu","09:10:58",3584000
39400,600,5000,"sd","09:10:59",3589000
39400,600,10000,"sd","09:11:09",3599000
39500,700,10000,"bu","09:11:25",3609000
39500,700,8000,"sd","09:11:30",3617000
39400,600,1000,"bu","09:11:52",3618000
39400,600,10000,"sd","09:11:55",3628000
39400,600,10000,"sd","09:12:04",3638000
39500,700,7000,"bu","09:12:06",3645000
39500,700,9000,"sd","09:12:10",3654000
39400,600,2000,"sd","09:12:11",3656000
39400,600,20000,"bu","09:12:12",3676000
39400,600,3000,"bu","09:12:26",3679000
39400,600,2000,"bu","09:12:28",3681000
39400,600,127000,"bu","09:12:33",3808000
39400,600,4000,"bu","09:12:36",3812000
39400,600,50000,"sd","09:12:37",3862000
39400,600,1000,"sd","09:12:52",3863000
39300,500,53000,"bu","09:13:32",3916000
39400,600,20000,"bu","09:13:33",3936000
39300,500,2000,"sd","09:13:47",3938000
39300,500,3000,"bu","09:13:50",3941000
39400,600,1000,"bu","09:14:30",3942000
39300,500,200000,"sd","09:14:36",4142000
39400,600,16000,"bu","09:14:37",4158000
39400,600,8000,"sd","09:15:06",4166000
39400,600,2000,"bu","09:15:24",4168000
39400,600,10000,"bu","09:15:28",4178000
39400,600,170000,"sd","09:15:30",4348000
39300,500,20000,"sd","09:15:33",4368000
39400,600,40000,"bu","09:15:35",4408000
39300,500,1000,"sd","09:15:42",4409000
39300,500,49000,"bu","09:15:52",4458000
39300,500,2000,"sd","09:16:14",4460000
39200,400,1000,"bu","09:16:15",4461000
39200,400,49000,"bu","09:16:25",4510000
39300,500,4000,"sd","09:16:28",4514000
39300,500,5000,"bu","09:16:29",4519000
39200,400,30000,"bu","09:16:31",4549000
39300,500,250000,"sd","09:16:47",4799000
39300,500,2000,"sd","09:16:54",4801000
39300,500,30000,"bu","09:16:56",4831000
39300,500,2000,"sd","09:17:24",4833000
39300,500,5000,"bu","09:17:27",4838000
39300,500,20000,"bu","09:17:29",4858000
39300,500,2000,"sd","09:17:34",4860000
39300,500,3000,"sd","09:17:37",4863000
39300,500,20000,"sd","09:17:43",4883000
39300,500,10000,"bu","09:17:54",4893000
39300,500,3000,"sd","09:18:04",4896000
39300,500,2000,"sd","09:18:17",4898000
39300,500,13000,"bu","09:18:32",4911000
39300,500,2000,"bu","09:18:33",4913000
39300,500,1000,"bu","09:18:50",4914000
39400,600,100000,"bu","09:18:51",5014000
39300,500,10000,"bu","09:18:56",5024000
39400,600,20000,"sd","09:19:00",5044000
39300,500,1000,"bu","09:19:27",5045000
39300,500,2000,"sd","09:19:31",5047000
39400,600,2000,"sd","09:19:33",5049000
39300,500,3000,"bu","09:19:34",5052000
39300,500,10000,"sd","09:19:36",5062000
39300,500,10000,"sd","09:19:54",5072000
39300,500,55000,"bu","09:19:58",5127000
39300,500,6000,"sd","09:20:29",5133000
39300,500,50000,"sd","09:20:32",5183000
39300,500,1000,"sd","09:20:34",5184000
39300,500,115000,"sd","09:20:39",5299000
39300,500,2000,"sd","09:20:46",5301000
39300,500,5000,"bu","09:20:48",5306000
39300,500,1000,"bu","09:20:51",5307000
39300,500,1000,"bu","09:20:53",5308000
39300,500,14000,"bu","09:20:54",5322000
39300,500,4000,"bu","09:21:15",5326000
39300,500,6000,"bu","09:21:18",5332000
39300,500,4000,"sd","09:21:23",5336000
39300,500,6000,"sd","09:21:25",5342000
39300,500,20000,"sd","09:21:28",5362000
39300,500,20000,"bu","09:21:31",5382000
39400,600,53000,"bu","09:21:33",5435000
39300,500,20000,"bu","09:21:42",5455000
39300,500,50000,"sd","09:21:50",5505000
39300,500,10000,"bu","09:21:55",5515000
39300,500,13000,"bu","09:22:01",5528000
39300,500,2000,"sd","09:22:19",5530000
39300,500,4000,"sd","09:22:26",5534000
39300,500,6000,"bu","09:22:29",5540000
39300,500,10000,"sd","09:22:31",5550000
39300,500,5000,"sd","09:22:42",5555000
39300,500,52000,"sd","09:22:46",5607000
39300,500,30000,"bu","09:22:47",5637000
39300,500,1000,"sd","09:22:58",5638000
39300,500,10000,"sd","09:23:05",5648000
39300,500,120000,"bu","09:23:20",5768000
39300,500,10000,"sd","09:23:27",5778000
39400,600,11000,"bu","09:24:04",5789000
39300,500,26000,"sd","09:24:10",5815000
39300,500,1000,"bu","09:24:14",5816000
39300,500,20000,"bu","09:24:16",5836000
39300,500,10000,"bu","09:24:17",5846000
39300,500,30000,"sd","09:24:34",5876000
39300,500,20000,"bu","09:24:42",5896000
39300,500,60000,"bu","09:24:43",5956000
39300,500,30000,"bu","09:24:55",5986000
39300,500,80000,"bu","09:25:01",6066000
39300,500,4000,"bu","09:25:04",6070000
39300,500,32000,"sd","09:25:06",6102000
39300,500,7000,"sd","09:25:12",6109000
39300,500,2000,"sd","09:25:19",6111000
39300,500,5000,"sd","09:25:26",6116000
39300,500,3000,"bu","09:25:33",6119000
39300,500,50000,"bu","09:25:35",6169000
39300,500,10000,"bu","09:25:57",6179000
39300,500,18000,"sd","09:25:58",6197000
39300,500,6000,"bu","09:26:01",6203000
39300,500,3000,"sd","09:26:03",6206000
39300,500,5000,"bu","09:26:05",6211000
39400,600,26000,"bu","09:26:16",6237000
39300,500,10000,"sd","09:26:18",6247000
39300,500,10000,"bu","09:26:51",6257000
39300,500,4000,"sd","09:27:04",6261000
39300,500,6000,"bu","09:27:05",6267000
39300,500,20000,"sd","09:27:18",6287000
39300,500,30000,"sd","09:27:20",6317000
39300,500,4000,"sd","09:27:22",6321000
39300,500,6000,"sd","09:27:25",6327000
39300,500,50000,"bu","09:27:44",6377000
39300,500,5000,"sd","09:27:50",6382000
39300,500,90000,"sd","09:27:52",6472000
39300,500,50000,"bu","09:28:17",6522000
39300,500,50000,"bu","09:28:27",6572000
39300,500,50000,"bu","09:28:31",6622000
39300,500,10000,"bu","09:28:42",6632000
39300,500,1000,"bu","09:28:44",6633000
39300,500,1000,"sd","09:29:01",6634000
39300,500,120000,"sd","09:29:32",6754000
39300,500,100000,"sd","09:29:38",6854000
39300,500,179000,"sd","09:29:41",7033000
39400,600,1000000,"sd","09:29:42",8033000
39300,500,8000,"bu","09:29:49",8041000
39400,600,3000,"sd","09:30:45",8044000
39400,600,110000,"bu","09:30:48",8154000
39400,600,5000,"bu","09:31:07",8159000
39400,600,221000,"sd","09:31:27",8380000
39400,600,2000,"bu","09:31:29",8382000
39400,600,2000,"bu","09:31:30",8384000
39500,700,1000,"sd","09:31:42",8385000
39500,700,395000,"bu","09:32:04",8780000
39400,600,4000,"sd","09:32:11",8784000
39400,600,101000,"sd","09:32:13",8885000
39400,600,1000,"sd","09:32:14",8886000
39400,600,1000,"sd","09:32:18",8887000
39400,600,5000,"sd","09:32:19",8892000
39400,600,20000,"bu","09:32:47",8912000
39400,600,20000,"bu","09:33:07",8932000
39400,600,5000,"bu","09:33:09",8937000
39400,600,4000,"bu","09:33:12",8941000
39400,600,6000,"bu","09:33:15",8947000
39500,700,2000,"sd","09:33:19",8949000
39400,600,15000,"bu","09:33:22",8964000
39300,500,10000,"sd","09:33:34",8974000
39300,500,1000,"sd","09:33:48",8975000
39300,500,1000,"sd","09:34:05",8976000
39400,600,20000,"bu","09:34:07",8996000
39400,600,2000,"sd","09:34:13",8998000
39400,600,30000,"bu","09:34:55",9028000
39400,600,18000,"bu","09:34:56",9046000
39400,600,20000,"sd","09:35:00",9066000
39400,600,12000,"bu","09:35:25",9078000
39400,600,500000,"bu","09:35:47",9578000
39400,600,1000,"bu","09:35:50",9579000
39400,600,500000,"bu","09:36:33",10079000
39400,600,5000,"bu","09:36:34",10084000
39400,600,1000,"sd","09:36:40",10085000
39400,600,8000,"sd","09:36:47",10093000
39400,600,50000,"bu","09:37:00",10143000
39400,600,4000,"bu","09:37:12",10147000
39400,600,6000,"bu","09:37:15",10153000
39400,600,10000,"bu","09:37:18",10163000
39400,600,6000,"sd","09:37:44",10169000
39400,600,150000,"bu","09:37:49",10319000
39400,600,1000,"sd","09:38:09",10320000
39400,600,2000,"sd","09:38:41",10322000
39400,600,10000,"bu","09:38:46",10332000
39400,600,2000,"sd","09:39:05",10334000
39400,600,2000,"sd","09:39:16",10336000
39500,700,300000,"bu","09:39:20",10636000
39400,600,1000,"bu","09:39:53",10637000
39500,700,10000,"bu","09:39:57",10647000
39500,700,5000,"sd","09:40:14",10652000
39500,700,1000,"sd","09:40:18",10653000
39500,700,100000,"sd","09:40:41",10753000
39500,700,200000,"bu","09:40:54",10953000
39400,600,20000,"sd","09:40:56",10973000
39500,700,506000,"sd","09:40:58",11479000
39500,700,2000,"bu","09:41:06",11481000
39400,600,1000,"sd","09:41:14",11482000
39500,700,1000,"sd","09:41:15",11483000
39500,700,12000,"sd","09:41:16",11495000
39500,700,4000,"bu","09:41:25",11499000
39500,700,7000,"bu","09:41:30",11506000
39400,600,1000,"bu","09:41:32",11507000
39500,700,170000,"sd","09:41:35",11677000
39400,600,10000,"bu","09:41:40",11687000
39500,700,30000,"sd","09:41:41",11717000
39400,600,15000,"sd","09:41:42",11732000
39500,700,260000,"sd","09:41:44",11992000
39400,600,30000,"sd","09:41:46",12022000
39500,700,95000,"bu","09:42:03",12117000
39500,700,200000,"bu","09:42:14",12317000
39500,700,100000,"bu","09:42:17",12417000
39500,700,100000,"bu","09:42:18",12517000
39500,700,159000,"sd","09:42:19",12676000
39500,700,110000,"bu","09:42:20",12786000
39500,700,50000,"bu","09:42:21",12836000
39500,700,165000,"bu","09:42:22",13001000
39500,700,111000,"sd","09:42:23",13112000
39500,700,68000,"bu","09:42:26",13180000
39500,700,89000,"sd","09:42:28",13269000
39500,700,50000,"bu","09:42:29",13319000
39500,700,2000,"bu","09:42:56",13321000
39500,700,10000,"sd","09:43:05",13331000
39500,700,1000,"sd","09:43:20",13332000
39500,700,1000,"sd","09:43:28",13333000
39500,700,1000,"sd","09:43:45",13334000
39500,700,305000,"sd","09:43:54",13639000
39500,700,200000,"bu","09:44:02",13839000
39500,700,21000,"sd","09:44:05",13860000
39500,700,1000,"sd","09:44:34",13861000
39500,700,63000,"sd","09:44:44",13924000
39500,700,50000,"bu","09:44:47",13974000
39500,700,88000,"bu","09:44:57",14062000
39500,700,50000,"bu","09:45:03",14112000
39500,700,1000,"sd","09:45:06",14113000
39500,700,4000,"bu","09:45:09",14117000
39500,700,20000,"sd","09:45:15",14137000
39500,700,14000,"sd","09:45:24",14151000
39500,700,1000,"bu","09:45:38",14152000
39500,700,2000,"bu","09:45:47",14154000
39500,700,70000,"sd","09:45:52",14224000
39500,700,10000,"bu","09:46:05",14234000
39500,700,10000,"bu","09:46:13",14244000
39500,700,40000,"bu","09:46:17",14284000
39400,600,4000,"sd","09:46:18",14288000
39500,700,6000,"bu","09:46:19",14294000
39400,600,6000,"sd","09:46:20",14300000
39500,700,20000,"bu","09:46:35",14320000
39500,700,9000,"bu","09:46:46",14329000
39500,700,7000,"sd","09:46:56",14336000
39500,700,2000,"sd","09:47:01",14338000
39500,700,100000,"sd","09:47:16",14438000
39500,700,11000,"sd","09:47:18",14449000
39500,700,28000,"sd","09:47:31",14477000
39500,700,3000,"bu","09:47:36",14480000
39500,700,14000,"bu","09:47:51",14494000
39500,700,3000,"bu","09:47:58",14497000
39500,700,61000,"sd","09:48:03",14558000
39500,700,1000,"bu","09:48:11",14559000
39500,700,50000,"sd","09:48:20",14609000
39500,700,10000,"bu","09:48:23",14619000
39500,700,19000,"sd","09:48:36",14638000
39500,700,1000,"bu","09:49:15",14639000
39500,700,7000,"sd","09:49:16",14646000
39500,700,1000,"sd","09:49:20",14647000
39500,700,1000,"sd","09:49:30",14648000
39500,700,3000,"bu","09:49:39",14651000
39500,700,3000,"bu","09:49:39",14651000
39500,700,3000,"sd","09:49:39",14651000
39600,800,22000,"sd","09:49:41",14673000
39600,800,145000,"sd","09:49:44",14818000
39500,700,1000,"sd","09:49:45",14819000
39600,800,64000,"bu","09:50:05",14883000
39500,700,211000,"bu","09:50:12",15094000
39600,800,300000,"bu","09:50:48",15394000
39600,800,73000,"sd","09:50:51",15467000
39600,800,13000,"sd","09:50:53",15480000
39600,800,30000,"sd","09:50:54",15510000
39600,800,100000,"bu","09:50:58",15610000
39600,800,13000,"sd","09:51:01",15623000
39600,800,21000,"sd","09:51:02",15644000
39600,800,84000,"bu","09:51:04",15728000
39600,800,62000,"sd","09:51:08",15790000
39600,800,304000,"sd","09:51:10",16094000
39600,800,10000,"sd","09:51:11",16104000
39600,800,32000,"bu","09:51:15",16136000
39600,800,3000,"sd","09:51:53",16139000
39600,800,5000,"sd","09:52:11",16144000
39600,800,8000,"bu","09:52:12",16152000
39600,800,2000,"sd","09:52:13",16154000
39600,800,2000,"sd","09:52:16",16156000
39600,800,20000,"bu","09:52:40",16176000
39600,800,5000,"bu","09:52:52",16181000
39600,800,37000,"sd","09:53:00",16218000
39600,800,1000,"sd","09:53:01",16219000
39700,900,100000,"bu","09:53:02",16319000
39600,800,200000,"sd","09:53:07",16519000
39600,800,1000,"bu","09:53:19",16520000
39600,800,1000,"bu","09:53:26",16521000
39600,800,5000,"sd","09:53:27",16526000
39600,800,50000,"bu","09:53:39",16576000
39600,800,5000,"sd","09:53:52",16581000
39600,800,5000,"bu","09:53:57",16586000
39600,800,15000,"bu","09:54:05",16601000
39600,800,200000,"sd","09:54:22",16801000
39600,800,100000,"bu","09:54:32",16901000
39600,800,3000,"bu","09:54:38",16904000
39600,800,100000,"sd","09:54:39",17004000
39600,800,10000,"sd","09:54:43",17014000
39600,800,1000,"sd","09:54:49",17015000
39600,800,1000,"bu","09:54:50",17016000
39700,900,10000,"bu","09:54:54",17026000
39600,800,23000,"sd","09:54:56",17049000
39600,800,2000,"bu","09:55:01",17051000
39700,900,40000,"sd","09:55:05",17091000
39700,900,50000,"sd","09:55:06",17141000
39700,900,200000,"sd","09:55:15",17341000
39700,900,1000,"bu","09:55:17",17342000
39700,900,10000,"sd","09:55:22",17352000
39700,900,2000,"bu","09:55:30",17354000
39700,900,10000,"bu","09:55:31",17364000
39700,900,5000,"bu","09:55:41",17369000
39700,900,2000,"bu","09:55:52",17371000
39700,900,50000,"bu","09:56:49",17421000
39600,800,4000,"bu","09:56:54",17425000
39700,900,3000,"sd","09:56:55",17428000
39600,800,6000,"sd","09:56:57",17434000
39700,900,1000,"sd","09:57:00",17435000
39600,800,2000,"bu","09:57:10",17437000
39600,800,10000,"sd","09:57:16",17447000
39600,800,1000,"sd","09:57:27",17448000
39700,900,12000,"sd","09:57:31",17460000
39600,800,1000,"bu","09:57:33",17461000
39600,800,10000,"bu","09:57:56",17471000
39600,800,10000,"sd","09:58:00",17481000
39600,800,2000,"bu","09:58:04",17483000
39600,800,1000,"bu","09:58:07",17484000
39600,800,10000,"bu","09:58:14",17494000
39600,800,10000,"bu","09:58:24",17504000
39700,900,50000,"sd","09:58:25",17554000
39700,900,2000,"bu","09:58:33",17556000
39600,800,3000,"sd","09:58:44",17559000
39600,800,5000,"sd","09:58:45",17564000
39700,900,23000,"bu","09:58:46",17587000
39600,800,30000,"sd","09:59:00",17617000
39600,800,200000,"bu","09:59:04",17817000
39600,800,248000,"bu","09:59:17",18065000
39600,800,13000,"sd","09:59:29",18078000
39600,800,1000,"sd","10:00:02",18079000
39600,800,20000,"sd","10:00:45",18099000
39600,800,10000,"bu","10:00:52",18109000
39600,800,5000,"sd","10:01:13",18114000
39500,700,350000,"bu","10:02:16",18464000
39500,700,1000,"sd","10:02:21",18465000
39500,700,33000,"sd","10:02:30",18498000
39500,700,5000,"sd","10:02:34",18503000
39500,700,30000,"sd","10:02:49",18533000
39500,700,20000,"sd","10:02:51",18553000
39500,700,4000,"bu","10:02:59",18557000
39500,700,10000,"sd","10:03:05",18567000
39400,600,5000,"sd","10:03:09",18572000
39400,600,1000,"sd","10:03:10",18573000
39500,700,5000,"sd","10:03:24",18578000
39400,600,20000,"bu","10:03:25",18598000
39500,700,6000,"bu","10:03:28",18604000
39400,600,12000,"bu","10:03:44",18616000
39500,700,2000,"sd","10:03:45",18618000
39400,600,50000,"bu","10:04:09",18668000
39400,600,1000,"sd","10:04:25",18669000
39500,700,10000,"bu","10:04:31",18679000
39400,600,3000,"bu","10:04:49",18682000
39400,600,4000,"sd","10:04:56",18686000
39400,600,6000,"bu","10:04:58",18692000
39400,600,5000,"bu","10:04:59",18697000
39400,600,2000,"sd","10:05:08",18699000
39500,700,1000,"sd","10:05:34",18700000
39400,600,4000,"sd","10:06:38",18704000
39400,600,6000,"sd","10:06:41",18710000
39400,600,3000,"sd","10:06:45",18713000
39400,600,4000,"sd","10:06:46",18717000
39400,600,6000,"sd","10:06:49",18723000
39400,600,2000,"bu","10:06:50",18725000
39400,600,92000,"bu","10:07:52",18817000
39400,600,40000,"bu","10:07:58",18857000
39400,600,44000,"sd","10:08:19",18901000
39500,700,25000,"bu","10:09:21",18926000
39500,700,100000,"bu","10:09:45",19026000
39500,700,5000,"bu","10:09:55",19031000
39500,700,11000,"sd","10:09:57",19042000
39500,700,147000,"sd","10:10:00",19189000
39500,700,50000,"sd","10:10:11",19239000
39500,700,5000,"bu","10:10:16",19244000
39500,700,5000,"sd","10:10:38",19249000
39400,600,2000,"sd","10:10:44",19251000
39500,700,5000,"sd","10:10:48",19256000
39500,700,15000,"bu","10:10:51",19271000
39500,700,100000,"sd","10:11:34",19371000
39500,700,1000,"bu","10:11:39",19372000
39500,700,4000,"bu","10:11:51",19376000
39500,700,10000,"sd","10:12:02",19386000
39500,700,80000,"bu","10:12:15",19466000
39500,700,2000,"sd","10:12:31",19468000
39500,700,19000,"bu","10:12:38",19487000
39500,700,4000,"sd","10:13:06",19491000
39500,700,1000,"sd","10:13:20",19492000
39500,700,2000,"sd","10:13:24",19494000
39500,700,10000,"bu","10:13:52",19504000
39500,700,2000,"bu","10:13:54",19506000
39500,700,2000,"bu","10:14:24",19508000
39500,700,50000,"bu","10:14:24",19558000
39500,700,20000,"sd","10:14:27",19578000
39500,700,8000,"bu","10:14:32",19586000
39500,700,9000,"bu","10:14:37",19595000
39400,600,13000,"sd","10:14:50",19608000
39500,700,10000,"bu","10:15:00",19618000
39400,600,20000,"bu","10:15:14",19638000
39500,700,10000,"sd","10:15:31",19648000
39400,600,8000,"sd","10:16:44",19656000
39500,700,17000,"sd","10:17:25",19673000
39500,700,50000,"sd","10:17:36",19723000
39400,600,10000,"bu","10:17:53",19733000
39500,700,1000,"bu","10:18:32",19734000
39400,600,30000,"bu","10:18:36",19764000
39400,600,3000,"bu","10:18:39",19767000
39500,700,100000,"bu","10:19:32",19867000
39500,700,390000,"bu","10:20:01",20257000
39500,700,10000,"sd","10:20:21",20267000
39500,700,10000,"sd","10:20:34",20277000
39600,800,2000,"sd","10:20:41",20279000
39600,800,2000,"bu","10:21:27",20281000
39500,700,20000,"sd","10:21:47",20301000
39600,800,15000,"bu","10:21:51",20316000
39600,800,4000,"bu","10:21:58",20320000
39500,700,1000,"bu","10:23:18",20321000
39500,700,50000,"sd","10:23:24",20371000
39500,700,285000,"sd","10:23:36",20656000
39500,700,20000,"sd","10:23:42",20676000
39400,600,70000,"sd","10:24:00",20746000
39500,700,5000,"sd","10:24:07",20751000
39500,700,200000,"bu","10:24:11",20951000
39500,700,200000,"sd","10:24:47",21151000
39400,600,34000,"bu","10:24:54",21185000
39500,700,30000,"sd","10:25:19",21215000
39500,700,50000,"bu","10:25:25",21265000
39500,700,50000,"bu","10:26:06",21315000
39500,700,20000,"bu","10:27:14",21335000
39500,700,100000,"sd","10:27:21",21435000
39400,600,20000,"bu","10:27:25",21455000
39500,700,11000,"bu","10:28:08",21466000
39500,700,6000,"bu","10:28:29",21472000
39500,700,50000,"sd","10:29:08",21522000
39400,600,60000,"sd","10:29:11",21582000
39400,600,6000,"bu","10:29:14",21588000
39500,700,56000,"sd","10:29:19",21644000
39500,700,40000,"sd","10:29:21",21684000
39500,700,1000,"bu","10:29:27",21685000
39500,700,80000,"bu","10:29:36",21765000
39500,700,1000,"sd","10:29:46",21766000
39500,700,9000,"bu","10:30:26",21775000
39500,700,4000,"sd","10:30:49",21779000
39500,700,15000,"bu","10:30:56",21794000
39500,700,60000,"bu","10:31:11",21854000
39500,700,9000,"sd","10:31:31",21863000
39500,700,10000,"sd","10:31:38",21873000
39500,700,20000,"sd","10:31:46",21893000
39500,700,1000,"sd","10:32:04",21894000
39500,700,1000,"sd","10:32:24",21895000
39500,700,3000,"bu","10:32:25",21898000
39500,700,1000,"bu","10:32:31",21899000
39500,700,3000,"bu","10:32:33",21902000
39400,600,50000,"bu","10:32:34",21952000
39500,700,10000,"sd","10:32:36",21962000
39500,700,10000,"bu","10:32:39",21972000
39500,700,250000,"bu","10:32:40",22222000
39400,600,2000,"sd","10:32:56",22224000
39500,700,50000,"sd","10:33:03",22274000
39500,700,1000,"bu","10:33:08",22275000
39500,700,60000,"sd","10:33:09",22335000
39500,700,143000,"bu","10:33:14",22478000
39500,700,100000,"bu","10:33:18",22578000
39500,700,1000,"sd","10:33:32",22579000
39500,700,20000,"sd","10:33:33",22599000
39500,700,14000,"bu","10:33:36",22613000
39500,700,4000,"sd","10:33:55",22617000
39500,700,6000,"sd","10:33:57",22623000
39500,700,1000,"bu","10:33:58",22624000
39500,700,35000,"sd","10:34:02",22659000
39500,700,43000,"sd","10:34:06",22702000
39500,700,371000,"sd","10:34:07",23073000
39500,700,99000,"bu","10:34:08",23172000
39500,700,60000,"bu","10:34:22",23232000
39500,700,1000,"bu","10:34:31",23233000
39500,700,1000,"sd","10:35:18",23234000
39500,700,10000,"bu","10:35:57",23244000
39400,600,1000,"sd","10:36:22",23245000
39500,700,5000,"sd","10:36:24",23250000
39500,700,2000,"sd","10:36:54",23252000
39500,700,110000,"bu","10:36:59",23362000
39400,600,5000,"sd","10:37:47",23367000
39400,600,17000,"bu","10:38:10",23384000
39400,600,18000,"bu","10:38:11",23402000
39400,600,23000,"bu","10:38:14",23425000
39400,600,3000,"sd","10:38:21",23428000
39400,600,10000,"sd","10:38:49",23438000
39400,600,36000,"sd","10:39:02",23474000
39400,600,6000,"bu","10:39:12",23480000
39400,600,10000,"sd","10:39:19",23490000
39500,700,50000,"sd","10:39:25",23540000
39400,600,10000,"sd","10:39:37",23550000
39500,700,32000,"bu","10:39:45",23582000
39400,600,1000,"sd","10:40:03",23583000
39500,700,50000,"bu","10:40:11",23633000
39500,700,30000,"sd","10:40:32",23663000
39500,700,10000,"bu","10:40:35",23673000
39500,700,10000,"bu","10:40:47",23683000
39500,700,1000,"bu","10:41:06",23684000
39500,700,80000,"bu","10:41:24",23764000
39500,700,50000,"bu","10:41:31",23814000
39500,700,50000,"sd","10:41:37",23864000
39500,700,50000,"sd","10:41:44",23914000
39400,600,30000,"bu","10:42:05",23944000
39500,700,1000,"bu","10:42:11",23945000
39400,600,6000,"sd","10:42:13",23951000
39500,700,39000,"sd","10:42:16",23990000
39500,700,5000,"bu","10:42:46",23995000
39500,700,50000,"bu","10:43:06",24045000
39500,700,3000,"bu","10:43:19",24048000
39500,700,50000,"bu","10:43:25",24098000
39500,700,13000,"sd","10:43:55",24111000
39500,700,55000,"sd","10:43:57",24166000
39400,600,1000,"sd","10:44:03",24167000
39400,600,5000,"sd","10:44:12",24172000
39500,700,1000,"bu","10:44:16",24173000
39400,600,32000,"bu","10:44:17",24205000
39400,600,3000,"bu","10:44:28",24208000
39500,700,3000,"bu","10:44:29",24211000
39500,700,100000,"bu","10:44:32",24311000
39500,700,100000,"sd","10:44:38",24411000
39500,700,1000,"sd","10:44:49",24412000
39500,700,81000,"sd","10:44:52",24493000
39400,600,5000,"sd","10:44:53",24498000
39500,700,1000,"sd","10:45:03",24499000
39500,700,3000,"sd","10:45:16",24502000
39500,700,1000,"sd","10:45:23",24503000
39500,700,7000,"bu","10:45:25",24510000
39500,700,20000,"sd","10:45:32",24530000
39500,700,20000,"sd","10:45:33",24550000
39500,700,58000,"sd","10:45:38",24608000
39500,700,1000,"bu","10:45:43",24609000
39500,700,80000,"sd","10:45:44",24689000
39400,600,27000,"sd","10:45:46",24716000
39400,600,20000,"sd","10:45:58",24736000
39400,600,3000,"sd","10:46:03",24739000
39500,700,57000,"bu","10:46:12",24796000
39400,600,1000,"bu","10:46:15",24797000
39500,700,100000,"bu","10:46:34",24897000
39500,700,18000,"sd","10:46:38",24915000
39500,700,13000,"bu","10:47:00",24929000
39500,700,3000,"sd","10:47:03",24932000
39500,700,1000,"sd","10:47:05",24933000
39500,700,1000,"bu","10:47:06",24934000
39500,700,18000,"bu","10:47:09",24952000
39500,700,50000,"sd","10:47:20",25002000
39500,700,6000,"sd","10:47:37",25008000
39400,600,20000,"bu","10:47:40",25028000
39500,700,5000,"bu","10:47:48",25033000
39500,700,25000,"sd","10:47:49",25058000
39500,700,1000,"bu","10:48:16",25059000
39500,700,1000,"sd","10:48:16",25059000
39500,700,150000,"bu","10:48:30",25209000
39500,700,50000,"bu","10:48:33",25259000
39500,700,5000,"sd","10:48:45",25264000
39500,700,1000,"sd","10:48:50",25265000
39500,700,1000,"sd","10:49:11",25266000
39400,600,30000,"sd","10:49:22",25296000
39400,600,20000,"sd","10:49:41",25316000
39400,600,100000,"bu","10:49:50",25416000
39500,700,300000,"bu","10:49:57",25716000
39400,600,1000,"bu","10:50:13",25717000
39500,700,5000,"bu","10:50:28",25722000
39500,700,18000,"bu","10:50:30",25740000
39500,700,13000,"sd","10:50:47",25753000
39400,600,10000,"sd","10:50:48",25763000
39500,700,3000,"bu","10:50:49",25766000
39500,700,10000,"sd","10:50:50",25776000
39500,700,6000,"bu","10:51:15",25782000
39500,700,1000000,"bu","10:51:20",26782000
39500,700,10000,"sd","10:51:23",26792000
39500,700,200000,"sd","10:51:40",26992000
39500,700,20000,"sd","10:51:47",27012000
39500,700,30000,"bu","10:51:54",27042000
39500,700,40000,"bu","10:51:57",27082000
39500,700,100000,"sd","10:52:00",27182000
39500,700,300000,"bu","10:52:02",27482000
39500,700,400000,"bu","10:52:03",27882000
39500,700,2000,"sd","10:52:06",27884000
39500,700,20000,"sd","10:52:07",27904000
39500,700,150000,"bu","10:52:14",28054000
39500,700,60000,"sd","10:52:16",28114000
39500,700,80000,"bu","10:52:17",28194000
39500,700,3000,"sd","10:52:25",28197000
39500,700,139000,"sd","10:52:33",28336000
39500,700,61000,"bu","10:52:34",28397000
39500,700,10000,"bu","10:52:35",28407000
39500,700,80000,"sd","10:52:36",28487000
39500,700,30000,"bu","10:52:38",28517000
39500,700,100000,"sd","10:52:39",28617000
39500,700,10000,"bu","10:52:40",28627000
39500,700,54000,"sd","10:52:42",28681000
39400,600,1000,"sd","10:52:45",28682000
39500,700,100000,"bu","10:52:47",28782000
39500,700,30000,"sd","10:52:51",28812000
39500,700,17000,"sd","10:52:53",28829000
39500,700,50000,"sd","10:52:54",28879000
39500,700,8000,"sd","10:52:57",28887000
39500,700,118000,"bu","10:53:01",29005000
39500,700,50000,"sd","10:53:03",29055000
39500,700,50000,"sd","10:53:10",29105000
39500,700,10000,"sd","10:53:18",29115000
39500,700,1000,"bu","10:53:30",29116000
39500,700,6000,"bu","10:53:31",29122000
39500,700,20000,"sd","10:53:34",29142000
39500,700,67000,"bu","10:53:35",29209000
39500,700,10000,"sd","10:53:44",29219000
39600,800,20000,"sd","10:53:53",29239000
39500,700,3000,"sd","10:53:54",29242000
39500,700,10000,"bu","10:53:59",29252000
39500,700,17000,"bu","10:54:01",29269000
39500,700,80000,"sd","10:54:06",29349000
39500,700,440000,"sd","10:54:44",29789000
39500,700,35000,"sd","10:55:06",29824000
39500,700,10000,"sd","10:55:24",29834000
39500,700,10000,"sd","10:55:38",29844000
39500,700,1000,"sd","10:55:40",29845000
39500,700,6000,"bu","10:55:41",29851000
39500,700,6000,"sd","10:55:48",29857000
39500,700,1000,"bu","10:56:00",29858000
39500,700,20000,"sd","10:56:12",29878000
39500,700,20000,"bu","10:56:14",29898000
39500,700,1000,"bu","10:56:41",29899000
39600,800,50000,"sd","10:57:03",29949000
39500,700,10000,"bu","10:57:14",29959000
39500,700,4000,"bu","10:57:25",29963000
39500,700,6000,"bu","10:57:29",29969000
39600,800,10000,"sd","10:57:34",29979000
39600,800,3000,"sd","10:58:03",29982000
39600,800,30000,"sd","10:58:04",30012000
39500,700,309000,"sd","10:58:18",30321000
39600,800,300000,"bu","10:58:31",30621000
39500,700,2000,"sd","10:58:34",30623000
39600,800,330000,"sd","10:58:36",30953000
39600,800,3000,"bu","10:58:49",30956000
39600,800,8000,"bu","10:59:06",30964000
39600,800,30000,"bu","10:59:13",30994000
39600,800,20000,"bu","10:59:21",31014000
39600,800,30000,"sd","10:59:33",31044000
39600,800,30000,"sd","10:59:41",31074000
39600,800,2000,"sd","10:59:50",31076000
39600,800,10000,"bu","10:59:57",31086000
39600,800,2000,"bu","11:00:17",31088000
39600,800,5000,"bu","11:00:19",31093000
39600,800,28000,"bu","11:00:26",31121000
39600,800,10000,"bu","11:00:58",31131000
39600,800,15000,"sd","11:01:00",31146000
39600,800,15000,"bu","11:01:10",31161000
39600,800,1000,"sd","11:01:15",31162000
39600,800,75000,"bu","11:01:25",31237000
39600,800,200000,"sd","11:01:31",31437000
39600,800,5000,"sd","11:01:34",31442000
39700,900,1000,"sd","11:01:38",31443000
39600,800,5000,"sd","11:01:47",31448000
39600,800,20000,"sd","11:01:52",31468000
39600,800,75000,"bu","11:02:00",31543000
39600,800,6000,"sd","11:02:01",31549000
39700,900,2000,"bu","11:02:22",31551000
39600,800,10000,"sd","11:02:58",31561000
39600,800,1000,"bu","11:03:13",31562000
39600,800,1000,"bu","11:03:29",31563000
39600,800,2000,"sd","11:03:33",31565000
39600,800,10000,"sd","11:03:44",31575000
39600,800,14000,"bu","11:04:04",31589000
39700,900,30000,"bu","11:04:35",31619000
39600,800,20000,"bu","11:04:40",31639000
39600,800,1000,"bu","11:04:54",31640000
39700,900,150000,"bu","11:04:58",31790000
39600,800,5000,"sd","11:05:01",31795000
39600,800,4000,"bu","11:05:17",31799000
39600,800,6000,"bu","11:05:19",31805000
39600,800,1000,"sd","11:05:26",31806000
39600,800,2000,"bu","11:05:28",31808000
39700,900,2000,"bu","11:05:29",31810000
39700,900,50000,"bu","11:05:46",31860000
39700,900,1000,"bu","11:05:47",31861000
39600,800,2000,"bu","11:06:43",31863000
39600,800,4000,"bu","11:06:44",31867000
39600,800,2000,"sd","11:06:45",31869000
39600,800,2000,"sd","11:07:00",31871000
39600,800,15000,"sd","11:07:02",31886000
39600,800,1000,"bu","11:07:12",31887000
39600,800,90000,"sd","11:07:13",31977000
39600,800,15000,"sd","11:07:14",31992000
39600,800,100000,"bu","11:07:56",32092000
39600,800,10000,"sd","11:08:16",32102000
39600,800,5000,"sd","11:08:18",32107000
39600,800,2000,"bu","11:08:23",32109000
39600,800,10000,"bu","11:08:35",32119000
39500,700,2000,"bu","11:08:55",32121000
39500,700,3000,"bu","11:09:02",32124000
39600,800,8000,"bu","11:09:20",32132000
39500,700,1000,"bu","11:09:27",32133000
39500,700,20000,"bu","11:09:35",32153000
39600,800,30000,"bu","11:09:36",32183000
39600,800,200000,"bu","11:10:08",32383000
39500,700,102000,"bu","11:10:13",32485000
39500,700,1000,"bu","11:11:36",32486000
39500,700,1000,"bu","11:11:38",32487000
39500,700,200000,"sd","11:11:57",32687000
39500,700,50000,"bu","11:12:19",32737000
39500,700,1000,"sd","11:12:24",32738000
39500,700,1000,"sd","11:14:40",32739000
39500,700,1000,"sd","11:14:46",32740000
39500,700,100000,"sd","11:14:57",32840000
39500,700,2000,"sd","11:15:23",32842000
39500,700,1000,"sd","11:15:45",32843000
39500,700,1000,"bu","11:15:49",32844000
39500,700,4000,"sd","11:16:01",32848000
39500,700,10000,"bu","11:16:22",32858000
39600,800,100000,"bu","11:16:26",32958000
39600,800,33000,"bu","11:16:39",32991000
39500,700,50000,"sd","11:17:24",33041000
39500,700,50000,"sd","11:17:45",33091000
39500,700,10000,"sd","11:18:09",33101000
39500,700,10000,"bu","11:18:10",33111000
39500,700,5000,"bu","11:18:15",33116000
39500,700,50000,"sd","11:18:28",33166000
39500,700,1000,"bu","11:18:49",33167000
39500,700,10000,"sd","11:18:52",33177000
39500,700,11000,"bu","11:19:08",33188000
39500,700,61000,"bu","11:19:15",33249000
39500,700,18000,"bu","11:19:19",33267000
39500,700,10000,"bu","11:19:29",33277000
39500,700,100000,"sd","11:19:41",33377000
39500,700,10000,"sd","11:19:43",33387000
39500,700,1000,"sd","11:19:48",33388000
39600,800,10000,"sd","11:19:49",33398000
39500,700,2000,"bu","11:20:11",33400000
39600,800,7000,"sd","11:20:23",33407000
39500,700,5000,"sd","11:20:26",33412000
39500,700,20000,"bu","11:21:01",33432000
39500,700,5000,"bu","11:21:18",33437000
39500,700,10000,"bu","11:21:38",33447000
39500,700,5000,"bu","11:21:49",33452000
39500,700,150000,"bu","11:21:52",33602000
39500,700,50000,"sd","11:22:08",33652000
39500,700,10000,"bu","11:22:32",33662000
39500,700,1000,"sd","11:22:49",33663000
39500,700,45000,"bu","11:22:56",33708000
39500,700,115000,"sd","11:23:03",33823000
39500,700,25000,"bu","11:23:04",33848000
39500,700,10000,"sd","11:23:22",33858000
39500,700,359000,"sd","11:23:26",34217000
39500,700,14000,"sd","11:23:39",34231000
39500,700,1000,"bu","11:23:47",34232000
39400,600,200000,"bu","11:25:26",34432000
39400,600,255000,"sd","11:25:51",34687000
39400,600,4000,"sd","11:26:54",34691000
39400,600,3000,"bu","11:26:55",34694000
39400,600,40000,"sd","11:27:04",34734000
39400,600,200000,"sd","11:27:36",34934000
39400,600,246000,"bu","11:27:47",35180000
39400,600,10000,"sd","11:28:06",35190000
39300,500,1000,"bu","11:28:24",35191000
39400,600,10000,"bu","11:28:44",35201000
39300,500,1000,"sd","11:29:14",35202000
39400,600,71000,"sd","11:29:19",35273000
39300,500,1000,"bu","11:29:28",35274000
39400,600,3000,"bu","11:29:42",35277000
39300,500,16000,"bu","13:00:02",35293000
39400,600,39000,"bu","13:00:04",35332000
39400,600,50000,"bu","13:00:05",35382000
39400,600,6000,"sd","13:00:05",35388000
39400,600,3000,"bu","13:00:06",35391000
39400,600,28000,"sd","13:00:07",35419000
39300,500,13000,"sd","13:00:12",35432000
39300,500,51000,"bu","13:00:13",35483000
39300,500,10000,"bu","13:00:25",35493000
39300,500,15000,"sd","13:00:27",35508000
39300,500,10000,"sd","13:00:52",35518000
39300,500,15000,"bu","13:00:54",35533000
39300,500,9000,"bu","13:00:57",35542000
39400,600,5000,"bu","13:01:59",35547000
39300,500,1000,"bu","13:02:05",35548000
39400,600,9000,"bu","13:02:17",35557000
39300,500,1000,"bu","13:02:29",35558000
39300,500,15000,"sd","13:02:41",35573000
39300,500,15000,"bu","13:02:43",35588000
39300,500,2000,"bu","13:02:50",35590000
39300,500,20000,"bu","13:02:57",35610000
39300,500,1000,"sd","13:03:04",35611000
39300,500,13000,"bu","13:03:16",35624000
39300,500,1000,"sd","13:03:46",35625000
39300,500,10000,"bu","13:04:00",35635000
39300,500,2000,"bu","13:04:16",35637000
39400,600,10000,"bu","13:04:28",35647000
39400,600,5000,"sd","13:04:31",35652000
39400,600,50000,"bu","13:04:32",35702000
39400,600,20000,"bu","13:04:37",35722000
39400,600,20000,"sd","13:04:40",35742000
39400,600,111000,"bu","13:04:44",35853000
39400,600,1000,"sd","13:04:45",35854000
39400,600,50000,"bu","13:04:49",35904000
39400,600,50000,"sd","13:04:51",35954000
39400,600,10000,"sd","13:04:52",35964000
39400,600,100000,"bu","13:04:57",36064000
39400,600,130000,"bu","13:04:58",36194000
39400,600,80000,"sd","13:04:59",36274000
39400,600,100000,"bu","13:05:00",36374000
39400,600,6000,"sd","13:05:01",36380000
39400,600,5000,"sd","13:05:05",36385000
39400,600,105000,"bu","13:05:09",36490000
39400,600,10000,"bu","13:05:11",36500000
39400,600,10000,"bu","13:05:12",36510000
39400,600,1000,"sd","13:05:13",36511000
39400,600,150000,"sd","13:05:15",36661000
39400,600,21000,"sd","13:05:18",36682000
39400,600,10000,"bu","13:05:19",36692000
39400,600,10000,"bu","13:05:27",36702000
39400,600,36000,"sd","13:05:28",36738000
39400,600,60000,"sd","13:05:31",36798000
39400,600,5000,"bu","13:05:36",36803000
39300,500,2000,"sd","13:05:42",36805000
39400,600,7000,"sd","13:05:43",36812000
39400,600,3000,"sd","13:05:46",36815000
39400,600,48000,"bu","13:05:51",36863000
39400,600,88000,"sd","13:06:01",36951000
39500,700,200000,"sd","13:06:06",37151000
39500,700,200000,"sd","13:06:19",37351000
39500,700,2000,"bu","13:06:26",37353000
39500,700,5000,"sd","13:06:29",37358000
39500,700,2000,"bu","13:06:40",37360000
39500,700,20000,"bu","13:06:44",37380000
39500,700,1000,"bu","13:06:53",37381000
39500,700,29000,"bu","13:06:58",37410000
39500,700,35000,"bu","13:07:03",37445000
39500,700,30000,"sd","13:07:09",37475000
39400,600,40000,"sd","13:07:21",37515000
39500,700,2000,"bu","13:07:23",37517000
39500,700,100000,"bu","13:07:26",37617000
39500,700,74000,"sd","13:07:30",37691000
39500,700,3000,"bu","13:07:31",37694000
39500,700,20000,"bu","13:07:33",37714000
39500,700,30000,"sd","13:07:35",37744000
39500,700,3000,"sd","13:07:49",37747000
39500,700,38000,"sd","13:07:55",37785000
39500,700,4000,"bu","13:07:57",37789000
39500,700,8000,"sd","13:07:58",37797000
39500,700,50000,"sd","13:08:04",37847000
39500,700,20000,"sd","13:08:07",37867000
39500,700,30000,"bu","13:08:09",37897000
39500,700,17000,"sd","13:08:16",37914000
39500,700,20000,"sd","13:08:26",37934000
39500,700,8000,"sd","13:08:29",37942000
39500,700,66000,"bu","13:08:35",38008000
39500,700,5000,"sd","13:08:36",38013000
39500,700,20000,"bu","13:08:37",38033000
39500,700,9000,"sd","13:08:39",38042000
39500,700,113000,"sd","13:08:47",38155000
39500,700,2000,"bu","13:08:57",38157000
39500,700,1000,"sd","13:09:09",38158000
39500,700,6000,"sd","13:09:11",38164000
39500,700,21000,"sd","13:09:22",38185000
39500,700,30000,"bu","13:09:24",38215000
39600,800,1000,"bu","13:09:27",38216000
39500,700,1000,"bu","13:09:28",38217000
39500,700,14000,"bu","13:09:33",38231000
39500,700,1000,"sd","13:09:39",38232000
39500,700,63000,"sd","13:09:44",38295000
39600,800,1000,"bu","13:09:45",38296000
39500,700,50000,"bu","13:09:46",38346000
39500,700,8000,"bu","13:09:49",38354000
39500,700,22000,"sd","13:09:50",38376000
39500,700,20000,"sd","13:10:03",38396000
39500,700,20000,"sd","13:10:06",38416000
39500,700,20000,"bu","13:10:09",38436000
39500,700,38000,"bu","13:10:18",38474000
39500,700,60000,"bu","13:10:26",38534000
39500,700,50000,"sd","13:10:28",38584000
39500,700,20000,"sd","13:10:32",38604000
39500,700,30000,"bu","13:10:34",38634000
39600,800,10000,"sd","13:10:41",38644000
39500,700,40000,"sd","13:10:42",38684000
39500,700,170000,"sd","13:10:43",38854000
39500,700,60000,"sd","13:10:45",38914000
39500,700,190000,"sd","13:10:55",39104000
39500,700,30000,"sd","13:11:08",39134000
39500,700,29000,"sd","13:11:09",39163000
39500,700,1000,"sd","13:11:26",39164000
39500,700,40000,"bu","13:11:35",39204000
39600,800,65000,"bu","13:11:38",39269000
39500,700,20000,"bu","13:11:55",39289000
39600,800,200000,"bu","13:11:59",39489000
39600,800,40000,"sd","13:12:03",39529000
39600,800,10000,"sd","13:12:07",39539000
39600,800,1000,"bu","13:12:11",39540000
39600,800,15000,"sd","13:12:16",39555000
39500,700,42000,"sd","13:12:19",39597000
39600,800,44000,"sd","13:12:26",39641000
39600,800,50000,"sd","13:12:35",39691000
39600,800,50000,"sd","13:12:36",39741000
39600,800,20000,"bu","13:12:39",39761000
39600,800,112000,"sd","13:12:43",39873000
39600,800,6000,"sd","13:12:48",39879000
39500,700,14000,"sd","13:12:50",39893000
39600,800,100000,"bu","13:12:55",39993000
39500,700,11000,"sd","13:12:57",40004000
39600,800,4000,"sd","13:12:58",40008000
39600,800,15000,"bu","13:13:03",40023000
39600,800,50000,"sd","13:13:04",40073000
39600,800,190000,"sd","13:13:13",40263000
39500,700,30000,"sd","13:13:22",40293000
39600,800,7000,"bu","13:13:25",40300000
39600,800,3000,"sd","13:13:31",40303000
39600,800,2000,"sd","13:13:33",40305000
39600,800,5000,"sd","13:13:35",40310000
39600,800,1000,"bu","13:13:36",40311000
39600,800,100000,"sd","13:13:37",40411000
39600,800,5000,"sd","13:13:38",40416000
39600,800,35000,"sd","13:13:43",40451000
39500,700,16000,"sd","13:13:46",40467000
39600,800,10000,"sd","13:13:52",40477000
39600,800,300000,"sd","13:13:58",40777000
39600,800,10000,"sd","13:14:04",40787000
39600,800,16000,"sd","13:14:16",40803000
39600,800,4000,"bu","13:14:22",40807000
39700,900,7000,"bu","13:14:38",40814000
39700,900,5000,"bu","13:15:10",40819000
39700,900,30000,"sd","13:15:19",40849000
39700,900,20000,"bu","13:15:21",40869000
39700,900,7000,"bu","13:15:25",40876000
39600,800,70000,"sd","13:15:28",40946000
39700,900,1000,"bu","13:15:29",40947000
39600,800,2000,"sd","13:15:34",40949000
39600,800,20000,"bu","13:15:35",40969000
39600,800,20000,"sd","13:15:40",40989000
39600,800,30000,"bu","13:15:42",41019000
39600,800,20000,"bu","13:15:58",41039000
39600,800,3000,"sd","13:16:07",41042000
39600,800,69000,"sd","13:16:11",41111000
39600,800,30000,"bu","13:16:14",41141000
39600,800,12000,"sd","13:16:15",41153000
39600,800,2000,"bu","13:16:23",41155000
39600,800,5000,"sd","13:16:24",41160000
39600,800,2000,"sd","13:16:48",41162000
39600,800,2000,"bu","13:16:56",41164000
39600,800,20000,"sd","13:17:04",41184000
39600,800,2000,"sd","13:17:42",41186000
39600,800,10000,"bu","13:18:05",41196000
39600,800,1000,"sd","13:18:11",41197000
39600,800,1000,"sd","13:18:12",41198000
39600,800,1000000,"bu","13:18:23",42198000
39600,800,1000,"sd","13:18:25",42199000
39600,800,8000,"bu","13:18:26",42207000
39600,800,10000,"sd","13:18:37",42217000
39600,800,20000,"sd","13:18:40",42237000
39600,800,30000,"sd","13:18:42",42267000
39600,800,23000,"sd","13:18:47",42290000
39600,800,25000,"sd","13:18:48",42315000
39600,800,1000,"bu","13:18:51",42316000
39600,800,2000,"bu","13:19:24",42318000
39600,800,13000,"sd","13:19:31",42331000
39600,800,2000,"sd","13:19:44",42333000
39600,800,10000,"bu","13:19:47",42343000
39600,800,100000,"sd","13:19:52",42443000
39600,800,10000,"bu","13:19:57",42453000
39600,800,5000,"sd","13:19:58",42458000
39600,800,20000,"sd","13:19:59",42478000
39600,800,30000,"sd","13:20:02",42508000
39600,800,1000,"bu","13:20:05",42509000
39600,800,12000,"bu","13:20:15",42521000
39600,800,1000,"bu","13:20:22",42522000
39600,800,3000,"bu","13:20:33",42525000
39600,800,1000,"sd","13:20:48",42526000
39600,800,17000,"sd","13:20:55",42543000
39600,800,1000,"sd","13:21:04",42544000
39600,800,1000,"sd","13:21:05",42545000
39600,800,130000,"bu","13:21:36",42675000
39600,800,70000,"bu","13:21:50",42745000
39600,800,8000,"bu","13:22:04",42753000
39500,700,1000,"sd","13:22:36",42754000
39600,800,2000,"sd","13:22:39",42756000
39600,800,100000,"sd","13:22:55",42856000
39600,800,1000,"sd","13:22:56",42857000
39600,800,2000,"bu","13:23:01",42859000
39500,700,20000,"bu","13:23:11",42879000
39500,700,30000,"sd","13:23:14",42909000
39500,700,100000,"sd","13:23:25",43009000
39600,800,20000,"bu","13:23:34",43029000
39500,700,150000,"bu","13:23:46",43179000
39600,800,5000,"bu","13:23:51",43184000
39500,700,20000,"bu","13:23:57",43204000
39500,700,5000,"sd","13:23:58",43209000
39500,700,90000,"bu","13:24:01",43299000
39500,700,19000,"bu","13:24:02",43318000
39500,700,15000,"bu","13:24:19",43333000
39500,700,13000,"sd","13:24:22",43346000
39500,700,3000,"sd","13:24:28",43349000
39500,700,42000,"sd","13:24:30",43391000
39500,700,2000,"bu","13:24:31",43393000
39500,700,3000,"sd","13:24:40",43396000
39500,700,31000,"sd","13:24:55",43427000
39500,700,25000,"bu","13:24:57",43452000
39500,700,15000,"sd","13:24:58",43467000
39500,700,10000,"bu","13:25:05",43477000
39500,700,9000,"bu","13:25:13",43486000
39500,700,10000,"bu","13:25:17",43496000
39500,700,1000,"sd","13:25:18",43497000
39500,700,4000,"bu","13:25:59",43501000
39500,700,1000,"bu","13:26:01",43502000
39600,800,11000,"sd","13:26:04",43513000
39600,800,2000,"bu","13:26:09",43515000
39600,800,42000,"sd","13:26:10",43557000
39600,800,6000,"sd","13:27:04",43563000
39600,800,38000,"bu","13:27:05",43601000
39600,800,1000,"bu","13:27:06",43602000
39600,800,5000,"sd","13:27:20",43607000
39500,700,4000,"bu","13:27:39",43611000
39500,700,5000,"sd","13:27:53",43616000
39500,700,19000,"bu","13:28:07",43635000
39500,700,20000,"bu","13:28:15",43655000
39500,700,33000,"sd","13:28:24",43688000
39400,600,1000,"sd","13:28:53",43689000
39500,700,1000,"sd","13:29:03",43690000
39500,700,22000,"sd","13:29:04",43712000
39500,700,34000,"bu","13:29:07",43746000
39500,700,22000,"sd","13:29:10",43768000
39500,700,2000,"sd","13:29:27",43770000
39500,700,30000,"bu","13:29:39",43800000
39400,600,20000,"bu","13:29:46",43820000
39400,600,5000,"sd","13:29:52",43825000
39400,600,29000,"bu","13:29:58",43854000
39500,700,4000,"bu","13:30:03",43858000
39500,700,3000,"bu","13:30:15",43861000
39500,700,1000,"bu","13:30:20",43862000
39500,700,12000,"sd","13:31:00",43874000
39500,700,4000,"bu","13:31:03",43878000
39500,700,12000,"sd","13:31:04",43890000
39500,700,20000,"bu","13:31:05",43910000
39500,700,50000,"sd","13:31:13",43960000
39500,700,70000,"bu","13:31:14",44030000
39500,700,4000,"bu","13:31:21",44034000
39500,700,30000,"bu","13:31:31",44064000
39500,700,11000,"bu","13:31:32",44075000
39500,700,5000,"sd","13:31:36",44080000
39500,700,7000,"sd","13:31:40",44087000
39500,700,5000,"sd","13:31:41",44092000
39500,700,7000,"sd","13:31:42",44099000
39500,700,8000,"bu","13:31:43",44107000
39500,700,7000,"sd","13:31:45",44114000
39500,700,13000,"sd","13:31:51",44127000
39500,700,45000,"sd","13:31:52",44172000
39500,700,1000,"sd","13:31:53",44173000
39500,700,13000,"sd","13:32:00",44186000
39500,700,10000,"bu","13:32:03",44196000
39500,700,33000,"bu","13:32:06",44229000
39500,700,2000,"bu","13:32:07",44231000
39500,700,10000,"sd","13:32:23",44241000
39400,600,1000,"bu","13:32:31",44242000
39500,700,100000,"sd","13:32:38",44342000
39500,700,3000,"bu","13:32:58",44345000
39500,700,12000,"sd","13:33:04",44357000
39500,700,77000,"bu","13:33:05",44434000
39500,700,3000,"bu","13:33:08",44437000
39400,600,146000,"sd","13:33:47",44583000
39500,700,7000,"sd","13:34:03",44590000
39400,600,20000,"bu","13:34:05",44610000
39400,600,5000,"bu","13:34:08",44615000
39400,600,30000,"sd","13:34:13",44645000
39400,600,1000,"bu","13:34:33",44646000
39400,600,4000,"sd","13:34:35",44650000
39400,600,30000,"sd","13:34:39",44680000
39400,600,20000,"sd","13:34:42",44700000
39400,600,5000,"sd","13:34:45",44705000
39400,600,5000,"bu","13:34:53",44710000
39400,600,10000,"sd","13:34:54",44720000
39400,600,28000,"bu","13:34:58",44748000
39500,700,14000,"sd","13:35:03",44762000
39500,700,310000,"bu","13:35:04",45072000
39400,600,18000,"sd","13:35:05",45090000
39500,700,12000,"bu","13:35:07",45102000
39500,700,10000,"sd","13:35:08",45112000
39500,700,19000,"sd","13:35:10",45131000
39500,700,1000,"sd","13:35:25",45132000
39500,700,10000,"bu","13:35:35",45142000
39500,700,10000,"bu","13:35:50",45152000
39500,700,2000,"sd","13:36:03",45154000
39400,600,43000,"bu","13:36:07",45197000
39400,600,10000,"sd","13:36:18",45207000
39400,600,1000,"sd","13:36:29",45208000
39400,600,10000,"sd","13:36:30",45218000
39400,600,3000,"sd","13:36:50",45221000
39500,700,1000,"bu","13:36:58",45222000
39400,600,50000,"bu","13:37:01",45272000
39500,700,4000,"sd","13:37:03",45276000
39400,600,52000,"sd","13:37:04",45328000
39500,700,20000,"bu","13:37:05",45348000
39500,700,100000,"sd","13:37:12",45448000
39500,700,100000,"sd","13:37:18",45548000
39500,700,373000,"bu","13:37:27",45921000
39500,700,5000,"sd","13:37:35",45926000
39500,700,9000,"sd","13:37:40",45935000
39500,700,27000,"sd","13:37:44",45962000
39500,700,4000,"sd","13:37:48",45966000
39500,700,100000,"bu","13:37:52",46066000
39500,700,2000,"sd","13:37:54",46068000
39500,700,3000,"sd","13:38:03",46071000
39500,700,30000,"bu","13:38:08",46101000
39500,700,1000,"bu","13:38:18",46102000
39500,700,10000,"bu","13:38:19",46112000
39500,700,9000,"sd","13:38:23",46121000
39500,700,5000,"bu","13:38:48",46126000
39500,700,24000,"sd","13:38:53",46150000
39500,700,1000,"bu","13:38:55",46151000
39600,800,11000,"sd","13:39:03",46162000
39500,700,37000,"bu","13:39:04",46199000
39600,800,8000,"bu","13:39:06",46207000
39500,700,44000,"sd","13:39:07",46251000
39600,800,18000,"bu","13:39:09",46269000
39500,700,1000,"sd","13:39:10",46270000
39500,700,10000,"sd","13:39:11",46280000
39500,700,20000,"bu","13:39:26",46300000
39500,700,4000,"bu","13:39:28",46304000
39500,700,4000,"sd","13:39:40",46308000
39500,700,30000,"bu","13:39:45",46338000
39500,700,15000,"bu","13:39:47",46353000
39500,700,2000,"bu","13:39:50",46355000
39500,700,20000,"bu","13:39:51",46375000
39500,700,10000,"sd","13:39:59",46385000
39500,700,7000,"bu","13:40:03",46392000
39400,600,5000,"bu","13:40:10",46397000
39500,700,1000,"bu","13:40:12",46398000
39500,700,26000,"sd","13:40:24",46424000
39500,700,38000,"sd","13:40:34",46462000
39500,700,1000,"sd","13:40:42",46463000
39600,800,14000,"bu","13:41:03",46477000
39600,800,20000,"bu","13:41:04",46497000
39600,800,1000,"bu","13:41:05",46498000
39500,700,68000,"sd","13:41:46",46566000
39500,700,11000,"bu","13:42:03",46577000
39500,700,8000,"sd","13:42:06",46585000
39500,700,27000,"sd","13:42:07",46612000
39400,600,2000,"bu","13:42:16",46614000
39500,700,2000,"sd","13:42:20",46616000
39400,600,110000,"bu","13:42:22",46726000
39400,600,164000,"sd","13:42:32",46890000
39400,600,9000,"sd","13:42:43",46899000
39400,600,15000,"sd","13:42:47",46914000
39500,700,250000,"bu","13:42:52",47164000
39500,700,1000,"bu","13:43:03",47165000
39500,700,12000,"bu","13:43:04",47177000
39500,700,19000,"bu","13:43:07",47196000
39400,600,16000,"bu","13:43:09",47212000
39500,700,26000,"sd","13:43:19",47238000
39500,700,76000,"bu","13:43:31",47314000
39500,700,5000,"bu","13:43:40",47319000
39400,600,16000,"sd","13:43:58",47335000
39500,700,17000,"bu","13:44:02",47352000
39500,700,1000,"bu","13:44:03",47353000
39500,700,5000,"sd","13:44:14",47358000
39600,800,50000,"bu","13:44:22",47408000
39600,800,200000,"sd","13:44:32",47608000
39500,700,12000,"bu","13:44:40",47620000
39500,700,11000,"bu","13:44:52",47631000
39500,700,13000,"bu","13:45:03",47644000
39500,700,9000,"sd","13:45:04",47653000
39500,700,15000,"bu","13:45:06",47668000
39500,700,29000,"bu","13:45:07",47697000
39500,700,18000,"sd","13:45:08",47715000
39500,700,3000,"bu","13:45:09",47718000
39500,700,10000,"bu","13:45:15",47728000
39500,700,3000,"bu","13:45:21",47731000
39500,700,2000,"sd","13:45:27",47733000
39500,700,1000,"bu","13:45:30",47734000
39500,700,3000,"bu","13:45:32",47737000
39500,700,10000,"bu","13:45:54",47747000
39500,700,30000,"bu","13:45:58",47777000
39500,700,1000,"sd","13:46:02",47778000
39500,700,37000,"sd","13:46:08",47815000
39500,700,10000,"bu","13:46:12",47825000
39500,700,27000,"sd","13:46:22",47852000
39500,700,10000,"sd","13:46:23",47862000
39500,700,2000,"sd","13:46:28",47864000
39500,700,1000,"sd","13:46:36",47865000
39500,700,1000,"bu","13:46:40",47866000
39500,700,50000,"bu","13:46:41",47916000
39600,800,10000,"sd","13:46:46",47926000
39500,700,11000,"bu","13:46:49",47937000
39500,700,45000,"sd","13:46:52",47982000
39500,700,2000,"bu","13:46:56",47984000
39500,700,11000,"sd","13:47:02",47995000
39500,700,14000,"sd","13:47:03",48009000
39500,700,20000,"bu","13:47:05",48029000
39500,700,1000,"bu","13:47:18",48030000
39400,600,30000,"bu","13:47:49",48060000
39500,700,2000,"sd","13:48:03",48062000
39500,700,8000,"sd","13:48:04",48070000
39500,700,10000,"bu","13:48:06",48080000
39500,700,25000,"bu","13:48:07",48105000
39500,700,2000,"bu","13:48:19",48107000
39500,700,10000,"bu","13:48:30",48117000
39500,700,40000,"sd","13:48:57",48157000
39500,700,20000,"sd","13:49:01",48177000
39500,700,15000,"bu","13:49:04",48192000
39500,700,19000,"sd","13:49:05",48211000
39500,700,287000,"bu","13:49:22",48498000
39500,700,2000,"sd","13:49:42",48500000
39500,700,20000,"bu","13:49:45",48520000
39600,800,2000,"sd","13:50:02",48522000
39500,700,4000,"bu","13:50:03",48526000
39500,700,156000,"sd","13:50:25",48682000
39500,700,1000,"sd","13:50:37",48683000
39500,700,1000,"bu","13:50:43",48684000
39500,700,10000,"sd","13:51:01",48694000
39600,800,1000,"bu","13:51:02",48695000
39600,800,13000,"sd","13:51:03",48708000
39600,800,17000,"sd","13:51:06",48725000
39600,800,2000,"sd","13:51:07",48727000
39500,700,10000,"bu","13:51:09",48737000
39500,700,5000,"bu","13:51:11",48742000
39500,700,1000,"bu","13:51:17",48743000
39500,700,13000,"bu","13:51:18",48756000
39500,700,7000,"sd","13:51:42",48763000
39600,800,2000,"bu","13:52:03",48765000
39600,800,8000,"sd","13:52:04",48773000
39600,800,22000,"bu","13:52:06",48795000
39500,700,12000,"bu","13:52:08",48807000
39500,700,10000,"sd","13:52:35",48817000
39500,700,50000,"bu","13:52:46",48867000
39500,700,2000,"sd","13:52:54",48869000
39500,700,5000,"sd","13:52:57",48874000
39500,700,174000,"sd","13:53:03",49048000
39500,700,12000,"sd","13:53:04",49060000
39600,800,31000,"sd","13:53:06",49091000
39600,800,81000,"sd","13:53:33",49172000
39600,800,102000,"sd","13:53:44",49274000
39500,700,2000,"sd","13:53:56",49276000
39500,700,12000,"sd","13:54:02",49288000
39600,800,2000,"bu","13:54:03",49290000
39500,700,20000,"bu","13:54:26",49310000
39600,800,9000,"bu","13:55:04",49319000
39700,900,1625000,"bu","13:55:08",50944000
39700,900,25000,"bu","13:55:09",50969000
39600,800,2000,"sd","13:55:25",50971000
39600,800,2000,"bu","13:55:27",50973000
39600,800,1000,"sd","13:55:34",50974000
39700,900,16000,"sd","13:56:04",50990000
39700,900,22000,"sd","13:56:05",51012000
39700,900,150000,"bu","13:56:30",51162000
39700,900,1000,"bu","13:56:35",51163000
39700,900,5000,"bu","13:56:36",51168000
39700,900,50000,"bu","13:56:40",51218000
39600,800,4000,"bu","13:56:43",51222000
39700,900,580000,"bu","13:56:50",51802000
39600,800,10000,"bu","13:57:01",51812000
39700,900,10000,"bu","13:57:02",51822000
39700,900,12000,"bu","13:57:03",51834000
39600,800,6000,"sd","13:57:14",51840000
39700,900,2000,"bu","13:57:22",51842000
39700,900,43000,"sd","13:57:35",51885000
39700,900,9000,"bu","13:57:37",51894000
39700,900,10000,"sd","13:57:39",51904000
39700,900,200000,"bu","13:57:40",52104000
39700,900,14000,"sd","13:57:41",52118000
39700,900,150000,"bu","13:57:46",52268000
39700,900,50000,"bu","13:57:47",52318000
39700,900,26000,"sd","13:57:51",52344000
39700,900,2000,"bu","13:57:54",52346000
39700,900,1000,"bu","13:57:59",52347000
39700,900,2000,"bu","13:58:03",52349000
39700,900,8000,"sd","13:58:04",52357000
39700,900,12000,"bu","13:58:05",52369000
39700,900,2000,"sd","13:58:06",52371000
39700,900,9000,"bu","13:58:07",52380000
39700,900,21000,"bu","13:58:08",52401000
39700,900,21000,"bu","13:58:10",52422000
39700,900,10000,"sd","13:58:25",52432000
39700,900,10000,"sd","13:58:37",52442000
39700,900,3000,"bu","13:58:38",52445000
39700,900,2000,"sd","13:59:02",52447000
39700,900,3000,"sd","13:59:03",52450000
39700,900,1000,"sd","13:59:04",52451000
39700,900,200000,"sd","13:59:15",52651000
39700,900,60000,"sd","13:59:18",52711000
39700,900,5000,"bu","13:59:27",52716000
39700,900,2000,"bu","13:59:35",52718000
39700,900,3000,"bu","13:59:53",52721000
39700,900,1000,"bu","14:00:02",52722000
39700,900,2000,"sd","14:00:03",52724000
39700,900,13000,"bu","14:00:04",52737000
39700,900,19000,"sd","14:00:06",52756000
39700,900,40000,"sd","14:00:09",52796000
39700,900,50000,"bu","14:00:12",52846000
39700,900,20000,"bu","14:00:18",52866000
39700,900,30000,"sd","14:00:22",52896000
39700,900,1000,"bu","14:00:29",52897000
39700,900,3000,"bu","14:00:34",52900000
39700,900,50000,"sd","14:00:36",52950000
39700,900,20000,"sd","14:00:37",52970000
39700,900,50000,"sd","14:00:43",53020000
39700,900,1000,"bu","14:00:47",53021000
39700,900,100000,"bu","14:00:51",53121000
39700,900,10000,"sd","14:00:52",53131000
39700,900,37000,"sd","14:00:57",53168000
39700,900,50000,"sd","14:01:00",53218000
39700,900,100000,"bu","14:01:04",53318000
39700,900,2000,"sd","14:01:06",53320000
39700,900,3000,"sd","14:01:07",53323000
39700,900,10000,"bu","14:01:08",53333000
39700,900,3000,"bu","14:01:09",53336000
39700,900,79000,"bu","14:01:10",53415000
39700,900,10000,"sd","14:01:16",53425000
39700,900,73000,"sd","14:01:19",53498000
39800,1000,50000,"sd","14:01:24",53548000
39800,1000,36000,"bu","14:01:26",53584000
39700,900,5000,"sd","14:01:32",53589000
39800,1000,100000,"sd","14:01:51",53689000
39700,900,10000,"bu","14:02:02",53699000
39800,1000,21000,"sd","14:02:04",53720000
39800,1000,2000,"bu","14:02:07",53722000
39800,1000,28000,"bu","14:02:08",53750000
39800,1000,29000,"sd","14:02:10",53779000
39700,900,3000,"bu","14:02:21",53782000
39800,1000,28000,"sd","14:02:29",53810000
39800,1000,1000,"bu","14:02:41",53811000
39700,900,6000,"sd","14:02:51",53817000
39800,1000,90000,"sd","14:02:53",53907000
39800,1000,6000,"bu","14:03:03",53913000
39800,1000,40000,"sd","14:03:09",53953000
39700,900,10000,"sd","14:03:34",53963000
39800,1000,2000,"bu","14:03:40",53965000
39700,900,5000,"sd","14:03:48",53970000
39800,1000,2000,"bu","14:04:03",53972000
39800,1000,11000,"bu","14:04:04",53983000
39700,900,70000,"sd","14:04:05",54053000
39700,900,1000,"sd","14:04:10",54054000
39700,900,20000,"sd","14:04:14",54074000
39700,900,20000,"bu","14:04:22",54094000
39700,900,30000,"sd","14:04:25",54124000
39700,900,50000,"sd","14:04:32",54174000
39700,900,1000,"sd","14:04:36",54175000
39800,1000,12000,"sd","14:04:37",54187000
39800,1000,1000,"bu","14:04:39",54188000
39700,900,160000,"bu","14:04:41",54348000
39700,900,1000,"bu","14:04:42",54349000
39700,900,300000,"sd","14:04:44",54649000
39700,900,3000,"bu","14:04:54",54652000
39800,1000,9000,"bu","14:05:03",54661000
39800,1000,2000,"sd","14:05:11",54663000
39700,900,25000,"bu","14:05:20",54688000
39700,900,40000,"sd","14:05:23",54728000
39700,900,10000,"bu","14:05:25",54738000
39800,1000,35000,"bu","14:05:30",54773000
39700,900,153000,"bu","14:05:39",54926000
39700,900,5000,"sd","14:05:43",54931000
39700,900,1000,"bu","14:05:49",54932000
39700,900,40000,"sd","14:05:58",54972000
39700,900,20000,"sd","14:06:05",54992000
39700,900,1000,"bu","14:06:06",54993000
39700,900,29000,"bu","14:06:07",55022000
39700,900,2000,"bu","14:06:08",55024000
39700,900,2000,"sd","14:06:14",55026000
39600,800,271000,"bu","14:06:26",55297000
39700,900,300000,"sd","14:06:37",55597000
39600,800,56000,"sd","14:06:40",55653000
39600,800,10000,"sd","14:06:42",55663000
39700,900,10000,"sd","14:06:45",55673000
39700,900,10000,"sd","14:06:56",55683000
39700,900,3000,"sd","14:07:03",55686000
39600,800,5000,"bu","14:07:12",55691000
39700,900,9000,"sd","14:07:17",55700000
39700,900,50000,"sd","14:07:28",55750000
39700,900,10000,"sd","14:07:34",55760000
39700,900,15000,"bu","14:07:35",55775000
39700,900,15000,"bu","14:07:42",55790000
39700,900,13000,"bu","14:07:57",55803000
39700,900,21000,"bu","14:08:04",55824000
39700,900,5000,"bu","14:08:07",55829000
39700,900,30000,"sd","14:08:09",55859000
39700,900,5000,"sd","14:08:11",55864000
39700,900,10000,"bu","14:08:13",55874000
39700,900,300000,"sd","14:08:14",56174000
39700,900,5000,"sd","14:08:16",56179000
39700,900,18000,"bu","14:08:17",56197000
39700,900,5000,"bu","14:08:20",56202000
39700,900,300000,"bu","14:08:22",56502000
39700,900,1000,"sd","14:08:24",56503000
39700,900,20000,"bu","14:08:52",56523000
39600,800,4000,"sd","14:08:55",56527000
39700,900,1000,"sd","14:08:58",56528000
39700,900,1000,"bu","14:08:59",56529000
39700,900,1000,"bu","14:09:02",56530000
39700,900,3000,"bu","14:09:03",56533000
39700,900,265000,"bu","14:09:05",56798000
39600,800,2000,"bu","14:09:06",56800000
39600,800,3000,"sd","14:09:21",56803000
39700,900,301000,"bu","14:09:26",57104000
39600,800,10000,"bu","14:09:37",57114000
39700,900,280000,"bu","14:09:39",57394000
39700,900,3000,"sd","14:09:43",57397000
39700,900,5000,"bu","14:09:44",57402000
39700,900,2000,"bu","14:09:50",57404000
39700,900,200000,"sd","14:09:55",57604000
39700,900,1000,"bu","14:10:01",57605000
39700,900,5000,"sd","14:10:03",57610000
39700,900,12000,"sd","14:10:04",57622000
39700,900,18000,"sd","14:10:05",57640000
39700,900,3000,"sd","14:10:06",57643000
39700,900,28000,"sd","14:10:07",57671000
39700,900,10000,"bu","14:10:10",57681000
39700,900,100000,"bu","14:10:11",57781000
39700,900,51000,"sd","14:10:27",57832000
39700,900,10000,"bu","14:10:28",57842000
39700,900,30000,"bu","14:10:29",57872000
39700,900,1000,"sd","14:10:52",57873000
39700,900,21000,"sd","14:10:56",57894000
39700,900,9000,"sd","14:11:03",57903000
39700,900,30000,"sd","14:11:06",57933000
39700,900,4000,"bu","14:11:07",57937000
39600,800,1000,"bu","14:11:21",57938000
39700,900,1000,"bu","14:11:23",57939000
39700,900,1000,"bu","14:11:24",57940000
39700,900,10000,"sd","14:11:31",57950000
39700,900,3000,"sd","14:11:49",57953000
39700,900,280000,"sd","14:11:54",58233000
39700,900,50000,"sd","14:11:55",58283000
39700,900,1000,"sd","14:12:05",58284000
39700,900,13000,"sd","14:12:06",58297000
39700,900,122000,"sd","14:12:08",58419000
39700,900,10000,"bu","14:12:20",58429000
39700,900,226000,"sd","14:12:40",58655000
39700,900,4000,"sd","14:12:41",58659000
39700,900,10000,"bu","14:12:54",58669000
39800,1000,200000,"bu","14:12:56",58869000
39700,900,1000,"sd","14:12:59",58870000
39800,1000,104000,"sd","14:13:03",58974000
39800,1000,30000,"sd","14:13:19",59004000
39800,1000,10000,"sd","14:13:28",59014000
39800,1000,81000,"sd","14:13:34",59095000
39700,900,2000,"bu","14:13:37",59097000
39800,1000,5000,"sd","14:13:48",59102000
39800,1000,350000,"bu","14:13:49",59452000
39700,900,9000,"bu","14:13:51",59461000
39800,1000,6000,"sd","14:13:58",59467000
39800,1000,32000,"sd","14:14:05",59499000
39700,900,2000,"bu","14:14:13",59502000
39700,900,5000,"bu","14:14:28",59507000
39700,900,2000,"sd","14:14:33",59509000
39700,900,64000,"bu","14:14:53",59573000
39700,900,6000,"sd","14:14:54",59579000
39800,1000,1000,"sd","14:15:02",59580000
39800,1000,8000,"sd","14:15:03",59588000
39800,1000,32000,"bu","14:15:07",59620000
39800,1000,59000,"bu","14:15:43",59679000
39800,1000,1000,"bu","14:16:04",59680000
39800,1000,13000,"sd","14:16:05",59693000
39800,1000,18000,"bu","14:16:06",59711000
39800,1000,5000,"bu","14:16:07",59716000
39800,1000,2000,"sd","14:16:10",59718000
39700,900,10000,"sd","14:16:32",59728000
39800,1000,100000,"bu","14:16:38",59828000
39800,1000,10000,"bu","14:16:44",59838000
39800,1000,20000,"bu","14:17:00",59858000
39800,1000,2000,"bu","14:17:02",59860000
39800,1000,3000,"sd","14:17:03",59863000
39800,1000,16000,"bu","14:17:04",59879000
39800,1000,100000,"bu","14:17:05",59979000
39800,1000,205000,"sd","14:17:07",60184000
39800,1000,3000,"bu","14:17:10",60187000
39700,900,5000,"bu","14:17:18",60192000
39700,900,2000,"bu","14:17:34",60194000
39700,900,1000,"bu","14:17:40",60195000
39800,1000,200000,"sd","14:17:58",60395000
39700,900,2000,"bu","14:18:01",60397000
39700,900,80000,"bu","14:18:02",60477000
39700,900,2000,"bu","14:18:03",60479000
39800,1000,11000,"bu","14:18:05",60490000
39800,1000,29000,"bu","14:18:08",60519000
39700,900,10000,"sd","14:18:09",60529000
39800,1000,60000,"sd","14:18:10",60589000
39800,1000,20000,"bu","14:18:12",60609000
39700,900,8000,"bu","14:18:17",60617000
39800,1000,6000,"bu","14:18:20",60623000
39700,900,4000,"bu","14:18:22",60627000
39800,1000,200000,"sd","14:18:25",60827000
39800,1000,300000,"sd","14:18:31",61127000
39700,900,90000,"sd","14:18:39",61217000
39800,1000,200000,"bu","14:18:40",61417000
39800,1000,43000,"bu","14:18:43",61460000
39800,1000,300000,"sd","14:18:50",61760000
39800,1000,11000,"sd","14:18:51",61771000
39700,900,1000,"bu","14:18:55",61772000
39800,1000,1000,"sd","14:19:02",61773000
39800,1000,3000,"bu","14:19:03",61776000
39800,1000,100000,"sd","14:19:04",61876000
39800,1000,300000,"sd","14:19:05",62176000
39800,1000,200000,"sd","14:19:36",62376000
39800,1000,200000,"sd","14:19:40",62576000
39800,1000,2000,"bu","14:19:43",62578000
39800,1000,10000,"bu","14:19:51",62588000
39800,1000,2000,"bu","14:19:52",62590000
39700,900,5000,"sd","14:19:53",62595000
39800,1000,53000,"sd","14:19:57",62648000
39800,1000,3000,"sd","14:20:03",62651000
39800,1000,59000,"sd","14:20:04",62710000
39800,1000,8000,"bu","14:20:05",62718000
39800,1000,19000,"bu","14:20:08",62737000
39800,1000,10000,"sd","14:20:23",62747000
39700,900,100000,"sd","14:20:25",62847000
39700,900,100000,"bu","14:20:31",62947000
39700,900,100000,"bu","14:20:38",63047000
39800,1000,50000,"sd","14:20:41",63097000
39700,900,10000,"bu","14:20:54",63107000
39700,900,370000,"sd","14:20:57",63477000
39800,1000,1000,"sd","14:21:04",63478000
39800,1000,29000,"sd","14:21:11",63507000
39800,1000,15000,"bu","14:21:18",63522000
39700,900,19000,"sd","14:21:19",63541000
39700,900,51000,"bu","14:21:27",63592000
39700,900,1000,"bu","14:21:28",63593000
39700,900,15000,"sd","14:21:32",63608000
39700,900,50000,"bu","14:21:36",63658000
39700,900,56000,"bu","14:21:38",63714000
39700,900,10000,"sd","14:21:40",63724000
39700,900,5000,"bu","14:21:42",63729000
39800,1000,13000,"sd","14:21:58",63742000
39700,900,156000,"sd","14:22:00",63898000
39700,900,20000,"bu","14:22:03",63918000
39800,1000,12000,"sd","14:22:04",63930000
39800,1000,2000,"bu","14:22:05",63932000
39800,1000,17000,"bu","14:22:07",63949000
39700,900,13000,"sd","14:22:08",63962000
39700,900,3000,"sd","14:22:13",63965000
39700,900,1000,"sd","14:22:14",63966000
39700,900,1000,"bu","14:22:15",63967000
39700,900,30000,"sd","14:22:19",63997000
39700,900,28000,"bu","14:22:20",64025000
39700,900,7000,"bu","14:22:24",64032000
39700,900,3000,"sd","14:22:26",64035000
39700,900,10000,"sd","14:22:27",64045000
39700,900,12000,"bu","14:22:31",64057000
39600,800,50000,"sd","14:22:36",64107000
39700,900,1000,"bu","14:22:44",64108000
39700,900,2000,"sd","14:22:55",64110000
39700,900,50000,"bu","14:23:30",64160000
39700,900,5000,"bu","14:23:32",64165000
39700,900,3000,"bu","14:23:37",64168000
39600,800,5000,"bu","14:23:43",64173000
39700,900,34000,"sd","14:23:47",64207000
39600,800,50000,"sd","14:23:51",64257000
39700,900,2000,"sd","14:24:02",64259000
39600,800,5000,"sd","14:24:04",64264000
39700,900,2000,"bu","14:24:14",64266000
39600,800,253000,"sd","14:24:15",64519000
39600,800,20000,"bu","14:24:22",64539000
39700,900,5000,"bu","14:24:34",64544000
39600,800,25000,"sd","14:24:36",64569000
39600,800,20000,"sd","14:24:41",64589000
39600,800,20000,"bu","14:24:50",64609000
39600,800,50000,"bu","14:24:52",64659000
39600,800,3000,"bu","14:24:54",64662000
39600,800,100000,"bu","14:24:56",64762000
39700,900,5000,"sd","14:24:57",64767000
39600,800,40000,"bu","14:25:00",64807000
39600,800,60000,"bu","14:25:01",64867000
39600,800,20000,"bu","14:25:05",64887000
39700,900,5000,"sd","14:25:07",64892000
39600,800,22000,"sd","14:25:08",64914000
39700,900,13000,"bu","14:25:09",64927000
39700,900,54000,"bu","14:25:13",64981000
39700,900,6000,"sd","14:25:14",64987000
39600,800,2000,"sd","14:25:15",64989000
39700,900,21000,"sd","14:25:18",65010000
39700,900,11000,"bu","14:25:19",65021000
39600,800,80000,"sd","14:25:24",65101000
39600,800,40000,"bu","14:25:25",65141000
39600,800,21000,"sd","14:25:29",65162000
39600,800,24000,"bu","14:25:31",65186000
39600,800,1000,"sd","14:25:42",65187000
39500,700,1000,"bu","14:25:47",65188000
39600,800,1000,"sd","14:25:52",65189000
39500,700,5000,"sd","14:26:08",65194000
39500,700,1000,"sd","14:26:27",65195000
39500,700,15000,"sd","14:26:38",65210000
39500,700,12000,"sd","14:26:39",65222000
39500,700,5000,"sd","14:26:44",65227000
39500,700,10000,"sd","14:26:46",65237000
39500,700,5000,"sd","14:26:47",65242000
39500,700,57000,"bu","14:26:54",65299000
39500,700,5000,"bu","14:26:58",65304000
39500,700,5000,"bu","14:27:18",65309000
39500,700,50000,"sd","14:27:20",65359000
39500,700,389000,"sd","14:27:22",65748000
39500,700,2000,"sd","14:27:24",65750000
39500,700,4000,"sd","14:27:25",65754000
39500,700,50000,"sd","14:27:28",65804000
39500,700,6000,"sd","14:27:29",65810000
39500,700,3000,"sd","14:27:31",65813000
39500,700,5000,"sd","14:27:35",65818000
39500,700,25000,"bu","14:27:36",65843000
39500,700,16000,"bu","14:27:40",65859000
39500,700,239000,"sd","14:28:00",66098000
39500,700,161000,"sd","14:28:04",66259000
39500,700,20000,"sd","14:28:07",66279000
39500,700,25000,"bu","14:28:14",66304000
39500,700,35000,"sd","14:28:16",66339000
39500,700,5000,"bu","14:28:19",66344000
39500,700,2000,"bu","14:28:22",66346000
39500,700,70000,"bu","14:28:23",66416000
39500,700,6000,"bu","14:28:25",66422000
39500,700,10000,"bu","14:28:26",66432000
39500,700,30000,"bu","14:28:33",66462000
39500,700,11000,"sd","14:28:34",66473000
39500,700,10000,"sd","14:28:42",66483000
39500,700,1000,"sd","14:28:46",66484000
39500,700,10000,"bu","14:28:54",66494000
39500,700,2000,"sd","14:29:00",66496000
39400,600,160000,"sd","14:29:03",66656000
39500,700,10000,"sd","14:29:11",66666000
39500,700,1000,"sd","14:29:12",66667000
39400,600,20000,"bu","14:29:14",66687000
39500,700,100000,"sd","14:29:16",66787000
39400,600,74000,"bu","14:29:22",66861000
39400,600,15000,"sd","14:29:25",66876000
39500,700,5000,"bu","14:29:29",66881000
39400,600,10000,"sd","14:29:34",66891000
39500,700,5000,"sd","14:29:36",66896000
39500,700,100000,"bu","14:29:45",66996000
39500,700,1000,"sd","14:29:47",66997000
39400,600,50000,"sd","14:29:54",67047000
39500,700,1000,"sd","14:29:55",67048000
39300,500,4634000,"bu","14:45:04",71682000
39300,500,1000,"bu","14:47:04",71683000
39300,500,5000,"sd","14:49:17",71688000
39300,500,5000,"sd","14:50:03",71693000
