"price","change","match_qtty","side","time","total_vol"
22900,100,24100,"bu","09:15:05",24100
22900,100,10000,"bu","09:15:36",34100
22900,100,500,"sd","09:15:39",34600
22900,100,200,"sd","09:15:56",34800
22950,150,100,"sd","09:16:13",34900
22950,150,800,"sd","09:16:29",35700
22950,150,100,"sd","09:16:40",35800
22900,100,600,"sd","09:17:09",36400
22900,100,500,"sd","09:17:12",36900
22900,100,500,"sd","09:17:18",37400
22900,100,500,"sd","09:17:19",37900
22900,100,1100,"sd","09:17:57",39000
22900,100,700,"sd","09:18:09",39700
22900,100,2000,"bu","09:18:16",41700
22900,100,700,"sd","09:18:20",42400
22950,150,2200,"bu","09:19:13",44600
22900,100,700,"bu","09:19:18",45300
22900,100,2100,"sd","09:19:34",47400
22900,100,900,"sd","09:19:53",48300
22950,150,4600,"bu","09:19:58",53300
22900,100,700,"sd","09:20:13",54000
22900,100,1400,"bu","09:20:28",55400
22900,100,3100,"bu","09:21:00",58500
22900,100,1600,"bu","09:21:17",60100
22900,100,400,"sd","09:21:49",60500
22900,100,300,"sd","09:22:33",60800
22900,100,4400,"bu","09:22:52",65200
22900,100,100,"sd","09:23:09",65300
22900,100,500,"sd","09:23:49",65800
22850,50,100,"sd","09:23:50",65900
22900,100,1000,"sd","09:24:07",66900
22900,100,5000,"bu","09:24:20",71900
22850,50,11400,"bu","09:24:44",83300
22850,50,400,"bu","09:24:57",83700
22850,50,200,"bu","09:24:58",83900
22800,0,1100,"sd","09:24:59",85000
22850,50,200,"bu","09:25:10",85200
22850,50,2000,"bu","09:26:29",87200
22850,50,600,"sd","09:26:35",87800
22850,50,300,"sd","09:26:37",88100
22850,50,100,"bu","09:26:41",88200
22800,0,42900,"sd","09:27:20",131100
22850,50,500,"sd","09:27:28",131600
22850,50,100,"sd","09:28:02",131700
22850,50,1000,"bu","09:28:25",132700
22850,50,1100,"sd","09:28:50",133800
22800,0,15900,"sd","09:29:05",149700
22800,0,1600,"bu","09:29:15",151300
22800,0,3200,"bu","09:29:24",154500
22800,0,300,"bu","09:29:37",154800
22800,0,600,"sd","09:30:08",155400
22800,0,300,"sd","09:30:10",155700
22800,0,200,"bu","09:30:13",155900
22800,0,500,"sd","09:30:15",156400
22750,-50,3000,"bu","09:30:19",159400
22750,-50,1500,"bu","09:30:20",160900
22750,-50,3000,"sd","09:30:21",163900
22750,-50,3000,"sd","09:30:24",166900
22700,-100,1500,"sd","09:30:45",168400
22700,-100,9000,"sd","09:30:46",177400
22700,-100,3000,"sd","09:30:47",180400
22700,-100,2700,"sd","09:30:48",183100
22650,-150,1800,"bu","09:30:51",184900
22750,-50,4500,"sd","09:31:53",189400
22750,-50,400,"sd","09:32:18",189800
22750,-50,100,"bu","09:32:20",189900
22750,-50,10100,"bu","09:32:26",200000
22750,-50,400,"sd","09:32:50",200400
22750,-50,1500,"bu","09:33:40",201900
22750,-50,1600,"bu","09:34:18",203500
22750,-50,1000,"sd","09:34:26",204500
22800,0,1000,"sd","09:34:31",205500
22750,-50,400,"sd","09:34:40",205900
22750,-50,3000,"bu","09:35:08",208900
22750,-50,1700,"sd","09:35:49",210600
22800,0,1000,"sd","09:35:51",211600
22750,-50,1700,"sd","09:36:07",213300
22750,-50,400,"sd","09:36:20",213700
22750,-50,2400,"bu","09:37:12",216100
22750,-50,200,"sd","09:37:13",216300
22750,-50,1000,"bu","09:37:14",217300
22750,-50,3300,"sd","09:37:19",220600
22750,-50,600,"bu","09:37:26",221200
22750,-50,500,"sd","09:37:35",221700
22800,0,20500,"sd","09:37:39",242200
22750,-50,500,"bu","09:37:40",242700
22800,0,300,"sd","09:37:46",243000
22750,-50,100,"sd","09:37:51",243100
22750,-50,3000,"bu","09:38:21",246100
22750,-50,5000,"sd","09:38:46",251100
22750,-50,500,"bu","09:39:21",251600
22750,-50,500,"bu","09:39:23",252100
22750,-50,500,"bu","09:39:28",252600
22750,-50,100,"bu","09:40:36",252700
22750,-50,1500,"sd","09:40:39",254200
22750,-50,300,"sd","09:40:58",254500
22750,-50,5900,"bu","09:41:13",260400
22750,-50,1300,"bu","09:41:24",261700
22800,0,1000,"bu","09:41:34",262700
22750,-50,19600,"sd","09:41:57",282300
22750,-50,400,"bu","09:41:58",282700
22750,-50,500,"sd","09:42:56",283200
22750,-50,500,"sd","09:42:57",283700
22750,-50,500,"bu","09:43:02",284200
22800,0,500,"sd","09:44:54",284700
22800,0,900,"bu","09:45:01",285600
22800,0,22300,"sd","09:45:10",307900
22800,0,500,"bu","09:45:51",308400
22800,0,8400,"sd","09:47:02",316800
22750,-50,500,"sd","09:47:15",317300
22750,-50,1000,"sd","09:47:25",318300
22750,-50,1600,"bu","09:47:25",319900
22750,-50,900,"bu","09:49:57",320800
22750,-50,500,"bu","09:50:11",321300
22750,-50,1000,"bu","09:50:31",322300
22750,-50,1200,"sd","09:50:51",323500
22750,-50,200,"sd","09:51:01",323700
22750,-50,5000,"sd","09:51:33",328700
22800,0,500,"bu","09:51:54",329200
22750,-50,2500,"bu","09:52:28",331700
22750,-50,2500,"sd","09:52:32",334200
22750,-50,3500,"bu","09:53:33",337700
22800,0,1000,"bu","09:54:18",338700
22750,-50,500,"sd","09:54:30",339200
22750,-50,500,"sd","09:54:34",339700
22800,0,600,"sd","09:54:56",340300
22800,0,20000,"bu","09:54:58",360300
22800,0,200,"sd","09:55:08",360500
22800,0,800,"bu","09:55:12",361300
22800,0,5000,"bu","09:55:13",366300
22800,0,200,"bu","09:55:23",366500
22800,0,17800,"bu","09:55:27",384300
22750,-50,500,"bu","09:55:51",384800
22750,-50,500,"sd","09:55:54",385300
22750,-50,100,"sd","09:56:02",385400
22800,0,300,"sd","09:56:05",385700
22750,-50,500,"bu","09:56:11",386200
22750,-50,700,"bu","09:57:12",386900
22750,-50,500,"bu","09:57:15",387400
22750,-50,1800,"sd","09:57:35",389200
22750,-50,3500,"bu","09:58:33",392700
22750,-50,7500,"bu","09:58:47",400200
22750,-50,500,"bu","09:58:52",400700
22750,-50,100,"bu","09:59:02",400800
22750,-50,1000,"sd","09:59:11",401800
22750,-50,10000,"sd","09:59:19",411800
22750,-50,2100,"bu","09:59:22",413900
22750,-50,1100,"sd","09:59:46",415000
22750,-50,1000,"bu","09:59:57",416000
22750,-50,1100,"bu","10:00:33",417100
22750,-50,4300,"sd","10:00:50",421400
22750,-50,3000,"bu","10:01:50",424400
22750,-50,1100,"bu","10:01:56",425500
22700,-100,500,"bu","10:02:12",426000
22700,-100,900,"sd","10:02:15",426900
22700,-100,1000,"bu","10:02:31",427900
22700,-100,500,"sd","10:02:32",428400
22700,-100,1600,"sd","10:03:53",430000
22750,-50,6300,"sd","10:04:43",436300
22700,-100,500,"bu","10:04:55",436800
22700,-100,500,"bu","10:04:58",437300
22750,-50,1500,"sd","10:05:49",438800
22700,-100,200,"bu","10:05:55",439000
22750,-50,100,"sd","10:06:16",439100
22700,-100,500,"sd","10:06:43",439600
22700,-100,500,"bu","10:06:47",440100
22750,-50,200,"sd","10:06:49",440300
22700,-100,500,"bu","10:07:03",440800
22750,-50,100,"bu","10:07:57",440900
22700,-100,500,"bu","10:08:21",441400
22700,-100,500,"sd","10:08:25",441900
22750,-50,100,"sd","10:08:34",442000
22700,-100,500,"bu","10:08:42",442500
22750,-50,9000,"sd","10:08:51",451500
22750,-50,1000,"bu","10:08:57",452500
22750,-50,500,"bu","10:09:02",453000
22750,-50,100,"bu","10:09:06",453100
22750,-50,2100,"sd","10:09:18",455200
22750,-50,300,"sd","10:09:19",455500
22750,-50,500,"sd","10:09:45",456000
22750,-50,1100,"bu","10:10:21",457100
22750,-50,500,"bu","10:11:08",457600
22750,-50,4900,"bu","10:11:48",462500
22750,-50,500,"bu","10:12:30",463000
22750,-50,16000,"sd","10:13:20",479000
22750,-50,1800,"bu","10:13:32",480800
22750,-50,100,"sd","10:13:50",480900
22700,-100,500,"sd","10:13:52",481400
22700,-100,500,"sd","10:13:55",481900
22700,-100,1500,"bu","10:14:11",483400
22750,-50,100,"bu","10:14:17",483500
22700,-100,10000,"sd","10:14:21",493500
22700,-100,10000,"bu","10:14:46",503500
22750,-50,900,"bu","10:14:59",504400
22750,-50,100,"sd","10:15:13",504500
22700,-100,500,"bu","10:15:38",505000
22700,-100,1300,"sd","10:15:42",506300
22700,-100,500,"sd","10:15:58",506800
22750,-50,1600,"sd","10:16:02",508400
22700,-100,500,"sd","10:16:59",508900
22700,-100,500,"bu","10:17:03",509400
22700,-100,500,"sd","10:17:22",509900
22750,-50,100,"bu","10:17:39",510000
22750,-50,1500,"bu","10:17:55",511500
22700,-100,700,"sd","10:18:20",512200
22750,-50,14900,"sd","10:18:47",527100
22750,-50,1100,"sd","10:19:17",528200
22750,-50,300,"sd","10:19:28",528500
22750,-50,1000,"bu","10:19:37",529500
22750,-50,400,"bu","10:19:38",529900
22750,-50,2000,"bu","10:19:38",531900
22700,-100,500,"sd","10:19:44",532400
22750,-50,1700,"bu","10:19:52",534100
22750,-50,300,"sd","10:19:54",534400
22800,0,1500,"bu","10:20:30",535900
22800,0,200,"sd","10:20:50",536100
22750,-50,500,"bu","10:21:09",536600
22750,-50,500,"sd","10:21:12",537100
22750,-50,17700,"sd","10:21:39",554800
22750,-50,500,"bu","10:21:49",555300
22700,-100,300,"sd","10:21:57",555600
22750,-50,12300,"sd","10:22:22",567900
22750,-50,7700,"sd","10:22:34",575600
22750,-50,100,"sd","10:22:46",575700
22750,-50,500,"bu","10:22:48",576200
22750,-50,4700,"sd","10:22:58",580900
22750,-50,3000,"sd","10:23:05",583900
22750,-50,10600,"sd","10:23:39",594500
22750,-50,1000,"bu","10:23:45",595500
22750,-50,1700,"bu","10:23:48",597200
22750,-50,300,"bu","10:23:51",597500
22750,-50,400,"sd","10:23:54",597900
22750,-50,500,"sd","10:23:59",598400
22750,-50,1200,"bu","10:24:32",599600
22750,-50,200,"sd","10:25:14",599800
22800,0,100,"bu","10:25:23",599900
22750,-50,50000,"bu","10:25:25",649900
22750,-50,3900,"sd","10:25:30",653800
22750,-50,100,"bu","10:25:37",653900
22750,-50,500,"bu","10:25:51",654400
22750,-50,1000,"sd","10:26:07",655400
22750,-50,100,"sd","10:26:23",655500
22800,0,300,"bu","10:26:53",655800
22800,0,1500,"bu","10:27:00",657300
22800,0,10000,"bu","10:27:06",667300
22800,0,1000,"bu","10:27:11",668300
22750,-50,500,"sd","10:27:40",668800
22750,-50,1000,"bu","10:27:56",669800
22750,-50,100,"bu","10:28:13",669900
22750,-50,200,"sd","10:28:59",670100
22800,0,2100,"bu","10:29:10",672200
22750,-50,500,"sd","10:29:29",672700
22800,0,3000,"bu","10:29:51",675700
22800,0,13500,"sd","10:29:55",689200
22750,-50,100,"sd","10:30:00",689300
22800,0,10000,"sd","10:30:05",699300
22800,0,3500,"bu","10:30:16",702800
22800,0,1500,"sd","10:30:19",704300
22800,0,2200,"sd","10:30:26",706500
22800,0,4200,"sd","10:30:27",710700
22800,0,700,"sd","10:30:28",711400
22800,0,3000,"sd","10:30:32",714400
22800,0,500,"bu","10:30:33",714900
22800,0,1000,"sd","10:30:37",715900
22800,0,3000,"bu","10:30:38",718900
22800,0,3500,"bu","10:30:41",722400
22800,0,1000,"sd","10:30:44",723400
22800,0,5800,"bu","10:30:46",729200
22800,0,100,"bu","10:30:59",729300
22850,50,500,"bu","10:31:09",729800
22850,50,2500,"bu","10:31:10",732300
22850,50,4500,"sd","10:31:16",736800
22800,0,500,"bu","10:31:17",737300
22800,0,500,"bu","10:31:21",737800
22800,0,35000,"sd","10:31:23",772800
22850,50,4500,"bu","10:31:26",777300
22850,50,2400,"bu","10:31:28",779700
22800,0,500,"bu","10:31:33",780200
22850,50,4500,"sd","10:31:38",784700
22800,0,4600,"sd","10:31:49",789300
22850,50,4500,"sd","10:32:04",793800
22850,50,100,"bu","10:32:18",793900
22850,50,8700,"bu","10:32:24",802600
22850,50,4800,"bu","10:32:36",807400
22850,50,1000,"bu","10:32:41",808400
22850,50,1500,"sd","10:32:43",809900
22800,0,10600,"sd","10:32:59",820500
22800,0,5000,"bu","10:33:07",825500
22800,0,1000,"sd","10:33:10",826500
22800,0,1500,"sd","10:33:15",828000
22800,0,600,"sd","10:33:22",828600
22800,0,4000,"sd","10:33:27",832600
22800,0,300,"bu","10:33:28",832900
22800,0,600,"sd","10:33:30",833500
22800,0,500,"sd","10:33:33",834000
22800,0,2100,"sd","10:33:39",836100
22800,0,13200,"sd","10:33:49",849300
22800,0,1500,"bu","10:33:51",850800
22800,0,500,"bu","10:33:53",851300
22800,0,5500,"bu","10:33:54",856800
22800,0,1400,"sd","10:33:55",858200
22800,0,100,"bu","10:34:05",858300
22800,0,1600,"sd","10:34:10",859900
22850,50,100,"sd","10:34:12",860000
22850,50,1900,"sd","10:34:25",861900
22850,50,2000,"sd","10:34:27",863900
22850,50,500,"sd","10:34:28",864400
22850,50,300,"bu","10:34:31",864700
22850,50,200,"sd","10:35:05",864900
22800,0,900,"bu","10:35:23",865800
22800,0,13000,"bu","10:35:25",878800
22800,0,600,"sd","10:35:29",879400
22800,0,700,"sd","10:35:39",880100
22800,0,20500,"sd","10:35:51",900600
22800,0,3800,"sd","10:35:56",904400
22850,50,3100,"sd","10:35:58",907500
22850,50,2000,"bu","10:36:16",909500
22850,50,1500,"sd","10:36:23",911000
22850,50,4500,"bu","10:37:05",915500
22800,0,500,"sd","10:37:13",916000
22800,0,2100,"bu","10:37:18",918100
22800,0,500,"sd","10:37:32",918600
22800,0,100,"sd","10:37:44",918700
22800,0,3200,"bu","10:38:15",921900
22850,50,1000,"sd","10:38:18",922900
22850,50,100,"bu","10:38:26",923000
22850,50,600,"sd","10:38:56",923600
22800,0,7000,"sd","10:39:11",930600
22800,0,1600,"bu","10:39:16",932200
22800,0,500,"sd","10:39:17",932700
22800,0,100,"bu","10:39:32",932800
22800,0,47500,"bu","10:40:16",980300
22800,0,600,"bu","10:40:19",980900
22800,0,100,"bu","10:40:24",981000
22800,0,1800,"bu","10:40:26",982800
22800,0,600,"bu","10:40:34",983400
22800,0,2900,"bu","10:40:54",986300
22800,0,500,"sd","10:41:04",986800
22800,0,300,"bu","10:41:20",987100
22800,0,5000,"bu","10:42:10",992100
22800,0,8000,"sd","10:42:14",1000100
22800,0,3000,"bu","10:42:20",1003100
22800,0,500,"sd","10:42:36",1003600
22850,50,11000,"bu","10:42:59",1014600
22800,0,100,"sd","10:43:10",1014700
22850,50,7500,"bu","10:43:35",1022200
22850,50,400,"bu","10:43:36",1022600
22850,50,600,"bu","10:43:40",1023200
22850,50,400,"bu","10:43:45",1023600
22850,50,2000,"bu","10:43:47",1025600
22900,100,1000,"bu","10:43:55",1026600
22900,100,7500,"bu","10:43:58",1034100
22900,100,3000,"sd","10:44:17",1037100
22850,50,500,"sd","10:44:34",1037600
22850,50,500,"bu","10:44:37",1038100
22850,50,500,"bu","10:44:46",1038600
22850,50,1000,"sd","10:44:55",1039600
22850,50,100,"bu","10:44:57",1039700
22900,100,4500,"bu","10:45:01",1044200
22900,100,2000,"bu","10:45:04",1046200
22900,100,3000,"bu","10:45:09",1049200
22900,100,4500,"sd","10:45:14",1053700
22900,100,5000,"bu","10:45:20",1058700
22900,100,3000,"sd","10:45:27",1061700
22900,100,9500,"bu","10:45:43",1071200
22850,50,500,"sd","10:45:51",1071700
22850,50,1100,"bu","10:46:12",1072800
22850,50,200,"bu","10:46:31",1073000
22900,100,10000,"bu","10:46:56",1083000
22850,50,600,"sd","10:47:07",1083600
22850,50,1100,"sd","10:47:31",1084700
22900,100,3000,"bu","10:47:41",1087700
22900,100,1000,"bu","10:47:43",1088700
22900,100,1700,"sd","10:47:44",1090400
22900,100,6500,"sd","10:47:49",1096900
22900,100,3800,"sd","10:47:52",1100700
22900,100,400,"bu","10:48:07",1101100
22950,150,2900,"sd","10:48:10",1104000
22950,150,3000,"bu","10:48:16",1107000
22900,100,100,"bu","10:48:19",1107100
22950,150,1100,"sd","10:48:20",1108200
22950,150,3000,"bu","10:48:22",1111200
22950,150,3100,"sd","10:48:25",1114300
22950,150,4500,"bu","10:48:28",1118800
22950,150,3000,"sd","10:48:33",1121800
23000,200,51000,"bu","10:48:34",1172800
23000,200,4500,"sd","10:48:39",1177300
23000,200,200,"sd","10:48:57",1177500
23000,200,100,"bu","10:49:00",1177600
23000,200,4500,"sd","10:49:02",1182100
23000,200,300,"sd","10:49:08",1182400
23000,200,100,"sd","10:49:11",1182500
23000,200,3300,"bu","10:49:24",1185800
23000,200,1000,"sd","10:49:27",1186800
23000,200,2900,"sd","10:49:31",1189700
23000,200,6200,"sd","10:49:33",1195900
23000,200,4500,"sd","10:49:36",1200400
23000,200,900,"bu","10:49:38",1201300
23000,200,100,"sd","10:49:39",1201400
23000,200,3700,"bu","10:49:41",1205100
23000,200,3100,"sd","10:49:44",1208200
23000,200,500,"bu","10:49:46",1208700
23000,200,4500,"sd","10:49:47",1213200
23000,200,3700,"bu","10:49:49",1216900
23000,200,3200,"bu","10:49:52",1220100
23000,200,3400,"bu","10:49:53",1223500
23050,250,31100,"bu","10:49:57",1254600
23100,300,4600,"bu","10:50:00",1259200
23050,250,300,"sd","10:50:02",1259500
23100,300,200,"sd","10:50:04",1259700
23100,300,10000,"sd","10:50:09",1269700
23100,300,4500,"bu","10:50:12",1274200
23100,300,200,"sd","10:50:14",1274400
23100,300,16100,"bu","10:50:27",1290500
23100,300,3800,"sd","10:50:33",1294300
23100,300,7000,"sd","10:50:41",1301300
23050,250,100,"sd","10:50:43",1301400
23100,300,1700,"sd","10:51:01",1303100
23100,300,300,"sd","10:51:04",1303400
23100,300,100,"bu","10:51:09",1303500
23100,300,25000,"bu","10:51:15",1328500
23100,300,800,"bu","10:51:18",1329300
23100,300,10400,"sd","10:51:29",1339700
23150,350,100,"bu","10:51:30",1339800
23150,350,400,"bu","10:51:41",1340200
23100,300,1900,"bu","10:51:50",1342100
23100,300,1000,"sd","10:51:51",1343100
23100,300,5000,"bu","10:51:58",1348100
23100,300,23100,"sd","10:52:01",1371200
23100,300,1000,"sd","10:52:06",1372200
23150,350,3000,"bu","10:52:21",1375200
23100,300,500,"sd","10:52:25",1375700
23100,300,1100,"sd","10:52:28",1376800
23100,300,100,"sd","10:52:30",1376900
23100,300,200,"sd","10:52:44",1377100
23100,300,100,"sd","10:53:12",1377200
23100,300,1000,"sd","10:53:18",1378200
23100,300,200,"bu","10:53:23",1378400
23050,250,900,"sd","10:53:30",1379300
23100,300,500,"sd","10:53:31",1379800
23050,250,2000,"bu","10:53:40",1381800
23050,250,3900,"sd","10:53:58",1385700
23050,250,21300,"sd","10:54:00",1407000
23050,250,4000,"sd","10:54:13",1411000
23050,250,34700,"sd","10:54:20",1445700
23050,250,2000,"bu","10:54:22",1447700
23050,250,1800,"sd","10:54:24",1449500
23050,250,100,"sd","10:54:55",1449600
23050,250,700,"sd","10:55:10",1450300
23050,250,1000,"bu","10:55:23",1451300
23050,250,6500,"sd","10:55:36",1457800
23050,250,200,"sd","10:55:45",1458000
23100,300,800,"bu","10:56:11",1458800
23100,300,9000,"sd","10:56:14",1467800
23050,250,1600,"bu","10:56:16",1469400
23100,300,4500,"bu","10:56:17",1473900
23100,300,30000,"sd","10:56:21",1503900
23100,300,100,"sd","10:56:26",1504000
23100,300,500,"sd","10:56:27",1504500
23100,300,4500,"sd","10:56:36",1509000
23050,250,1000,"bu","10:56:38",1510000
23050,250,1300,"bu","10:56:46",1511300
23050,250,1200,"bu","10:56:49",1512500
23100,300,5000,"bu","10:56:53",1517500
23100,300,5000,"bu","10:56:55",1522500
23100,300,3000,"bu","10:56:59",1525500
23100,300,1700,"sd","10:57:01",1527200
23050,250,4600,"bu","10:57:05",1531800
23100,300,3000,"sd","10:57:12",1534800
23100,300,4500,"bu","10:57:20",1539300
23100,300,1500,"bu","10:57:24",1540800
23100,300,1000,"bu","10:57:26",1541800
23100,300,4500,"bu","10:57:33",1546300
23100,300,4000,"sd","10:57:46",1550300
23050,250,1000,"bu","10:57:53",1551300
23100,300,12700,"sd","10:58:16",1564000
23100,300,4500,"bu","10:58:35",1568500
23100,300,2000,"sd","10:58:45",1570500
23050,250,1000,"sd","10:59:09",1571500
23100,300,6100,"bu","10:59:11",1577600
23050,250,1000,"bu","10:59:13",1578600
23050,250,100,"bu","10:59:15",1578700
23050,250,1000,"sd","10:59:22",1579700
23050,250,200,"bu","10:59:33",1579900
23050,250,2000,"sd","10:59:37",1581900
23100,300,7100,"sd","10:59:45",1589000
23050,250,1000,"sd","10:59:58",1590000
23050,250,2000,"bu","11:00:07",1592000
23050,250,300,"sd","11:00:12",1592300
23100,300,2000,"sd","11:00:17",1594300
23050,250,1500,"bu","11:00:29",1595800
23100,300,21000,"bu","11:00:35",1616800
23050,250,200,"sd","11:00:37",1617000
23100,300,1500,"sd","11:00:39",1618500
23100,300,300,"sd","11:00:41",1618800
23050,250,1000,"bu","11:00:43",1619800
23100,300,3000,"sd","11:00:57",1622800
23050,250,100,"bu","11:01:02",1622900
23100,300,1600,"sd","11:01:12",1624500
23100,300,12000,"sd","11:01:14",1636500
23050,250,200,"bu","11:01:19",1636700
23050,250,100,"sd","11:01:23",1636800
23050,250,3000,"bu","11:01:44",1639800
23050,250,1400,"bu","11:01:46",1641200
23100,300,2500,"bu","11:02:07",1643700
23100,300,700,"bu","11:02:46",1644400
23050,250,500,"bu","11:02:52",1644900
23100,300,4500,"bu","11:03:02",1649400
23050,250,1000,"sd","11:03:06",1650400
23050,250,2200,"sd","11:03:27",1652600
23050,250,4000,"sd","11:04:05",1656600
23050,250,1000,"bu","11:04:12",1657600
23050,250,2000,"bu","11:04:24",1659600
23050,250,1500,"sd","11:04:32",1661100
23050,250,47200,"bu","11:04:41",1708300
23000,200,200,"bu","11:04:43",1708500
23000,200,2000,"bu","11:04:58",1710500
23000,200,10000,"bu","11:05:02",1720500
23050,250,500,"sd","11:05:20",1721000
23050,250,100,"sd","11:05:31",1721100
23000,200,1000,"bu","11:05:36",1722100
23000,200,1000,"bu","11:05:40",1723100
23000,200,1000,"bu","11:05:47",1724100
23050,250,4500,"sd","11:05:52",1728600
23000,200,200,"bu","11:06:00",1728800
23050,250,4500,"bu","11:06:27",1733300
23000,200,200,"sd","11:06:44",1733500
23000,200,1000,"sd","11:06:51",1734500
23000,200,1000,"bu","11:06:54",1735500
23050,250,1400,"bu","11:07:10",1736900
23050,250,3000,"sd","11:07:11",1739900
23000,200,200,"bu","11:07:15",1740100
23000,200,700,"sd","11:07:21",1740800
23000,200,1300,"sd","11:08:10",1742100
23000,200,2200,"sd","11:08:35",1744300
23050,250,3600,"sd","11:08:58",1747900
23050,250,4500,"sd","11:09:22",1752400
23050,250,2200,"sd","11:09:24",1754600
23050,250,1000,"sd","11:09:26",1755600
23050,250,700,"sd","11:09:28",1756300
23050,250,1000,"bu","11:09:30",1757300
23100,300,10100,"sd","11:09:35",1767400
23000,200,1000,"bu","11:09:37",1768400
23100,300,1000,"bu","11:09:50",1769400
23100,300,4500,"sd","11:10:01",1773900
23100,300,3000,"bu","11:10:03",1776900
23100,300,4500,"bu","11:10:16",1781400
23100,300,100,"sd","11:10:39",1781500
23050,250,1000,"sd","11:10:48",1782500
23050,250,1000,"sd","11:10:49",1783500
23100,300,4500,"sd","11:10:53",1788000
23050,250,1000,"bu","11:10:59",1789000
23050,250,300,"sd","11:11:09",1789300
23050,250,500,"bu","11:11:13",1789800
23050,250,100,"sd","11:11:15",1789900
23100,300,1500,"bu","11:11:18",1791400
23050,250,6700,"sd","11:11:30",1798100
23100,300,4500,"bu","11:11:34",1802600
23100,300,41100,"bu","11:11:42",1843700
23000,200,1000,"bu","11:12:04",1844700
23000,200,1000,"bu","11:12:08",1845700
23050,250,2200,"bu","11:12:28",1847900
23050,250,6800,"sd","11:12:50",1854700
23000,200,1000,"bu","11:13:22",1855700
23000,200,2200,"bu","11:13:47",1857900
23050,250,6100,"sd","11:14:08",1864000
23000,200,29900,"sd","11:14:12",1893900
22950,150,1000,"sd","11:14:41",1894900
22950,150,2200,"sd","11:15:01",1897100
22950,150,500,"bu","11:15:50",1897600
22950,150,1000,"sd","11:15:55",1898600
22950,150,2200,"sd","11:16:17",1900800
23000,200,5300,"sd","11:16:39",1906100
22950,150,1000,"bu","11:17:10",1907100
22950,150,1000,"bu","11:17:14",1908100
23000,200,1100,"sd","11:17:27",1909200
22950,150,200,"sd","11:17:33",1909400
22950,150,3900,"sd","11:17:39",1913300
22950,150,500,"bu","11:17:41",1913800
22950,150,3100,"sd","11:17:53",1916900
22950,150,800,"bu","11:17:55",1917700
22950,150,500,"sd","11:17:57",1918200
22950,150,1000,"bu","11:18:20",1919200
22950,150,2000,"bu","11:18:28",1921200
22950,150,1000,"sd","11:18:37",1922200
22950,150,200,"bu","11:18:49",1922400
22950,150,500,"bu","11:18:59",1922900
22950,150,1000,"sd","11:19:41",1923900
22950,150,1000,"sd","11:19:45",1924900
23000,200,100,"sd","11:19:50",1925000
22950,150,1000,"bu","11:19:52",1926000
22950,150,17800,"bu","11:20:42",1943800
22950,150,4500,"sd","11:20:48",1948300
22900,100,5000,"bu","11:21:11",1953300
22900,100,500,"sd","11:21:15",1953800
22900,100,9500,"sd","11:21:25",1963300
22950,150,4500,"sd","11:21:27",1967800
22900,100,100,"sd","11:21:33",1967900
22950,150,9100,"sd","11:21:41",1977000
22950,150,1600,"sd","11:21:47",1978600
22950,150,4600,"bu","11:21:55",1983200
22950,150,1600,"bu","11:22:02",1984800
22900,100,11300,"sd","11:22:25",1996100
22850,50,500,"bu","11:22:27",1996600
22850,50,1500,"bu","11:22:39",1998100
22900,100,1000,"bu","11:22:47",1999100
22850,50,100,"bu","11:22:51",1999200
22850,50,500,"sd","11:23:02",1999700
22900,100,400,"bu","11:23:27",2000100
22900,100,100,"sd","11:23:38",2000200
22900,100,200,"bu","11:23:45",2000400
22850,50,500,"sd","11:23:47",2000900
22900,100,5700,"sd","11:24:00",2006600
22850,50,100,"sd","11:24:11",2006700
22900,100,500,"sd","11:24:16",2007200
22900,100,200,"sd","11:24:31",2007400
22850,50,100,"sd","11:24:44",2007500
22900,100,1000,"bu","11:24:52",2008500
22850,50,500,"bu","11:25:06",2009000
22850,50,1100,"bu","11:25:28",2010100
22900,100,200,"sd","11:25:32",2010300
22850,50,100,"sd","11:25:47",2010400
22900,100,200,"bu","11:26:08",2010600
22900,100,1000,"bu","11:26:10",2011600
22900,100,1000,"sd","11:26:16",2012600
22850,50,500,"sd","11:26:20",2013100
22850,50,500,"sd","11:26:24",2013600
22900,100,1100,"sd","11:26:38",2014700
22900,100,900,"bu","11:26:41",2015600
22850,50,100,"bu","11:26:42",2015700
22900,100,4100,"sd","11:27:22",2019800
22900,100,200,"bu","11:27:32",2020000
22900,100,1000,"bu","11:27:38",2021000
22900,100,200,"bu","11:27:42",2021200
22900,100,500,"sd","11:27:46",2021700
22900,100,100,"bu","11:27:48",2021800
22900,100,400,"sd","11:27:50",2022200
22950,150,4500,"bu","11:27:52",2026700
22900,100,100,"bu","11:27:57",2026800
22950,150,3000,"sd","11:28:23",2029800
22950,150,300,"bu","11:28:31",2030100
22950,150,1400,"sd","11:28:37",2031500
22900,100,500,"sd","11:29:03",2032000
22950,150,4900,"bu","11:29:37",2036900
22900,100,1000,"bu","11:29:49",2037900
22950,150,1300,"bu","13:00:14",2039200
22900,100,13700,"sd","13:00:17",2052900
22900,100,1100,"bu","13:00:18",2054000
22900,100,400,"bu","13:00:19",2054400
22900,100,3000,"bu","13:00:21",2057400
22900,100,400,"bu","13:00:22",2057800
22900,100,100,"sd","13:00:23",2057900
22900,100,400,"bu","13:00:25",2058300
22900,100,400,"bu","13:00:26",2058700
22900,100,500,"bu","13:00:29",2059200
22900,100,100,"sd","13:00:37",2059300
22900,100,500,"bu","13:00:39",2059800
22900,100,2500,"sd","13:00:46",2062300
22950,150,7000,"bu","13:00:53",2069300
22900,100,100,"bu","13:00:56",2069400
23000,200,5000,"bu","13:01:01",2074400
22900,100,6100,"bu","13:01:12",2080500
22900,100,23900,"sd","13:01:17",2104400
22950,150,300,"sd","13:02:05",2104700
22900,100,3000,"bu","13:02:09",2107700
22950,150,100,"sd","13:02:35",2107800
22950,150,14000,"sd","13:02:37",2121800
22900,100,200,"bu","13:02:53",2122000
22950,150,1200,"sd","13:03:30",2123200
23000,200,4500,"bu","13:03:52",2127700
23000,200,10000,"bu","13:04:37",2137700
23000,200,10000,"sd","13:04:44",2147700
23000,200,9300,"bu","13:04:48",2157000
23050,250,10000,"bu","13:04:52",2167000
23000,200,200,"bu","13:04:54",2167200
23000,200,100,"bu","13:04:57",2167300
23050,250,10000,"sd","13:04:59",2177300
23000,200,20300,"bu","13:05:10",2197600
23050,250,10500,"bu","13:05:16",2208100
23050,250,10000,"sd","13:05:26",2218100
23050,250,100,"sd","13:05:32",2218200
23050,250,900,"sd","13:05:37",2219100
23000,200,3000,"bu","13:06:18",2222100
23050,250,1500,"sd","13:06:26",2223600
23000,200,3400,"bu","13:06:40",2227000
23050,250,9700,"bu","13:06:50",2236700
23050,250,1000,"bu","13:06:58",2237700
23050,250,700,"bu","13:07:00",2238400
23050,250,200,"bu","13:07:08",2238600
23050,250,37800,"bu","13:07:17",2276400
23050,250,300,"sd","13:07:25",2276700
23050,250,100,"bu","13:07:28",2276800
23050,250,200,"bu","13:07:34",2277000
23050,250,1000,"sd","13:07:54",2278000
23100,300,1400,"bu","13:07:56",2279400
23100,300,1500,"bu","13:08:11",2280900
23050,250,500,"sd","13:08:14",2281400
23050,250,100,"bu","13:08:28",2281500
23050,250,300,"sd","13:08:39",2281800
23100,300,4500,"sd","13:08:51",2286300
23050,250,2000,"sd","13:08:55",2288300
23050,250,100,"bu","13:08:57",2288400
23050,250,1000,"sd","13:09:08",2289400
23050,250,100,"bu","13:09:14",2289500
23050,250,500,"bu","13:09:29",2290000
23050,250,3800,"sd","13:09:37",2293800
23050,250,9500,"sd","13:09:42",2303300
23100,300,4500,"bu","13:09:46",2307800
23050,250,500,"sd","13:09:51",2308300
23100,300,10000,"sd","13:10:11",2318300
23100,300,10000,"sd","13:10:19",2328300
23100,300,10000,"sd","13:10:23",2338300
23100,300,10000,"sd","13:10:27",2348300
23100,300,20000,"bu","13:10:32",2368300
23050,250,2000,"sd","13:10:34",2370300
23100,300,10000,"bu","13:10:39",2380300
23100,300,1300,"sd","13:10:44",2381600
23100,300,200,"bu","13:10:46",2381800
23100,300,300,"bu","13:11:01",2382100
23100,300,1000,"sd","13:11:14",2383100
23100,300,300,"bu","13:11:17",2383400
23100,300,100,"bu","13:11:19",2383500
23100,300,500,"sd","13:11:25",2384000
23100,300,1500,"sd","13:11:29",2385500
23100,300,1800,"bu","13:11:50",2387300
23100,300,6000,"sd","13:11:54",2393300
23100,300,300,"sd","13:11:56",2393600
23100,300,200,"sd","13:12:02",2393800
23100,300,500,"bu","13:12:17",2394300
23100,300,100,"bu","13:12:40",2394400
23100,300,1000,"sd","13:12:51",2395400
23100,300,100,"bu","13:13:01",2395500
23100,300,2800,"sd","13:13:27",2398300
23050,250,300,"bu","13:13:29",2398600
23050,250,900,"sd","13:13:46",2399500
23050,250,2500,"sd","13:14:12",2402000
23050,250,3100,"sd","13:14:21",2405100
23050,250,300,"sd","13:15:03",2405400
23050,250,1600,"sd","13:15:07",2407000
23100,300,2600,"sd","13:15:09",2409600
23100,300,300,"bu","13:15:19",2409900
23100,300,100,"sd","13:15:22",2410000
23100,300,500,"bu","13:16:42",2410500
23050,250,200,"sd","13:16:51",2410700
23050,250,300,"sd","13:16:55",2411000
23050,250,1100,"sd","13:17:31",2412100
23050,250,500,"bu","13:17:40",2412600
23100,300,300,"bu","13:17:49",2412900
23050,250,200,"bu","13:18:20",2413100
23100,300,500,"bu","13:18:48",2413600
23050,250,100,"bu","13:18:53",2413700
23050,250,2000,"bu","13:19:00",2415700
23050,250,4500,"sd","13:19:15",2420200
23050,250,2700,"sd","13:19:19",2422900
23050,250,1500,"bu","13:19:32",2424400
23050,250,2000,"sd","13:19:34",2426400
23050,250,500,"bu","13:19:48",2426900
23100,300,300,"bu","13:19:58",2427200
23050,250,1000,"sd","13:20:04",2428200
23050,250,100,"sd","13:20:09",2428300
23050,250,3900,"sd","13:20:18",2432200
23050,250,17000,"bu","13:20:21",2449200
23050,250,1000,"bu","13:20:32",2450200
23100,300,300,"bu","13:20:35",2450500
23050,250,200,"sd","13:20:44",2450700
23100,300,300,"bu","13:20:53",2451000
23050,250,100,"sd","13:20:58",2451100
23050,250,3000,"sd","13:21:00",2454100
23100,300,300,"sd","13:21:12",2454400
23050,250,1500,"sd","13:21:29",2455900
23100,300,9300,"bu","13:21:58",2465200
23100,300,2000,"bu","13:22:04",2467200
23100,300,1100,"bu","13:22:11",2468300
23100,300,400,"sd","13:22:32",2468700
23100,300,600,"sd","13:22:36",2469300
23100,300,40000,"sd","13:22:38",2509300
23100,300,23100,"sd","13:22:40",2532400
23100,300,2700,"bu","13:23:06",2535100
23100,300,3000,"sd","13:23:17",2538100
23100,300,3000,"sd","13:23:34",2541100
23100,300,1000,"bu","13:23:48",2542100
23150,350,10000,"bu","13:23:55",2552100
23150,350,10000,"sd","13:24:00",2562100
23150,350,8200,"bu","13:24:05",2570300
23150,350,1800,"bu","13:24:07",2572100
23150,350,4000,"bu","13:24:10",2576100
23150,350,10000,"bu","13:24:12",2586100
23150,350,10000,"sd","13:24:16",2596100
23150,350,11400,"sd","13:24:28",2607500
23150,350,10000,"bu","13:24:33",2617500
23150,350,100,"bu","13:24:35",2617600
23150,350,10000,"bu","13:24:40",2627600
23100,300,100,"bu","13:24:44",2627700
23150,350,700,"sd","13:24:47",2628400
23150,350,10200,"bu","13:24:49",2638600
23150,350,300,"bu","13:24:51",2638900
23150,350,10000,"bu","13:24:54",2648900
23150,350,400,"bu","13:24:56",2649300
23150,350,10000,"bu","13:24:58",2659300
23150,350,500,"bu","13:25:11",2659800
23150,350,8000,"bu","13:25:13",2667800
23150,350,2000,"bu","13:25:19",2669800
23150,350,100,"sd","13:25:31",2669900
23100,300,55000,"sd","13:26:08",2724900
23100,300,100,"sd","13:26:16",2725000
23050,250,2700,"sd","13:28:00",2727700
23050,250,75300,"bu","13:28:02",2803000
23050,250,100,"bu","13:29:07",2803100
23050,250,600,"sd","13:29:13",2803700
23050,250,1000,"bu","13:29:28",2804700
23050,250,2000,"bu","13:29:33",2806700
23050,250,10000,"bu","13:29:38",2816700
23050,250,7300,"bu","13:29:43",2824000
23050,250,2000,"bu","13:29:55",2826000
23050,250,200,"sd","13:30:19",2826200
23050,250,500,"sd","13:30:24",2826700
23050,250,200,"sd","13:30:29",2826900
23050,250,9300,"bu","13:31:45",2836200
23100,300,1800,"sd","13:31:48",2838000
23050,250,19500,"bu","13:31:52",2857500
23050,250,100,"bu","13:31:55",2857600
23000,200,500,"bu","13:32:39",2858100
23050,250,3800,"sd","13:32:41",2861900
23000,200,400,"bu","13:32:55",2862300
23000,200,100,"bu","13:33:54",2862400
23000,200,2000,"bu","13:34:02",2864400
23000,200,100,"bu","13:34:30",2864500
23000,200,16500,"bu","13:35:44",2881000
23000,200,100,"bu","13:36:06",2881100
23050,250,3000,"bu","13:36:42",2884100
23050,250,1300,"bu","13:36:44",2885400
23000,200,1000,"bu","13:36:54",2886400
23000,200,100,"bu","13:36:57",2886500
23050,250,4500,"sd","13:37:08",2891000
23050,250,3000,"sd","13:37:20",2894000
23050,250,4500,"sd","13:37:23",2898500
23000,200,400,"sd","13:37:36",2898900
23050,250,4700,"bu","13:37:47",2903600
23050,250,4500,"sd","13:37:52",2908100
23050,250,200,"bu","13:38:16",2908300
23050,250,4500,"sd","13:38:32",2912800
23050,250,100,"bu","13:38:34",2912900
23050,250,3200,"bu","13:38:37",2916100
23050,250,6000,"sd","13:38:45",2922100
23050,250,3400,"sd","13:38:48",2925500
23050,250,9500,"sd","13:38:59",2935000
23050,250,3600,"sd","13:39:02",2938600
23100,300,3200,"bu","13:39:10",2941800
23100,300,8800,"sd","13:39:15",2950600
23100,300,1000,"sd","13:39:20",2951600
23100,300,3000,"sd","13:39:23",2954600
23100,300,3500,"sd","13:39:32",2958100
23100,300,7500,"bu","13:39:35",2965600
23100,300,4500,"sd","13:39:40",2970100
23100,300,500,"sd","13:39:43",2970600
23050,250,3000,"sd","13:40:06",2973600
23050,250,3000,"bu","13:41:07",2976600
23050,250,1500,"bu","13:41:22",2978100
23100,300,10000,"bu","13:41:27",2988100
23100,300,1500,"sd","13:41:29",2989600
23100,300,4500,"sd","13:41:37",2994100
23100,300,2200,"sd","13:41:50",2996300
23100,300,300,"sd","13:41:53",2996600
23050,250,3000,"bu","13:42:01",2999600
23050,250,3500,"sd","13:42:11",3003100
23050,250,1500,"sd","13:42:16",3004600
23050,250,11100,"bu","13:43:11",3015700
23050,250,3000,"bu","13:43:19",3018700
23050,250,7900,"sd","13:43:22",3026600
23050,250,3000,"sd","13:43:27",3029600
23050,250,2800,"sd","13:43:30",3032400
23050,250,3000,"bu","13:43:38",3035400
23050,250,86700,"bu","13:43:41",3122100
23000,200,3100,"bu","13:43:46",3125200
23050,250,200,"sd","13:44:12",3125400
23000,200,31000,"sd","13:44:29",3156400
23000,200,7700,"sd","13:44:34",3164100
23000,200,200,"bu","13:44:40",3164300
23000,200,2300,"bu","13:44:49",3166600
23000,200,2000,"sd","13:44:55",3168600
23000,200,1500,"sd","13:45:55",3170100
23000,200,3300,"sd","13:46:38",3173400
23000,200,3900,"sd","13:46:41",3177300
23000,200,2000,"bu","13:46:59",3179300
23000,200,10500,"bu","13:47:04",3189800
23050,250,9700,"bu","13:47:07",3199500
23050,250,600,"sd","13:47:45",3200100
23050,250,5700,"bu","13:48:05",3205800
23050,250,1500,"bu","13:48:23",3207300
23000,200,1200,"bu","13:48:33",3208500
23050,250,4000,"bu","13:48:36",3212500
23050,250,500,"sd","13:48:55",3213000
23050,250,200,"bu","13:48:57",3213200
23050,250,4700,"sd","13:49:27",3217900
23050,250,500,"sd","13:49:44",3218400
23050,250,21000,"bu","13:50:28",3239400
23050,250,1100,"bu","13:50:31",3240500
23100,300,2000,"sd","13:50:36",3242500
23100,300,21500,"bu","13:50:57",3264000
23100,300,20000,"sd","13:51:05",3284000
23100,300,8200,"bu","13:51:11",3292200
23050,250,300,"bu","13:51:35",3292500
23050,250,200,"bu","13:51:43",3292700
23050,250,800,"sd","13:51:48",3293500
23100,300,2000,"sd","13:51:58",3295500
23050,250,100,"sd","13:52:29",3295600
23050,250,4500,"bu","13:52:49",3300100
23050,250,2000,"bu","13:53:20",3302100
23050,250,1000,"sd","13:53:23",3303100
23050,250,100,"bu","13:53:33",3303200
23050,250,3000,"sd","13:54:06",3306200
23050,250,1000,"bu","13:54:14",3307200
23050,250,100,"sd","13:54:25",3307300
23050,250,10000,"bu","13:54:59",3317300
23050,250,5200,"bu","13:55:06",3322500
23050,250,21900,"bu","13:55:11",3344400
23050,250,100,"bu","13:55:41",3344500
23050,250,1000,"bu","13:55:43",3345500
23050,250,100,"bu","13:55:46",3345600
23050,250,10000,"sd","13:56:09",3355600
23050,250,8700,"sd","13:56:12",3364300
23050,250,100,"sd","13:56:25",3364400
23050,250,7100,"bu","13:56:46",3371500
23050,250,500,"sd","13:56:48",3372000
23050,250,1500,"bu","13:57:00",3373500
23050,250,2300,"sd","13:57:06",3375800
23050,250,100,"sd","13:57:09",3375900
23050,250,600,"sd","13:57:15",3376500
23100,300,4500,"bu","13:57:18",3381000
23100,300,200,"sd","13:57:27",3381200
23100,300,4500,"sd","13:57:33",3385700
23100,300,4000,"sd","13:58:07",3389700
23050,250,100,"sd","13:58:46",3389800
23100,300,2000,"sd","13:59:19",3391800
23100,300,3000,"bu","13:59:22",3394800
23050,250,100,"bu","13:59:27",3394900
23100,300,27000,"sd","13:59:38",3421900
23050,250,200,"bu","13:59:48",3422100
23050,250,100,"sd","13:59:50",3422200
23100,300,2100,"sd","14:00:27",3424300
23100,300,50000,"sd","14:00:30",3474300
23100,300,400,"sd","14:00:47",3474700
23100,300,2000,"bu","14:00:53",3476700
23100,300,7100,"bu","14:00:59",3483800
23100,300,300,"sd","14:01:04",3484100
23100,300,28700,"sd","14:01:24",3512800
23100,300,100,"bu","14:01:27",3512900
23150,350,5000,"bu","14:01:45",3517900
23100,300,1000,"sd","14:01:48",3518900
23100,300,100,"bu","14:02:03",3519000
23150,350,2000,"bu","14:02:10",3521000
23100,300,20000,"bu","14:02:18",3541000
23150,350,1700,"sd","14:02:22",3542700
23150,350,8000,"bu","14:02:37",3550700
23150,350,10000,"sd","14:02:43",3560700
23150,350,1000,"sd","14:02:49",3561700
23150,350,200,"bu","14:02:52",3561900
23100,300,22400,"sd","14:03:00",3584300
23050,250,1000,"sd","14:03:21",3585300
23100,300,2000,"bu","14:03:27",3587300
23100,300,1000,"bu","14:03:33",3588300
23100,300,3000,"sd","14:03:45",3591300
23100,300,1000,"bu","14:03:52",3592300
23100,300,100,"sd","14:03:57",3592400
23100,300,1900,"sd","14:04:01",3594300
23100,300,100,"sd","14:04:03",3594400
23150,350,30000,"sd","14:04:09",3624400
23150,350,2100,"bu","14:04:12",3626500
23100,300,200,"sd","14:04:17",3626700
23100,300,3300,"bu","14:04:37",3630000
23100,300,1000,"sd","14:04:43",3631000
23150,350,1000,"bu","14:04:46",3632000
23200,400,15000,"sd","14:04:52",3647000
23150,350,500,"sd","14:05:09",3647500
23150,350,1800,"bu","14:05:48",3649300
23100,300,10000,"sd","14:06:13",3659300
23100,300,700,"bu","14:06:29",3660000
23100,300,10000,"sd","14:06:51",3670000
23100,300,1200,"sd","14:07:03",3671200
23150,350,5000,"sd","14:07:12",3676200
23150,350,800,"bu","14:07:18",3677000
23150,350,7000,"bu","14:07:29",3684000
23150,350,3000,"bu","14:07:59",3687000
23100,300,1000,"bu","14:08:03",3688000
23150,350,6500,"sd","14:08:14",3694500
23150,350,300,"bu","14:08:21",3694800
23150,350,5000,"bu","14:08:45",3699800
23150,350,100,"sd","14:08:47",3699900
23150,350,20100,"bu","14:09:46",3720000
23150,350,1000,"bu","14:09:49",3721000
23150,350,2000,"sd","14:10:26",3723000
23150,350,1000,"bu","14:10:38",3724000
23150,350,400,"bu","14:11:04",3724400
23100,300,100,"bu","14:11:34",3724500
23150,350,500,"sd","14:11:50",3725000
23150,350,3600,"bu","14:11:57",3728600
23150,350,56400,"bu","14:12:08",3785000
23150,350,4500,"sd","14:12:12",3789500
23150,350,3100,"sd","14:12:20",3792600
23150,350,4500,"sd","14:12:23",3797100
23150,350,3000,"bu","14:12:34",3800100
23150,350,4500,"bu","14:12:37",3804600
23150,350,2000,"sd","14:12:43",3806600
23150,350,5000,"bu","14:12:47",3811600
23150,350,7400,"bu","14:12:50",3819000
23150,350,400,"sd","14:12:54",3819400
23200,400,6200,"sd","14:12:57",3825600
23200,400,30000,"bu","14:13:00",3855600
23200,400,3000,"sd","14:13:03",3858600
23200,400,4500,"sd","14:13:12",3863100
23150,350,700,"sd","14:13:28",3863800
23200,400,3000,"bu","14:13:31",3866800
23200,400,6200,"sd","14:13:34",3873000
23200,400,3000,"bu","14:13:37",3876000
23150,350,1300,"sd","14:14:37",3877300
23150,350,3900,"bu","14:14:47",3881200
23200,400,4500,"bu","14:14:53",3885700
23200,400,3000,"sd","14:14:56",3888700
23200,400,50000,"sd","14:14:58",3938700
23250,450,1500,"bu","14:15:05",3940200
23200,400,900,"bu","14:15:08",3941100
23200,400,1000,"bu","14:15:11",3942100
23250,450,900,"sd","14:15:21",3943000
23200,400,7200,"bu","14:15:24",3950200
23250,450,3000,"sd","14:15:33",3953200
23250,450,4500,"sd","14:15:41",3957700
23250,450,100,"bu","14:15:47",3957800
23250,450,11000,"bu","14:15:53",3968800
23200,400,300,"sd","14:15:59",3969100
23250,450,1300,"sd","14:16:05",3970400
23200,400,10200,"bu","14:16:14",3980600
23250,450,2000,"sd","14:16:21",3982600
23200,400,3300,"bu","14:16:30",3985900
23200,400,100,"sd","14:16:43",3986000
23200,400,300,"sd","14:16:49",3986300
23200,400,200,"bu","14:16:58",3986500
23200,400,6500,"bu","14:17:04",3993000
23200,400,21100,"bu","14:17:07",4014100
23200,400,200,"sd","14:17:10",4014300
23200,400,1100,"bu","14:17:20",4015400
23200,400,6000,"bu","14:17:31",4021400
23200,400,300,"bu","14:17:37",4021700
23150,350,100,"bu","14:18:35",4021800
23150,350,12800,"sd","14:18:47",4034600
23150,350,1000,"sd","14:19:00",4035600
23150,350,500,"sd","14:19:16",4036100
23150,350,3000,"bu","14:19:20",4039100
23150,350,6200,"bu","14:19:24",4045300
23150,350,3000,"bu","14:19:31",4048300
23200,400,20000,"bu","14:19:42",4068300
23150,350,500,"bu","14:19:50",4068800
23100,300,2100,"sd","14:20:30",4070900
23100,300,400,"bu","14:20:34",4071300
23150,350,1000,"bu","14:20:43",4072300
23150,350,100,"bu","14:21:44",4072400
23150,350,1000,"bu","14:21:47",4073400
23150,350,2400,"sd","14:22:14",4075800
23100,300,1500,"sd","14:22:16",4077300
23100,300,8800,"bu","14:22:33",4086100
23100,300,6900,"bu","14:22:40",4093000
23100,300,3500,"bu","14:22:43",4096500
23100,300,6900,"bu","14:23:00",4103400
23100,300,1500,"sd","14:23:03",4104900
23100,300,1000,"sd","14:23:06",4105900
23100,300,100,"bu","14:23:10",4106000
23150,350,15000,"bu","14:23:26",4121000
23100,300,2000,"sd","14:23:33",4123000
23150,350,16200,"sd","14:23:36",4139200
23150,350,3600,"sd","14:23:43",4142800
23150,350,19400,"bu","14:23:49",4162200
23150,350,400,"bu","14:23:53",4162600
23150,350,100,"sd","14:24:05",4162700
23100,300,87100,"bu","14:25:02",4249800
23100,300,3700,"sd","14:25:15",4253500
23100,300,5000,"bu","14:25:21",4258500
23050,250,1500,"sd","14:25:28",4260000
23100,300,13100,"sd","14:26:12",4273100
23100,300,2000,"sd","14:26:53",4275100
23100,300,1300,"sd","14:27:00",4276400
23100,300,100,"sd","14:27:07",4276500
23050,250,1500,"bu","14:27:14",4278000
23150,350,7400,"bu","14:27:17",4285400
23100,300,1500,"sd","14:27:29",4286900
23100,300,300,"sd","14:27:41",4287200
23100,300,9100,"sd","14:27:49",4296300
23050,250,1500,"sd","14:27:52",4297800
23050,250,69700,"sd","14:28:00",4367500
23000,200,8000,"sd","14:28:03",4375500
23000,200,8000,"sd","14:28:14",4383500
23000,200,8600,"sd","14:28:34",4392100
23050,250,300,"bu","14:28:37",4392400
23050,250,1600,"sd","14:28:41",4394000
23000,200,8000,"bu","14:28:45",4402000
23000,200,87900,"bu","14:28:48",4489900
23000,200,2000,"sd","14:28:57",4491900
23000,200,300,"bu","14:29:03",4492200
23000,200,1300,"bu","14:29:05",4493500
23000,200,1200,"bu","14:29:17",4494700
23000,200,2300,"bu","14:29:23",4497000
23000,200,500,"bu","14:29:26",4497500
23000,200,4800,"sd","14:29:30",4502300
23000,200,1000,"bu","14:29:39",4503300
23000,200,3100,"sd","14:29:44",4506400
23000,200,2600,"sd","14:29:48",4509000
23000,200,500,"bu","14:29:51",4509500
23000,200,2000,"sd","14:29:55",4511500
23000,200,5800,"bu","14:30:02",4517300
23000,200,169300,"bu","14:45:12",4686600
