"Stockcode","Package","TradingDate","Price","Vol","TotalVol","TotalVal","Change","IsBuy","PerChange"
"AMV",144527,"/Date(1701848701000)/",3800,99200,646123,2441108500,0,false,0
"AMV",142717,"/Date(1701847637000)/",3800,400,546923,2064148500,0,false,0
"AMV",142402,"/Date(1701847442000)/",3800,1000,546523,2062628500,0,false,0
"AMV",142251,"/Date(1701847371000)/",3800,5000,545523,2058828500,0,false,0
"AMV",142237,"/Date(1701847357000)/",3800,500,540523,2039828500,0,false,0
"AMV",142234,"/Date(1701847354000)/",3800,600,540023,2037928500,0,false,0
"AMV",142222,"/Date(1701847342000)/",3800,500,539423,2035648500,0,false,0
"AMV",142216,"/Date(1701847336000)/",3800,5500,538923,2033748500,0,false,0
"AMV",142045,"/Date(1701847245000)/",3800,1000,533423,2012848500,0,false,0
"AMV",141958,"/Date(1701847198000)/",3800,500,532423,2009048500,0,false,0
"AMV",141919,"/Date(1701847159000)/",3800,2500,531923,2007148500,0,false,0
"AMV",141707,"/Date(1701847028000)/",3800,1000,529423,1997648500,0,false,0
"AMV",141537,"/Date(1701846938000)/",3800,500,528423,1993848500,0,false,0
"AMV",141512,"/Date(1701846913000)/",3800,3400,527923,1991948500,0,false,0
"AMV",141502,"/Date(1701846903000)/",3800,500,524523,1979028500,0,false,0
"AMV",141441,"/Date(1701846882000)/",3800,3000,524023,1977128500,0,false,0
"AMV",141403,"/Date(1701846844000)/",3700,100,521023,1965728500,-100,true,-2.63
"AMV",141355,"/Date(1701846836000)/",3800,20,520923,1965358500,0,false,0
"AMV",141237,"/Date(1701846758000)/",3800,1000,520903,1965282500,0,false,0
"AMV",141152,"/Date(1701846713000)/",3700,5000,519903,1961482500,-100,true,-2.63
"AMV",141133,"/Date(1701846694000)/",3800,1000,514903,1942982500,0,false,0
"AMV",141032,"/Date(1701846633000)/",3800,4600,513903,1939182500,0,false,0
"AMV",141001,"/Date(1701846602000)/",3800,40000,509303,1921702500,0,false,0
"AMV",140938,"/Date(1701846578000)/",3800,1000,469303,1769702500,0,false,0
"AMV",140720,"/Date(1701846440000)/",3700,6100,468303,1765902500,-100,true,-2.63
"AMV",140644,"/Date(1701846404000)/",3800,23,462203,1743332500,0,false,0
"AMV",140506,"/Date(1701846306000)/",3800,31000,462180,1743245100,0,false,0
"AMV",140448,"/Date(1701846288000)/",3700,100,431180,1625445100,-100,true,-2.63
"AMV",140339,"/Date(1701846219000)/",3800,1000,431080,1625075100,0,false,0
"AMV",140252,"/Date(1701846172000)/",3800,47,430080,1621275100,0,false,0
"AMV",140202,"/Date(1701846122000)/",3800,60000,430033,1621096500,0,false,0
"AMV",135832,"/Date(1701845912000)/",3800,200,370033,1393096500,0,false,0
"AMV",135701,"/Date(1701845821000)/",3800,500,369833,1392336500,0,false,0
"AMV",135411,"/Date(1701845651000)/",3800,100,369333,1390436500,0,false,0
"AMV",135125,"/Date(1701845485000)/",3700,20000,369233,1390056500,-100,true,-2.63
"AMV",135049,"/Date(1701845449000)/",3800,70,349233,1316056500,0,false,0
"AMV",134745,"/Date(1701845266000)/",3800,100,349163,1315797500,0,false,0
"AMV",134710,"/Date(1701845231000)/",3700,100,349063,1315417500,-100,true,-2.63
"AMV",134113,"/Date(1701844873000)/",3800,100,348963,1315047500,0,false,0
"AMV",134034,"/Date(1701844834000)/",3700,1000,348863,1314667500,-100,true,-2.63
"AMV",133900,"/Date(1701844740000)/",3700,6500,347863,1310967500,-100,true,-2.63
"AMV",133649,"/Date(1701844609000)/",3700,1300,341363,1286917500,-100,true,-2.63
"AMV",133338,"/Date(1701844418000)/",3800,68,340063,1282107500,0,false,0
"AMV",133305,"/Date(1701844385000)/",3800,200,339995,1281849100,0,false,0
"AMV",133209,"/Date(1701844329000)/",3800,1000,339795,1281089100,0,false,0
"AMV",132740,"/Date(1701844060000)/",3700,2000,338795,1277289100,-100,true,-2.63
"AMV",132508,"/Date(1701843908000)/",3700,20000,336795,1269889100,-100,true,-2.63
"AMV",132415,"/Date(1701843855000)/",3800,500,316795,1195889100,0,false,0
"AMV",132238,"/Date(1701843758000)/",3800,100,316295,1193989100,0,false,0
"AMV",132135,"/Date(1701843695000)/",3800,1000,316195,1193609100,0,false,0
"AMV",132115,"/Date(1701843675000)/",3700,10000,315195,1189809100,-100,true,-2.63
"AMV",132050,"/Date(1701843650000)/",3700,10000,305195,1152809100,-100,true,-2.63
"AMV",132004,"/Date(1701843604000)/",3700,1500,295195,1115809100,-100,true,-2.63
"AMV",131857,"/Date(1701843537000)/",3800,100,293695,1110259100,0,false,0
"AMV",131504,"/Date(1701843304000)/",3800,12,293595,1109879100,0,false,0
"AMV",131347,"/Date(1701843226000)/",3800,100,293583,1109833500,0,false,0
"AMV",131226,"/Date(1701843146000)/",3800,1,293483,1109453500,0,false,0
"AMV",130826,"/Date(1701842906000)/",3800,1400,293482,1109449700,0,false,0
"AMV",130733,"/Date(1701842853000)/",3800,3000,292082,1104129700,0,false,0
"AMV",130722,"/Date(1701842842000)/",3800,4000,289082,1092729700,0,false,0
"AMV",130612,"/Date(1701842772000)/",3800,4600,285082,1077529700,0,false,0
"AMV",130511,"/Date(1701842711000)/",3800,20000,280482,1060049700,0,false,0
"AMV",130431,"/Date(1701842671000)/",3800,2000,260482,984049700,0,false,0
"AMV",130353,"/Date(1701842633000)/",3800,7400,258482,976449700,0,false,0
"AMV",130256,"/Date(1701842576000)/",3800,1200,251082,948329700,0,false,0
"AMV",130244,"/Date(1701842564000)/",3800,3000,249882,943769700,0,false,0
"AMV",130034,"/Date(1701842403000)/",3800,4400,246882,932369700,0,false,0
"AMV",130016,"/Date(1701842402000)/",3800,200,242482,915649700,0,false,0
"AMV",112927,"/Date(1701836967000)/",3800,100,242282,914889700,0,false,0
"AMV",112621,"/Date(1701836781000)/",3700,1000,242182,914509700,-100,true,-2.63
"AMV",111632,"/Date(1701836192000)/",3700,2000,241182,910809700,-100,true,-2.63
"AMV",111444,"/Date(1701836084000)/",3700,700,239182,903409700,-100,true,-2.63
"AMV",111008,"/Date(1701835807000)/",3800,2000,238482,900819700,0,false,0
"AMV",110906,"/Date(1701835746000)/",3800,1000,236482,893219700,0,false,0
"AMV",110804,"/Date(1701835684000)/",3700,1000,235482,889419700,-100,true,-2.63
"AMV",110100,"/Date(1701835260000)/",3700,100,234482,885719700,-100,true,-2.63
"AMV",110018,"/Date(1701835218000)/",3800,500,234382,885349700,0,false,0
"AMV",105958,"/Date(1701835198000)/",3800,50000,233882,883449700,0,false,0
"AMV",105915,"/Date(1701835155000)/",3800,100,183882,693449700,0,false,0
"AMV",105903,"/Date(1701835143000)/",3700,18,183782,693069700,-100,true,-2.63
"AMV",105302,"/Date(1701834782000)/",3700,200,183764,693003100,-100,true,-2.63
"AMV",105227,"/Date(1701834747000)/",3700,600,183564,692263100,-100,true,-2.63
"AMV",104824,"/Date(1701834504000)/",3800,2000,182964,690043100,0,false,0
"AMV",104756,"/Date(1701834476000)/",3800,1500,180964,682443100,0,false,0
"AMV",104748,"/Date(1701834468000)/",3800,2000,179464,676743100,0,false,0
"AMV",104728,"/Date(1701834448000)/",3800,1500,177464,669143100,0,false,0
"AMV",104707,"/Date(1701834428000)/",3800,1000,175964,663443100,0,false,0
"AMV",104605,"/Date(1701834364000)/",3800,30,174964,659643100,0,false,0
"AMV",104540,"/Date(1701834339000)/",3800,80000,174934,659529100,0,false,0
"AMV",104255,"/Date(1701834175000)/",3800,20000,94934,355529100,0,false,0
"AMV",104227,"/Date(1701834147000)/",3800,200,74934,279529100,0,false,0
"AMV",103759,"/Date(1701833879000)/",3700,200,74734,278769100,-100,true,-2.63
"AMV",103733,"/Date(1701833853000)/",3700,10000,74534,278029100,-100,true,-2.63
"AMV",103722,"/Date(1701833842000)/",3700,5300,64534,241029100,-100,true,-2.63
"AMV",102803,"/Date(1701833283000)/",3800,100,59234,221419100,0,false,0
"AMV",101745,"/Date(1701832664000)/",3800,300,59134,221039100,0,false,0
"AMV",101740,"/Date(1701832660000)/",3800,800,58834,219899100,0,false,0
"AMV",101657,"/Date(1701832617000)/",3800,9000,58034,216859100,0,false,0
"AMV",101417,"/Date(1701832457000)/",3800,500,49034,182659100,0,false,0
"AMV",101403,"/Date(1701832443000)/",3800,1600,48534,180759100,0,false,0
"AMV",101242,"/Date(1701832362000)/",3800,200,46934,174679100,0,false,0
"AMV",100600,"/Date(1701831960000)/",3800,4900,46734,173919100,0,false,0
"AMV",100137,"/Date(1701831697000)/",3700,5600,41834,155299100,-100,true,-2.63
"AMV",100022,"/Date(1701831622000)/",3800,200,36234,134579100,0,false,0
"AMV",95527,"/Date(1701831328000)/",3800,100,36034,133819100,0,false,0
"AMV",95256,"/Date(1701831177000)/",3800,1000,35934,133439100,0,false,0
"AMV",95253,"/Date(1701831174000)/",3700,100,34934,129639100,-100,true,-2.63
"AMV",94509,"/Date(1701830709000)/",3700,10000,34834,129269100,-100,true,-2.63
"AMV",94409,"/Date(1701830649000)/",3700,10000,24834,92269100,-100,true,-2.63
"AMV",94324,"/Date(1701830604000)/",3700,200,14834,55269100,-100,true,-2.63
"AMV",93928,"/Date(1701830368000)/",3700,10300,14634,54529100,-100,true,-2.63
"AMV",93613,"/Date(1701830173000)/",3800,300,4334,16419100,0,false,0
"AMV",93040,"/Date(1701829840000)/",3800,100,4034,15279100,0,false,0
"AMV",93006,"/Date(1701829807000)/",3700,400,3934,14899100,-100,true,-2.63
"AMV",92451,"/Date(1701829491000)/",3800,100,3534,13419100,0,false,0
"AMV",91914,"/Date(1701829154000)/",3800,1000,3434,13039100,0,false,0
"AMV",91804,"/Date(1701829084000)/",3800,1,2434,9239100,0,false,0
"AMV",91525,"/Date(1701828925000)/",3800,34,2433,9235400,0,false,0
"AMV",91423,"/Date(1701828863000)/",3800,99,2399,9106200,0,false,0
"AMV",90657,"/Date(1701828417000)/",3800,200,2300,8730000,0,false,0
"AMV",90126,"/Date(1701828015000)/",3700,100,2100,7970000,-100,true,-2.63
"AMV",90111,"/Date(1701828010000)/",3800,2000,2000,7600000,0,false,0
