"Stockcode","Package","TradingDate","Price","Vol","TotalVol","TotalVal","Change","IsBuy","PerChange"
"EVS",145705,"/Date(1701849425000)/",9100,1000,451674,4062841400,100,true,1.11
"EVS",144530,"/Date(1701848701000)/",9100,11500,450674,4053741400,100,true,1.11
"EVS",142954,"/Date(1701847795000)/",9000,100,439174,3949091400,0,true,0
"EVS",142907,"/Date(1701847748000)/",9000,5000,439074,3948191400,0,true,0
"EVS",142853,"/Date(1701847734000)/",9000,1000,434074,3903191400,0,true,0
"EVS",142819,"/Date(1701847700000)/",9000,16,433074,3894191400,0,true,0
"EVS",142814,"/Date(1701847695000)/",9000,2100,433058,3894047400,0,true,0
"EVS",142633,"/Date(1701847593000)/",9100,900,430958,3875147400,100,false,1.11
"EVS",142541,"/Date(1701847541000)/",9100,2000,430058,3866957400,100,false,1.11
"EVS",142540,"/Date(1701847540000)/",9100,11600,428058,3848757400,100,false,1.11
"EVS",142530,"/Date(1701847530000)/",9000,6000,416458,3743197400,0,true,0
"EVS",142506,"/Date(1701847506000)/",9100,100,410458,3689197400,100,false,1.11
"EVS",142154,"/Date(1701847314000)/",9100,100,410358,3688287400,100,false,1.11
"EVS",142148,"/Date(1701847308000)/",9100,100,410258,3687377400,100,false,1.11
"EVS",142136,"/Date(1701847296000)/",9000,100,410158,3686467400,0,true,0
"EVS",142055,"/Date(1701847255000)/",9000,3000,410058,3685567400,0,false,0
"EVS",141957,"/Date(1701847197000)/",9000,2100,407058,3658567400,0,false,0
"EVS",141945,"/Date(1701847185000)/",9000,5000,404958,3639667400,0,false,0
"EVS",141923,"/Date(1701847163000)/",9000,1000,399958,3594667400,0,false,0
"EVS",141916,"/Date(1701847156000)/",9000,10000,398958,3585667400,0,false,0
"EVS",141858,"/Date(1701847138000)/",9000,1000,388958,3495667400,0,false,0
"EVS",141628,"/Date(1701846988000)/",9000,2400,387958,3486667400,0,false,0
"EVS",141532,"/Date(1701846932000)/",9000,200,385558,3465067400,0,false,0
"EVS",141324,"/Date(1701846804000)/",9000,5000,385358,3463267400,0,false,0
"EVS",141153,"/Date(1701846713000)/",9000,800,380358,3418267400,0,false,0
"EVS",140907,"/Date(1701846547000)/",9000,200,379558,3411067400,0,true,0
"EVS",140824,"/Date(1701846504000)/",9000,100,379358,3409267400,0,true,0
"EVS",140710,"/Date(1701846430000)/",9000,1000,379258,3408367400,0,false,0
"EVS",140648,"/Date(1701846408000)/",9000,1400,378258,3399367400,0,true,0
"EVS",140603,"/Date(1701846363000)/",9000,400,376858,3386767400,0,true,0
"EVS",140510,"/Date(1701846310000)/",9000,2500,376458,3383167400,0,true,0
"EVS",140504,"/Date(1701846304000)/",9000,3900,373958,3360667400,0,true,0
"EVS",140347,"/Date(1701846227000)/",9000,2500,370058,3325567400,0,true,0
"EVS",140301,"/Date(1701846181000)/",9000,700,367558,3303067400,0,true,0
"EVS",140128,"/Date(1701846088000)/",9000,1200,366858,3296767400,0,false,0
"EVS",140046,"/Date(1701846046000)/",9000,3800,365658,3285967400,0,true,0
"EVS",135914,"/Date(1701845955000)/",9000,200,361858,3251767400,0,false,0
"EVS",135908,"/Date(1701845948000)/",9000,5500,361658,3249967400,0,false,0
"EVS",135859,"/Date(1701845939000)/",9000,6000,356158,3200467400,0,false,0
"EVS",135856,"/Date(1701845936000)/",9000,500,350158,3146467400,0,false,0
"EVS",135823,"/Date(1701845903000)/",9000,8000,349658,3141967400,0,false,0
"EVS",135545,"/Date(1701845746000)/",9000,100,341658,3069967400,0,false,0
"EVS",135504,"/Date(1701845705000)/",9000,3300,341558,3069067400,0,false,0
"EVS",135438,"/Date(1701845679000)/",9000,2000,338258,3039367400,0,false,0
"EVS",135222,"/Date(1701845543000)/",9000,3000,336258,3021367400,0,false,0
"EVS",135131,"/Date(1701845492000)/",9000,2000,333258,2994367400,0,false,0
"EVS",135111,"/Date(1701845472000)/",9000,600,331258,2976367400,0,false,0
"EVS",135040,"/Date(1701845441000)/",9000,2000,330658,2970967400,0,false,0
"EVS",134947,"/Date(1701845387000)/",8900,500,328658,2952967400,-100,true,-1.11
"EVS",134314,"/Date(1701844994000)/",9000,100,328158,2948517400,0,false,0
"EVS",134226,"/Date(1701844946000)/",8900,1700,328058,2947617400,-100,true,-1.11
"EVS",134014,"/Date(1701844814000)/",8900,2000,326358,2932487400,-100,true,-1.11
"EVS",133929,"/Date(1701844769000)/",8900,1000,324358,2914687400,-100,true,-1.11
"EVS",133747,"/Date(1701844667000)/",9000,10000,323358,2905787400,0,false,0
"EVS",133532,"/Date(1701844532000)/",9000,100,313358,2815787400,0,false,0
"EVS",133509,"/Date(1701844509000)/",9000,100,313258,2814887400,0,false,0
"EVS",133443,"/Date(1701844483000)/",8900,1000,313158,2813987400,-100,true,-1.11
"EVS",133429,"/Date(1701844469000)/",9000,1000,312158,2805087400,0,false,0
"EVS",133327,"/Date(1701844407000)/",9000,2000,311158,2796087400,0,false,0
"EVS",133042,"/Date(1701844242000)/",9000,34700,309158,2778087400,0,false,0
"EVS",132934,"/Date(1701844174000)/",9000,3000,274458,2465787400,0,true,0
"EVS",132835,"/Date(1701844115000)/",9000,500,271458,2438787400,0,true,0
"EVS",132423,"/Date(1701843863000)/",9000,1700,270958,2434287400,0,true,0
"EVS",132319,"/Date(1701843799000)/",9000,700,269258,2418987400,0,true,0
"EVS",132214,"/Date(1701843734000)/",9000,400,268558,2412687400,0,true,0
"EVS",131909,"/Date(1701843549000)/",9000,1500,268158,2409087400,0,true,0
"EVS",131737,"/Date(1701843457000)/",9100,12000,266658,2395587400,100,false,1.11
"EVS",131700,"/Date(1701843420000)/",9000,100,254658,2287567400,0,true,0
"EVS",131635,"/Date(1701843395000)/",9000,100,254558,2286667400,0,true,0
"EVS",131439,"/Date(1701843279000)/",9000,1000,254458,2285767400,0,true,0
"EVS",131201,"/Date(1701843121000)/",9000,200,253458,2276767400,0,true,0
"EVS",131200,"/Date(1701843120000)/",9000,2400,253258,2274967400,0,false,0
"EVS",131159,"/Date(1701843119000)/",9000,300,250858,2253367400,0,false,0
"EVS",131053,"/Date(1701843053000)/",9000,100,250558,2250667400,0,false,0
"EVS",131048,"/Date(1701843048000)/",9000,500,250458,2249767400,0,false,0
"EVS",131029,"/Date(1701843030000)/",9000,3000,249958,2245267400,0,false,0
"EVS",130918,"/Date(1701842959000)/",9000,500,246958,2218267400,0,false,0
"EVS",130839,"/Date(1701842918000)/",9000,100,246458,2213767400,0,false,0
"EVS",130837,"/Date(1701842916000)/",9000,400,246358,2212867400,0,true,0
"EVS",130752,"/Date(1701842872000)/",9000,300,245958,2209267400,0,true,0
"EVS",130730,"/Date(1701842850000)/",9000,11,245658,2206567400,0,true,0
"EVS",130613,"/Date(1701842772000)/",9000,100,245647,2206468400,0,false,0
"EVS",130605,"/Date(1701842765000)/",9000,500,245547,2205568400,0,true,0
"EVS",130541,"/Date(1701842741000)/",9000,400,245047,2201068400,0,true,0
"EVS",130417,"/Date(1701842657000)/",9000,1300,244647,2197468400,0,false,0
"EVS",130354,"/Date(1701842634000)/",9000,200,243347,2185768400,0,false,0
"EVS",130338,"/Date(1701842618000)/",9000,300,243147,2183968400,0,false,0
"EVS",130330,"/Date(1701842610000)/",9000,1000,242847,2181268400,0,true,0
"EVS",130316,"/Date(1701842596000)/",9000,1000,241847,2172268400,0,true,0
"EVS",130306,"/Date(1701842586000)/",9000,1000,240847,2163268400,0,true,0
"EVS",130259,"/Date(1701842579000)/",9000,500,239847,2154268400,0,true,0
"EVS",130224,"/Date(1701842544000)/",9000,100,239347,2149768400,0,true,0
"EVS",130211,"/Date(1701842531000)/",9000,4300,239247,2148868400,0,true,0
"EVS",130138,"/Date(1701842498000)/",9000,1000,234947,2110168400,0,true,0
"EVS",130107,"/Date(1701842412000)/",9000,3000,233947,2101168400,0,true,0
"EVS",130056,"/Date(1701842407000)/",9000,41000,230947,2074168400,0,true,0
"EVS",130045,"/Date(1701842404000)/",9000,2000,189947,1705168400,0,true,0
"EVS",130040,"/Date(1701842403000)/",9000,15700,187947,1687168400,0,true,0
"EVS",112647,"/Date(1701836806000)/",9100,500,172247,1545868400,100,false,1.11
"EVS",112052,"/Date(1701836451000)/",9000,100,171747,1541318400,0,true,0
"EVS",112028,"/Date(1701836427000)/",9100,100,171647,1540418400,100,false,1.11
"EVS",111824,"/Date(1701836303000)/",9000,200,171547,1539508400,0,true,0
"EVS",111647,"/Date(1701836206000)/",9000,600,171347,1537708400,0,false,0
"EVS",111642,"/Date(1701836202000)/",9000,10000,170747,1532308400,0,false,0
"EVS",111636,"/Date(1701836196000)/",9000,1800,160747,1442308400,0,false,0
"EVS",111212,"/Date(1701835932000)/",9000,300,158947,1426108400,0,false,0
"EVS",110940,"/Date(1701835780000)/",8900,1000,158647,1423408400,-100,true,-1.11
"EVS",110921,"/Date(1701835761000)/",9000,300,157647,1414508400,0,false,0
"EVS",110851,"/Date(1701835731000)/",9000,1500,157347,1411808400,0,false,0
"EVS",110817,"/Date(1701835697000)/",9000,8800,155847,1398308400,0,false,0
"EVS",110800,"/Date(1701835680000)/",9000,2000,147047,1319108400,0,true,0
"EVS",110535,"/Date(1701835535000)/",9000,600,145047,1301108400,0,true,0
"EVS",110405,"/Date(1701835445000)/",9000,500,144447,1295708400,0,false,0
"EVS",110224,"/Date(1701835344000)/",9100,100,143947,1291208400,100,false,1.11
"EVS",110217,"/Date(1701835337000)/",9000,2000,143847,1290298400,0,true,0
"EVS",105657,"/Date(1701835017000)/",9100,200,141847,1272298400,100,false,1.11
"EVS",105648,"/Date(1701835008000)/",9000,800,141647,1270478400,0,false,0
"EVS",105646,"/Date(1701835006000)/",9000,300,140847,1263278400,0,false,0
"EVS",105639,"/Date(1701834999000)/",9000,2000,140547,1260578400,0,false,0
"EVS",105636,"/Date(1701834996000)/",9000,100,138547,1242578400,0,false,0
"EVS",105634,"/Date(1701834994000)/",9000,5000,138447,1241678400,0,false,0
"EVS",105632,"/Date(1701834992000)/",9000,500,133447,1196678400,0,false,0
"EVS",105616,"/Date(1701834976000)/",9000,500,132947,1192178400,0,false,0
"EVS",105615,"/Date(1701834975000)/",9000,500,132447,1187678400,0,false,0
"EVS",105557,"/Date(1701834957000)/",9000,6000,131947,1183178400,0,false,0
"EVS",105547,"/Date(1701834947000)/",9000,1000,125947,1129178400,0,false,0
"EVS",105543,"/Date(1701834943000)/",9000,100,124947,1120178400,0,false,0
"EVS",105537,"/Date(1701834937000)/",9000,100,124847,1119278400,0,false,0
"EVS",105534,"/Date(1701834934000)/",9000,1000,124747,1118378400,0,false,0
"EVS",105510,"/Date(1701834910000)/",9000,400,123747,1109378400,0,false,0
"EVS",105445,"/Date(1701834885000)/",9000,4000,123347,1105778400,0,false,0
"EVS",105443,"/Date(1701834883000)/",9000,500,119347,1069778400,0,false,0
"EVS",105435,"/Date(1701834875000)/",9000,1100,118847,1065278400,0,false,0
"EVS",105428,"/Date(1701834868000)/",9000,5000,117747,1055378400,0,false,0
"EVS",105401,"/Date(1701834841000)/",9000,20000,112747,1010378400,0,false,0
"EVS",105313,"/Date(1701834793000)/",9000,1500,92747,830378400,0,false,0
"EVS",105157,"/Date(1701834717000)/",9000,500,91247,816878400,0,false,0
"EVS",105030,"/Date(1701834630000)/",9000,5000,90747,812378400,0,false,0
"EVS",104556,"/Date(1701834356000)/",9000,400,85747,767378400,0,false,0
"EVS",104433,"/Date(1701834272000)/",9000,5000,85347,763778400,0,false,0
"EVS",104423,"/Date(1701834262000)/",9000,300,80347,718778400,0,false,0
"EVS",104412,"/Date(1701834251000)/",9000,1000,80047,716078400,0,false,0
"EVS",104409,"/Date(1701834249000)/",9000,1200,79047,707078400,0,false,0
"EVS",104314,"/Date(1701834193000)/",9000,100,77847,696278400,0,false,0
"EVS",104301,"/Date(1701834180000)/",9000,3000,77747,695378400,0,false,0
"EVS",104257,"/Date(1701834176000)/",9000,200,74747,668378400,0,false,0
"EVS",104225,"/Date(1701834144000)/",9000,3000,74547,666578400,0,false,0
"EVS",104221,"/Date(1701834141000)/",8900,600,71547,639578400,-100,true,-1.11
"EVS",104015,"/Date(1701834015000)/",8900,10000,70947,634238400,-100,true,-1.11
"EVS",103955,"/Date(1701833995000)/",8900,30,60947,545238400,-100,true,-1.11
"EVS",103905,"/Date(1701833945000)/",8900,600,60917,544971400,-100,true,-1.11
"EVS",102043,"/Date(1701832843000)/",8900,9,60317,539631400,-100,true,-1.11
"EVS",101553,"/Date(1701832553000)/",8900,2000,60308,539551300,-100,true,-1.11
"EVS",101523,"/Date(1701832523000)/",8900,3000,58308,521751300,-100,true,-1.11
"EVS",101258,"/Date(1701832378000)/",9000,3000,55308,495051300,0,false,0
"EVS",101245,"/Date(1701832366000)/",9000,1000,52308,468051300,0,false,0
"EVS",101220,"/Date(1701832341000)/",9000,2000,51308,459051300,0,false,0
"EVS",101136,"/Date(1701832296000)/",9000,2400,49308,441051300,0,false,0
"EVS",101124,"/Date(1701832285000)/",8900,6,46908,419451300,-100,true,-1.11
"EVS",100812,"/Date(1701832092000)/",8900,1500,46902,419397900,-100,true,-1.11
"EVS",100804,"/Date(1701832084000)/",8900,100,45402,406047900,-100,true,-1.11
"EVS",100558,"/Date(1701831958000)/",9000,2100,45302,405157900,0,false,0
"EVS",100554,"/Date(1701831954000)/",8900,500,43202,386257900,-100,true,-1.11
"EVS",95602,"/Date(1701831362000)/",8900,1,42702,381807900,-100,true,-1.11
"EVS",94547,"/Date(1701830747000)/",8900,3200,42701,381799000,-100,false,-1.11
"EVS",94543,"/Date(1701830743000)/",8900,300,39501,353319000,-100,false,-1.11
"EVS",94514,"/Date(1701830714000)/",8900,1600,39201,350649000,-100,false,-1.11
"EVS",94430,"/Date(1701830670000)/",8900,2000,37601,336409000,-100,false,-1.11
"EVS",94344,"/Date(1701830624000)/",8900,200,35601,318609000,-100,false,-1.11
"EVS",94343,"/Date(1701830623000)/",8900,200,35401,316829000,-100,false,-1.11
"EVS",94310,"/Date(1701830590000)/",8900,17500,35201,315049000,-100,true,-1.11
"EVS",93340,"/Date(1701830021000)/",9000,600,17701,159299000,0,false,0
"EVS",92955,"/Date(1701829795000)/",9000,5000,17101,153899000,0,false,0
"EVS",92918,"/Date(1701829758000)/",9000,300,12101,108899000,0,false,0
"EVS",92431,"/Date(1701829471000)/",9000,1000,11801,106199000,0,false,0
"EVS",92413,"/Date(1701829453000)/",9000,2000,10801,97199000,0,false,0
"EVS",92353,"/Date(1701829433000)/",9000,1600,8801,79199000,0,false,0
"EVS",92114,"/Date(1701829274000)/",9000,1000,7201,64799000,0,false,0
"EVS",91952,"/Date(1701829192000)/",9000,200,6201,55799000,0,false,0
"EVS",91859,"/Date(1701829139000)/",9000,1,6001,53999000,0,false,0
"EVS",91218,"/Date(1701828738000)/",9000,2000,6000,53990000,0,false,0
"EVS",91147,"/Date(1701828707000)/",9000,2900,4000,35990000,0,true,0
"EVS",91126,"/Date(1701828686000)/",9000,500,1100,9890000,0,true,0
"EVS",90338,"/Date(1701828219000)/",9000,500,600,5390000,0,true,0
"EVS",90034,"/Date(1701828004000)/",8900,100,100,890000,-100,false,-1.11
