"Stockcode","Package","TradingDate","Price","Vol","TotalVol","TotalVal","Change","IsBuy","PerChange"
"GVR",144427,"/Date(1701848700000)/",20800,72700,1853800,38318000000,200,false,0.97
"GVR",142911,"/Date(1701847786000)/",20700,1000,1781100,36806000000,100,true,0.49
"GVR",142911,"/Date(1701847786000)/",20700,1000,1780100,36785000000,100,true,0.49
"GVR",142911,"/Date(1701847786000)/",20700,3000,1779100,36765000000,100,true,0.49
"GVR",142911,"/Date(1701847786000)/",20700,900,1776100,36703000000,100,true,0.49
"GVR",142911,"/Date(1701847786000)/",20700,2000,1775200,36684000000,100,true,0.49
"GVR",142911,"/Date(1701847786000)/",20700,500,1773200,36642000000,100,true,0.49
"GVR",142911,"/Date(1701847786000)/",20700,100,1772700,36632000000,100,true,0.49
"GVR",142911,"/Date(1701847786000)/",20700,400,1772600,36630000000,100,true,0.49
"GVR",142911,"/Date(1701847786000)/",20750,1000,1772200,36622000000,150,true,0.73
"GVR",142911,"/Date(1701847786000)/",20750,500,1771200,36601000000,150,true,0.73
"GVR",142911,"/Date(1701847786000)/",20750,1000,1770700,36591000000,150,true,0.73
"GVR",142911,"/Date(1701847786000)/",20750,2900,1769700,36570000000,150,true,0.73
"GVR",142911,"/Date(1701847786000)/",20750,100,1766800,36510000000,150,true,0.73
"GVR",142911,"/Date(1701847785000)/",20800,2500,1766700,36508000000,200,false,0.97
"GVR",142911,"/Date(1701847785000)/",20800,200,1764200,36456000000,200,false,0.97
"GVR",142911,"/Date(1701847785000)/",20800,400,1764000,36451000000,200,false,0.97
"GVR",142911,"/Date(1701847785000)/",20800,400,1763600,36443000000,200,false,0.97
"GVR",142911,"/Date(1701847785000)/",20800,100,1763200,36435000000,200,false,0.97
"GVR",142911,"/Date(1701847785000)/",20800,500,1763100,36433000000,200,false,0.97
"GVR",142911,"/Date(1701847785000)/",20800,500,1762600,36422000000,200,false,0.97
"GVR",142911,"/Date(1701847785000)/",20800,200,1762100,36412000000,200,false,0.97
"GVR",142911,"/Date(1701847785000)/",20800,200,1761900,36408000000,200,false,0.97
"GVR",142855,"/Date(1701847771000)/",20800,100,1761700,36404000000,200,false,0.97
"GVR",142852,"/Date(1701847768000)/",20750,900,1761600,36402000000,150,true,0.73
"GVR",142852,"/Date(1701847768000)/",20750,1000,1760700,36383000000,150,true,0.73
"GVR",142852,"/Date(1701847768000)/",20750,100,1759700,36362000000,150,true,0.73
"GVR",142848,"/Date(1701847765000)/",20800,100,1759600,36360000000,200,false,0.97
"GVR",142845,"/Date(1701847761000)/",20750,200,1759500,36358000000,150,true,0.73
"GVR",142845,"/Date(1701847761000)/",20750,800,1759300,36354000000,150,true,0.73
"GVR",142842,"/Date(1701847757000)/",20750,100,1758500,36337000000,150,true,0.73
"GVR",142826,"/Date(1701847743000)/",20750,100,1758400,36335000000,150,true,0.73
"GVR",142826,"/Date(1701847743000)/",20750,100,1758300,36333000000,150,true,0.73
"GVR",142757,"/Date(1701847714000)/",20750,100,1758200,36331000000,150,true,0.73
"GVR",142728,"/Date(1701847683000)/",20800,1500,1758100,36329000000,200,false,0.97
"GVR",142725,"/Date(1701847682000)/",20750,100,1756600,36298000000,150,true,0.73
"GVR",142647,"/Date(1701847642000)/",20750,200,1756500,36296000000,150,true,0.73
"GVR",142647,"/Date(1701847642000)/",20750,100,1756300,36292000000,150,true,0.73
"GVR",142647,"/Date(1701847642000)/",20750,700,1756200,36289000000,150,true,0.73
"GVR",142644,"/Date(1701847638000)/",20800,100,1755500,36275000000,200,false,0.97
"GVR",142644,"/Date(1701847638000)/",20800,100,1755400,36273000000,200,false,0.97
"GVR",142631,"/Date(1701847628000)/",20800,900,1755300,36271000000,200,false,0.97
"GVR",142631,"/Date(1701847628000)/",20800,100,1754400,36252000000,200,false,0.97
"GVR",142556,"/Date(1701847592000)/",20800,400,1754300,36250000000,200,false,0.97
"GVR",142556,"/Date(1701847592000)/",20800,100,1753900,36242000000,200,false,0.97
"GVR",142556,"/Date(1701847592000)/",20800,300,1753800,36240000000,200,false,0.97
"GVR",142556,"/Date(1701847592000)/",20800,100,1753500,36233000000,200,false,0.97
"GVR",142556,"/Date(1701847592000)/",20800,100,1753400,36231000000,200,false,0.97
"GVR",142537,"/Date(1701847572000)/",20800,400,1753300,36229000000,200,false,0.97
"GVR",142537,"/Date(1701847572000)/",20800,1600,1752900,36221000000,200,false,0.97
"GVR",142521,"/Date(1701847557000)/",20800,8400,1751300,36188000000,200,false,0.97
"GVR",142521,"/Date(1701847557000)/",20800,1000,1742900,36013000000,200,false,0.97
"GVR",142521,"/Date(1701847557000)/",20800,5000,1741900,35992000000,200,false,0.97
"GVR",142521,"/Date(1701847557000)/",20800,500,1736900,35888000000,200,false,0.97
"GVR",142521,"/Date(1701847557000)/",20800,500,1736400,35878000000,200,false,0.97
"GVR",142521,"/Date(1701847557000)/",20800,4600,1735900,35867000000,200,false,0.97
"GVR",142521,"/Date(1701847555000)/",20750,300,1731300,35772000000,150,true,0.73
"GVR",142521,"/Date(1701847555000)/",20750,300,1731000,35765000000,150,true,0.73
"GVR",142521,"/Date(1701847555000)/",20750,8400,1730700,35759000000,150,true,0.73
"GVR",142502,"/Date(1701847536000)/",20800,500,1722300,35585000000,200,false,0.97
"GVR",142455,"/Date(1701847531000)/",20800,4900,1721800,35574000000,200,false,0.97
"GVR",142455,"/Date(1701847531000)/",20800,5000,1716900,35472000000,200,false,0.97
"GVR",142455,"/Date(1701847531000)/",20800,100,1711900,35368000000,200,false,0.97
"GVR",142455,"/Date(1701847531000)/",20800,100,1711800,35366000000,200,false,0.97
"GVR",142455,"/Date(1701847531000)/",20800,3900,1711700,35364000000,200,false,0.97
"GVR",142420,"/Date(1701847497000)/",20800,1100,1707800,35283000000,200,false,0.97
"GVR",142420,"/Date(1701847497000)/",20800,200,1706700,35260000000,200,false,0.97
"GVR",142420,"/Date(1701847497000)/",20800,200,1706500,35256000000,200,false,0.97
"GVR",142420,"/Date(1701847497000)/",20800,100,1706300,35252000000,200,false,0.97
"GVR",142420,"/Date(1701847497000)/",20800,800,1706200,35250000000,200,false,0.97
"GVR",142358,"/Date(1701847472000)/",20800,500,1705400,35233000000,200,false,0.97
"GVR",142345,"/Date(1701847461000)/",20800,700,1704900,35223000000,200,false,0.97
"GVR",142342,"/Date(1701847457000)/",20800,300,1704200,35208000000,200,false,0.97
"GVR",142339,"/Date(1701847452000)/",20800,300,1703900,35202000000,200,false,0.97
"GVR",142257,"/Date(1701847414000)/",20750,500,1703600,35196000000,150,true,0.73
"GVR",142254,"/Date(1701847408000)/",20800,200,1703100,35185000000,200,false,0.97
"GVR",142244,"/Date(1701847400000)/",20800,100,1702900,35181000000,200,false,0.97
"GVR",142232,"/Date(1701847386000)/",20800,1000,1702800,35179000000,200,false,0.97
"GVR",142222,"/Date(1701847377000)/",20750,1000,1701800,35158000000,150,true,0.73
"GVR",142222,"/Date(1701847377000)/",20750,500,1700800,35138000000,150,true,0.73
"GVR",142222,"/Date(1701847376000)/",20800,100,1700300,35127000000,200,false,0.97
"GVR",142212,"/Date(1701847366000)/",20750,200,1700200,35125000000,150,true,0.73
"GVR",142150,"/Date(1701847346000)/",20750,300,1700000,35121000000,150,true,0.73
"GVR",142150,"/Date(1701847346000)/",20750,200,1699700,35115000000,150,true,0.73
"GVR",142109,"/Date(1701847305000)/",20750,800,1699500,35111000000,150,true,0.73
"GVR",142109,"/Date(1701847305000)/",20750,200,1698700,35094000000,150,true,0.73
"GVR",142059,"/Date(1701847294000)/",20800,1000,1698500,35090000000,200,false,0.97
"GVR",142059,"/Date(1701847294000)/",20800,500,1697500,35069000000,200,false,0.97
"GVR",142040,"/Date(1701847276000)/",20750,200,1697000,35059000000,150,false,0.73
"GVR",142040,"/Date(1701847274000)/",20750,300,1696800,35055000000,150,false,0.73
"GVR",142040,"/Date(1701847274000)/",20750,200,1696500,35048000000,150,false,0.73
"GVR",142040,"/Date(1701847274000)/",20750,100,1696300,35044000000,150,false,0.73
"GVR",142040,"/Date(1701847274000)/",20750,300,1696200,35042000000,150,false,0.73
"GVR",142040,"/Date(1701847274000)/",20750,200,1695900,35036000000,150,false,0.73
"GVR",142037,"/Date(1701847272000)/",20750,2800,1695700,35032000000,150,false,0.73
"GVR",142037,"/Date(1701847272000)/",20750,500,1692900,34974000000,150,false,0.73
"GVR",142037,"/Date(1701847272000)/",20750,1700,1692400,34963000000,150,false,0.73
"GVR",142034,"/Date(1701847268000)/",20750,5000,1690700,34928000000,150,false,0.73
"GVR",142030,"/Date(1701847265000)/",20750,3300,1685700,34824000000,150,false,0.73
"GVR",142030,"/Date(1701847265000)/",20750,500,1682400,34756000000,150,false,0.73
"GVR",142030,"/Date(1701847265000)/",20750,2000,1681900,34745000000,150,false,0.73
"GVR",142030,"/Date(1701847265000)/",20750,1800,1679900,34704000000,150,false,0.73
"GVR",142021,"/Date(1701847257000)/",20750,200,1678100,34667000000,150,false,0.73
"GVR",142021,"/Date(1701847257000)/",20750,100,1677900,34662000000,150,false,0.73
"GVR",142021,"/Date(1701847257000)/",20750,100,1677800,34660000000,150,false,0.73
"GVR",142021,"/Date(1701847257000)/",20750,400,1677700,34658000000,150,false,0.73
"GVR",142014,"/Date(1701847250000)/",20750,100,1677300,34650000000,150,false,0.73
"GVR",142014,"/Date(1701847250000)/",20750,200,1677200,34648000000,150,false,0.73
"GVR",142011,"/Date(1701847245000)/",20750,300,1677000,34644000000,150,false,0.73
"GVR",142005,"/Date(1701847240000)/",20750,500,1676700,34638000000,150,false,0.73
"GVR",142005,"/Date(1701847240000)/",20750,100,1676200,34627000000,150,false,0.73
"GVR",142005,"/Date(1701847240000)/",20750,100,1676100,34625000000,150,false,0.73
"GVR",142005,"/Date(1701847240000)/",20750,100,1676000,34623000000,150,false,0.73
"GVR",142005,"/Date(1701847240000)/",20750,4200,1675900,34621000000,150,false,0.73
"GVR",142005,"/Date(1701847238000)/",20750,600,1671700,34534000000,150,false,0.73
"GVR",142002,"/Date(1701847238000)/",20750,100,1671100,34521000000,150,false,0.73
"GVR",141958,"/Date(1701847235000)/",20750,600,1671000,34519000000,150,false,0.73
"GVR",141958,"/Date(1701847233000)/",20750,100,1670400,34507000000,150,false,0.73
"GVR",141955,"/Date(1701847230000)/",20750,600,1670300,34505000000,150,false,0.73
"GVR",141952,"/Date(1701847228000)/",20700,100,1669700,34492000000,100,false,0.49
"GVR",141952,"/Date(1701847228000)/",20700,100,1669600,34490000000,100,false,0.49
"GVR",141952,"/Date(1701847228000)/",20700,100,1669500,34488000000,100,false,0.49
"GVR",141952,"/Date(1701847228000)/",20700,500,1669400,34486000000,100,false,0.49
"GVR",141952,"/Date(1701847228000)/",20700,1300,1668900,34476000000,100,false,0.49
"GVR",141952,"/Date(1701847227000)/",20700,100,1667600,34449000000,100,false,0.49
"GVR",141952,"/Date(1701847226000)/",20700,600,1667500,34447000000,100,false,0.49
"GVR",141949,"/Date(1701847223000)/",20700,600,1666900,34434000000,100,false,0.49
"GVR",141946,"/Date(1701847222000)/",20700,100,1666300,34422000000,100,false,0.49
"GVR",141946,"/Date(1701847220000)/",20700,100,1666200,34420000000,100,false,0.49
"GVR",141942,"/Date(1701847216000)/",20700,100,1666100,34418000000,100,false,0.49
"GVR",141942,"/Date(1701847216000)/",20700,200,1666000,34416000000,100,false,0.49
"GVR",141939,"/Date(1701847214000)/",20700,600,1665800,34412000000,100,false,0.49
"GVR",141939,"/Date(1701847213000)/",20700,100,1665200,34399000000,100,false,0.49
"GVR",141936,"/Date(1701847213000)/",20700,500,1665100,34397000000,100,false,0.49
"GVR",141936,"/Date(1701847212000)/",20700,100,1664600,34387000000,100,false,0.49
"GVR",141936,"/Date(1701847212000)/",20700,600,1664500,34385000000,100,false,0.49
"GVR",141936,"/Date(1701847212000)/",20700,400,1663900,34372000000,100,false,0.49
"GVR",141936,"/Date(1701847212000)/",20700,500,1663500,34364000000,100,false,0.49
"GVR",141936,"/Date(1701847212000)/",20700,500,1663000,34354000000,100,false,0.49
"GVR",141933,"/Date(1701847208000)/",20700,100,1662500,34343000000,100,false,0.49
"GVR",141926,"/Date(1701847203000)/",20700,600,1662400,34341000000,100,false,0.49
"GVR",141926,"/Date(1701847202000)/",20700,300,1661800,34329000000,100,false,0.49
"GVR",141917,"/Date(1701847193000)/",20700,300,1661500,34323000000,100,false,0.49
"GVR",141823,"/Date(1701847137000)/",20700,300,1661200,34316000000,100,false,0.49
"GVR",141816,"/Date(1701847131000)/",20700,900,1660900,34310000000,100,false,0.49
"GVR",141816,"/Date(1701847131000)/",20700,300,1660000,34291000000,100,false,0.49
"GVR",141803,"/Date(1701847118000)/",20700,100,1659700,34285000000,100,false,0.49
"GVR",141751,"/Date(1701847105000)/",20700,100,1659600,34283000000,100,false,0.49
"GVR",141716,"/Date(1701847071000)/",20750,1000,1659500,34281000000,150,false,0.73
"GVR",141716,"/Date(1701847071000)/",20700,200,1658500,34260000000,100,true,0.49
"GVR",141716,"/Date(1701847071000)/",20700,800,1658300,34256000000,100,true,0.49
"GVR",141656,"/Date(1701847050000)/",20700,200,1657500,34240000000,100,true,0.49
"GVR",141647,"/Date(1701847041000)/",20700,200,1657300,34236000000,100,true,0.49
"GVR",141644,"/Date(1701847038000)/",20700,200,1657100,34231000000,100,true,0.49
"GVR",141640,"/Date(1701847035000)/",20750,300,1656900,34227000000,150,false,0.73
"GVR",141637,"/Date(1701847033000)/",20750,500,1656600,34221000000,150,false,0.73
"GVR",141634,"/Date(1701847029000)/",20700,700,1656100,34211000000,100,true,0.49
"GVR",141634,"/Date(1701847029000)/",20700,1900,1655400,34196000000,100,true,0.49
"GVR",141634,"/Date(1701847029000)/",20700,2000,1653500,34157000000,100,true,0.49
"GVR",141634,"/Date(1701847029000)/",20700,1900,1651500,34115000000,100,true,0.49
"GVR",141634,"/Date(1701847029000)/",20700,300,1649600,34076000000,100,true,0.49
"GVR",141634,"/Date(1701847029000)/",20700,1000,1649300,34070000000,100,true,0.49
"GVR",141634,"/Date(1701847029000)/",20700,100,1648300,34049000000,100,true,0.49
"GVR",141634,"/Date(1701847029000)/",20700,5000,1648200,34047000000,100,true,0.49
"GVR",141634,"/Date(1701847029000)/",20700,500,1643200,33944000000,100,true,0.49
"GVR",141634,"/Date(1701847029000)/",20700,100,1642700,33933000000,100,true,0.49
"GVR",141634,"/Date(1701847029000)/",20700,4200,1642600,33931000000,100,true,0.49
"GVR",141615,"/Date(1701847011000)/",20700,800,1638400,33844000000,100,true,0.49
"GVR",141615,"/Date(1701847011000)/",20700,1000,1637600,33828000000,100,true,0.49
"GVR",141615,"/Date(1701847011000)/",20700,1000,1636600,33807000000,100,true,0.49
"GVR",141615,"/Date(1701847011000)/",20700,200,1635600,33786000000,100,true,0.49
"GVR",141514,"/Date(1701846950000)/",20750,2400,1635400,33782000000,150,false,0.73
"GVR",141514,"/Date(1701846950000)/",20750,200,1633000,33732000000,150,false,0.73
"GVR",141514,"/Date(1701846950000)/",20750,800,1632800,33728000000,150,false,0.73
"GVR",141514,"/Date(1701846950000)/",20750,8600,1632000,33712000000,150,false,0.73
"GVR",141511,"/Date(1701846946000)/",20750,300,1623400,33533000000,150,false,0.73
"GVR",141323,"/Date(1701846838000)/",20750,1000,1623100,33527000000,150,false,0.73
"GVR",141244,"/Date(1701846798000)/",20750,100,1622100,33506000000,150,false,0.73
"GVR",141244,"/Date(1701846798000)/",20750,100,1622000,33504000000,150,false,0.73
"GVR",141244,"/Date(1701846798000)/",20750,1000,1621900,33502000000,150,false,0.73
"GVR",141244,"/Date(1701846798000)/",20750,500,1620900,33481000000,150,false,0.73
"GVR",141244,"/Date(1701846798000)/",20750,800,1620400,33471000000,150,false,0.73
"GVR",141235,"/Date(1701846788000)/",20700,300,1619600,33454000000,100,true,0.49
"GVR",141128,"/Date(1701846722000)/",20700,100,1619300,33448000000,100,true,0.49
"GVR",141128,"/Date(1701846722000)/",20700,300,1619200,33446000000,100,true,0.49
"GVR",141128,"/Date(1701846722000)/",20700,700,1618900,33440000000,100,true,0.49
"GVR",141128,"/Date(1701846722000)/",20700,5900,1618200,33425000000,100,true,0.49
"GVR",141128,"/Date(1701846722000)/",20700,200,1612300,33303000000,100,true,0.49
"GVR",141128,"/Date(1701846722000)/",20700,500,1612100,33299000000,100,true,0.49
"GVR",141128,"/Date(1701846722000)/",20700,2300,1611600,33289000000,100,true,0.49
"GVR",141125,"/Date(1701846720000)/",20750,200,1609300,33241000000,150,false,0.73
"GVR",141125,"/Date(1701846720000)/",20750,1800,1609100,33237000000,150,false,0.73
"GVR",141125,"/Date(1701846720000)/",20750,100,1607300,33200000000,150,false,0.73
"GVR",141125,"/Date(1701846720000)/",20750,100,1607200,33198000000,150,false,0.73
"GVR",141125,"/Date(1701846720000)/",20750,800,1607100,33195000000,150,false,0.73
"GVR",141112,"/Date(1701846707000)/",20700,1000,1606300,33179000000,100,true,0.49
"GVR",141043,"/Date(1701846677000)/",20700,900,1605300,33158000000,100,true,0.49
"GVR",141037,"/Date(1701846670000)/",20700,5000,1604400,33140000000,100,true,0.49
"GVR",141011,"/Date(1701846644000)/",20750,100,1599400,33036000000,150,false,0.73
"GVR",140958,"/Date(1701846632000)/",20700,300,1599300,33034000000,100,true,0.49
"GVR",140911,"/Date(1701846585000)/",20750,100,1599000,33028000000,150,false,0.73
"GVR",140911,"/Date(1701846585000)/",20750,400,1598900,33026000000,150,false,0.73
"GVR",140907,"/Date(1701846582000)/",20750,100,1598500,33017000000,150,false,0.73
"GVR",140907,"/Date(1701846582000)/",20750,100,1598400,33015000000,150,false,0.73
"GVR",140823,"/Date(1701846536000)/",20750,400,1598300,33013000000,150,false,0.73
"GVR",140823,"/Date(1701846536000)/",20750,200,1597900,33005000000,150,false,0.73
"GVR",140813,"/Date(1701846528000)/",20750,100,1597700,33001000000,150,false,0.73
"GVR",140744,"/Date(1701846498000)/",20750,2000,1597600,32999000000,150,false,0.73
"GVR",140735,"/Date(1701846490000)/",20750,500,1595600,32957000000,150,true,0.73
"GVR",140735,"/Date(1701846490000)/",20750,200,1595100,32947000000,150,true,0.73
"GVR",140735,"/Date(1701846490000)/",20750,300,1594900,32943000000,150,true,0.73
"GVR",140735,"/Date(1701846490000)/",20750,1700,1594600,32936000000,150,true,0.73
"GVR",140725,"/Date(1701846480000)/",20750,300,1592900,32901000000,150,true,0.73
"GVR",140725,"/Date(1701846479000)/",20750,1000,1592600,32895000000,150,true,0.73
"GVR",140719,"/Date(1701846474000)/",20750,1000,1591600,32874000000,150,true,0.73
"GVR",140716,"/Date(1701846470000)/",20750,100,1590600,32853000000,150,true,0.73
"GVR",140703,"/Date(1701846458000)/",20750,300,1590500,32851000000,150,true,0.73
"GVR",140657,"/Date(1701846450000)/",20750,2600,1590200,32845000000,150,true,0.73
"GVR",140657,"/Date(1701846450000)/",20750,700,1587600,32791000000,150,true,0.73
"GVR",140657,"/Date(1701846450000)/",20750,1700,1586900,32777000000,150,true,0.73
"GVR",140647,"/Date(1701846442000)/",20750,2000,1585200,32741000000,150,true,0.73
"GVR",140641,"/Date(1701846434000)/",20750,200,1583200,32700000000,150,true,0.73
"GVR",140625,"/Date(1701846419000)/",20750,1100,1583000,32696000000,150,true,0.73
"GVR",140625,"/Date(1701846419000)/",20750,200,1581900,32673000000,150,true,0.73
"GVR",140625,"/Date(1701846419000)/",20750,600,1581700,32669000000,150,true,0.73
"GVR",140625,"/Date(1701846419000)/",20750,3600,1581100,32656000000,150,true,0.73
"GVR",140612,"/Date(1701846404000)/",20750,6400,1577500,32582000000,150,true,0.73
"GVR",140612,"/Date(1701846404000)/",20750,3600,1571100,32449000000,150,true,0.73
"GVR",140609,"/Date(1701846402000)/",20750,13500,1567500,32374000000,150,true,0.73
"GVR",140521,"/Date(1701846355000)/",20800,300,1554000,32094000000,200,false,0.97
"GVR",140449,"/Date(1701846322000)/",20750,200,1553700,32088000000,150,false,0.73
"GVR",140423,"/Date(1701846298000)/",20750,800,1553500,32084000000,150,false,0.73
"GVR",140423,"/Date(1701846298000)/",20750,1500,1552700,32067000000,150,false,0.73
"GVR",140423,"/Date(1701846298000)/",20750,100,1551200,32036000000,150,false,0.73
"GVR",140423,"/Date(1701846298000)/",20750,100,1551100,32034000000,150,false,0.73
"GVR",140423,"/Date(1701846298000)/",20750,500,1551000,32032000000,150,false,0.73
"GVR",140423,"/Date(1701846296000)/",20750,1000,1550500,32021000000,150,false,0.73
"GVR",140420,"/Date(1701846295000)/",20750,500,1549500,32001000000,150,false,0.73
"GVR",140417,"/Date(1701846290000)/",20750,3000,1549000,31990000000,150,false,0.73
"GVR",140404,"/Date(1701846278000)/",20750,5500,1546000,31928000000,150,false,0.73
"GVR",140404,"/Date(1701846278000)/",20750,5000,1540500,31814000000,150,false,0.73
"GVR",140404,"/Date(1701846278000)/",20750,500,1535500,31710000000,150,false,0.73
"GVR",140404,"/Date(1701846278000)/",20750,1800,1535000,31700000000,150,false,0.73
"GVR",140404,"/Date(1701846278000)/",20750,17200,1533200,31662000000,150,false,0.73
"GVR",140404,"/Date(1701846276000)/",20750,12800,1516000,31305000000,150,false,0.73
"GVR",140404,"/Date(1701846276000)/",20750,200,1503200,31040000000,150,false,0.73
"GVR",140404,"/Date(1701846276000)/",20750,100,1503000,31036000000,150,false,0.73
"GVR",140404,"/Date(1701846276000)/",20750,2000,1502900,31034000000,150,false,0.73
"GVR",140404,"/Date(1701846276000)/",20750,500,1500900,30992000000,150,false,0.73
"GVR",140404,"/Date(1701846276000)/",20750,500,1500400,30982000000,150,false,0.73
"GVR",140404,"/Date(1701846276000)/",20750,500,1499900,30971000000,150,false,0.73
"GVR",140404,"/Date(1701846276000)/",20750,500,1499400,30961000000,150,false,0.73
"GVR",140404,"/Date(1701846276000)/",20750,100,1498900,30951000000,150,false,0.73
"GVR",140404,"/Date(1701846276000)/",20750,100,1498800,30949000000,150,false,0.73
"GVR",140404,"/Date(1701846276000)/",20750,1000,1498700,30947000000,150,false,0.73
"GVR",140404,"/Date(1701846276000)/",20750,5000,1497700,30926000000,150,false,0.73
"GVR",140404,"/Date(1701846276000)/",20750,300,1492700,30822000000,150,false,0.73
"GVR",140404,"/Date(1701846276000)/",20750,100,1492400,30816000000,150,false,0.73
"GVR",140404,"/Date(1701846276000)/",20750,300,1492300,30814000000,150,false,0.73
"GVR",140404,"/Date(1701846276000)/",20750,100,1492000,30807000000,150,false,0.73
"GVR",140404,"/Date(1701846276000)/",20750,22000,1491900,30805000000,150,false,0.73
"GVR",140404,"/Date(1701846276000)/",20750,5000,1469900,30349000000,150,false,0.73
"GVR",140404,"/Date(1701846276000)/",20750,500,1464900,30245000000,150,false,0.73
"GVR",140404,"/Date(1701846276000)/",20750,6300,1464400,30235000000,150,false,0.73
"GVR",140404,"/Date(1701846276000)/",20750,2100,1458100,30104000000,150,false,0.73
"GVR",140355,"/Date(1701846269000)/",20700,1000,1456000,30060000000,100,true,0.49
"GVR",140345,"/Date(1701846260000)/",20750,2000,1455000,30040000000,150,false,0.73
"GVR",140329,"/Date(1701846242000)/",20750,300,1453000,29998000000,150,false,0.73
"GVR",140319,"/Date(1701846233000)/",20750,400,1452700,29992000000,150,false,0.73
"GVR",140254,"/Date(1701846209000)/",20700,300,1452300,29984000000,100,true,0.49
"GVR",140027,"/Date(1701846059000)/",20700,1000,1452000,29978000000,100,true,0.49
"GVR",140004,"/Date(1701846036000)/",20750,300,1451000,29957000000,150,false,0.73
"GVR",135945,"/Date(1701846018000)/",20700,500,1450700,29951000000,100,true,0.49
"GVR",135929,"/Date(1701846002000)/",20700,2600,1450200,29940000000,100,true,0.49
"GVR",135803,"/Date(1701845915000)/",20750,4900,1447600,29886000000,150,false,0.73
"GVR",135803,"/Date(1701845915000)/",20750,2000,1442700,29785000000,150,false,0.73
"GVR",135803,"/Date(1701845915000)/",20750,100,1440700,29743000000,150,false,0.73
"GVR",135803,"/Date(1701845915000)/",20750,500,1440600,29741000000,150,false,0.73
"GVR",135803,"/Date(1701845915000)/",20750,200,1440100,29731000000,150,false,0.73
"GVR",135803,"/Date(1701845915000)/",20750,200,1439900,29727000000,150,false,0.73
"GVR",135803,"/Date(1701845915000)/",20750,400,1439700,29723000000,150,false,0.73
"GVR",135803,"/Date(1701845915000)/",20750,500,1439300,29714000000,150,false,0.73
"GVR",135803,"/Date(1701845915000)/",20750,100,1438800,29704000000,150,false,0.73
"GVR",135803,"/Date(1701845915000)/",20750,500,1438700,29702000000,150,false,0.73
"GVR",135803,"/Date(1701845915000)/",20750,100,1438200,29691000000,150,false,0.73
"GVR",135652,"/Date(1701845846000)/",20700,100,1438100,29689000000,100,true,0.49
"GVR",135649,"/Date(1701845841000)/",20750,700,1438000,29687000000,150,false,0.73
"GVR",135536,"/Date(1701845767000)/",20750,300,1437300,29673000000,150,false,0.73
"GVR",135526,"/Date(1701845757000)/",20750,300,1437000,29667000000,150,false,0.73
"GVR",135513,"/Date(1701845745000)/",20750,300,1436700,29660000000,150,false,0.73
"GVR",135513,"/Date(1701845745000)/",20750,400,1436400,29654000000,150,false,0.73
"GVR",135501,"/Date(1701845733000)/",20750,200,1436000,29646000000,150,false,0.73
"GVR",135448,"/Date(1701845721000)/",20750,300,1435800,29642000000,150,false,0.73
"GVR",135448,"/Date(1701845720000)/",20750,100,1435500,29635000000,150,false,0.73
"GVR",135445,"/Date(1701845718000)/",20700,10000,1435400,29633000000,100,true,0.49
"GVR",135445,"/Date(1701845718000)/",20700,900,1425400,29426000000,100,true,0.49
"GVR",135445,"/Date(1701845718000)/",20700,500,1424500,29408000000,100,true,0.49
"GVR",135445,"/Date(1701845718000)/",20700,500,1424000,29397000000,100,true,0.49
"GVR",135445,"/Date(1701845718000)/",20700,1000,1423500,29387000000,100,true,0.49
"GVR",135445,"/Date(1701845718000)/",20700,300,1422500,29366000000,100,true,0.49
"GVR",135445,"/Date(1701845718000)/",20700,500,1422200,29360000000,100,true,0.49
"GVR",135445,"/Date(1701845718000)/",20700,200,1421700,29350000000,100,true,0.49
"GVR",135445,"/Date(1701845718000)/",20700,500,1421500,29346000000,100,true,0.49
"GVR",135445,"/Date(1701845718000)/",20700,500,1421000,29335000000,100,true,0.49
"GVR",135445,"/Date(1701845718000)/",20700,5000,1420500,29325000000,100,true,0.49
"GVR",135445,"/Date(1701845718000)/",20700,300,1415500,29221000000,100,true,0.49
"GVR",135445,"/Date(1701845718000)/",20700,500,1415200,29215000000,100,true,0.49
"GVR",135445,"/Date(1701845718000)/",20700,14300,1414700,29205000000,100,true,0.49
"GVR",135432,"/Date(1701845705000)/",20700,100,1400400,28909000000,100,false,0.49
"GVR",135432,"/Date(1701845705000)/",20700,100,1400300,28907000000,100,false,0.49
"GVR",135422,"/Date(1701845696000)/",20650,2000,1400200,28905000000,50,true,0.24
"GVR",135406,"/Date(1701845678000)/",20700,400,1398200,28863000000,100,false,0.49
"GVR",135354,"/Date(1701845668000)/",20700,100,1397800,28855000000,100,false,0.49
"GVR",135354,"/Date(1701845668000)/",20700,1900,1397700,28853000000,100,false,0.49
"GVR",135344,"/Date(1701845658000)/",20650,200,1395800,28814000000,50,true,0.24
"GVR",135331,"/Date(1701845643000)/",20650,100,1395600,28810000000,50,true,0.24
"GVR",135328,"/Date(1701845639000)/",20700,300,1395500,28808000000,100,false,0.49
"GVR",135318,"/Date(1701845632000)/",20650,2000,1395200,28801000000,50,false,0.24
"GVR",135318,"/Date(1701845632000)/",20650,1000,1393200,28760000000,50,false,0.24
"GVR",135318,"/Date(1701845632000)/",20650,500,1392200,28739000000,50,false,0.24
"GVR",135318,"/Date(1701845632000)/",20650,100,1391700,28729000000,50,false,0.24
"GVR",135318,"/Date(1701845632000)/",20650,1400,1391600,28727000000,50,false,0.24
"GVR",135318,"/Date(1701845631000)/",20650,1000,1390200,28698000000,50,false,0.24
"GVR",135315,"/Date(1701845627000)/",20650,2600,1389200,28677000000,50,false,0.24
"GVR",135315,"/Date(1701845627000)/",20650,400,1386600,28624000000,50,false,0.24
"GVR",135312,"/Date(1701845625000)/",20650,200,1386200,28615000000,50,false,0.24
"GVR",135309,"/Date(1701845620000)/",20650,300,1386000,28611000000,50,false,0.24
"GVR",135306,"/Date(1701845620000)/",20650,1100,1385700,28605000000,50,false,0.24
"GVR",135306,"/Date(1701845620000)/",20650,3900,1384600,28582000000,50,false,0.24
"GVR",135302,"/Date(1701845615000)/",20650,1100,1380700,28502000000,50,false,0.24
"GVR",135302,"/Date(1701845615000)/",20650,500,1379600,28479000000,50,false,0.24
"GVR",135302,"/Date(1701845615000)/",20650,3000,1379100,28469000000,50,false,0.24
"GVR",135302,"/Date(1701845615000)/",20650,300,1376100,28407000000,50,false,0.24
"GVR",135302,"/Date(1701845615000)/",20650,100,1375800,28401000000,50,false,0.24
"GVR",135256,"/Date(1701845610000)/",20650,2000,1375700,28399000000,50,false,0.24
"GVR",135256,"/Date(1701845610000)/",20650,500,1373700,28357000000,50,false,0.24
"GVR",135256,"/Date(1701845610000)/",20650,200,1373200,28347000000,50,false,0.24
"GVR",135256,"/Date(1701845610000)/",20650,2300,1373000,28343000000,50,false,0.24
"GVR",135256,"/Date(1701845609000)/",20650,1000,1370700,28295000000,50,false,0.24
"GVR",135256,"/Date(1701845607000)/",20650,600,1369700,28275000000,50,false,0.24
"GVR",135253,"/Date(1701845605000)/",20650,1100,1369100,28262000000,50,false,0.24
"GVR",135253,"/Date(1701845605000)/",20650,500,1368000,28240000000,50,false,0.24
"GVR",135253,"/Date(1701845605000)/",20650,1200,1367500,28229000000,50,false,0.24
"GVR",135253,"/Date(1701845605000)/",20650,500,1366300,28205000000,50,false,0.24
"GVR",135253,"/Date(1701845605000)/",20650,100,1365800,28194000000,50,false,0.24
"GVR",135253,"/Date(1701845605000)/",20650,1600,1365700,28192000000,50,false,0.24
"GVR",135250,"/Date(1701845602000)/",20650,3400,1364100,28159000000,50,false,0.24
"GVR",135250,"/Date(1701845602000)/",20650,300,1360700,28089000000,50,false,0.24
"GVR",135250,"/Date(1701845602000)/",20650,1300,1360400,28083000000,50,false,0.24
"GVR",135246,"/Date(1701845600000)/",20650,600,1359100,28056000000,50,false,0.24
"GVR",135246,"/Date(1701845598000)/",20650,300,1358500,28043000000,50,false,0.24
"GVR",135243,"/Date(1701845597000)/",20650,300,1358200,28037000000,50,false,0.24
"GVR",135243,"/Date(1701845597000)/",20650,200,1357900,28031000000,50,false,0.24
"GVR",135243,"/Date(1701845597000)/",20650,100,1357700,28027000000,50,false,0.24
"GVR",135243,"/Date(1701845597000)/",20650,300,1357600,28025000000,50,false,0.24
"GVR",135243,"/Date(1701845597000)/",20650,300,1357300,28019000000,50,false,0.24
"GVR",135243,"/Date(1701845597000)/",20650,300,1357000,28012000000,50,false,0.24
"GVR",135243,"/Date(1701845597000)/",20650,300,1356700,28006000000,50,false,0.24
"GVR",135234,"/Date(1701845587000)/",20650,300,1356400,28000000000,50,false,0.24
"GVR",135234,"/Date(1701845587000)/",20650,300,1356100,27994000000,50,false,0.24
"GVR",135234,"/Date(1701845587000)/",20650,300,1355800,27988000000,50,false,0.24
"GVR",135234,"/Date(1701845587000)/",20650,600,1355500,27981000000,50,false,0.24
"GVR",135234,"/Date(1701845586000)/",20650,200,1354900,27969000000,50,false,0.24
"GVR",135234,"/Date(1701845586000)/",20650,100,1354700,27965000000,50,false,0.24
"GVR",135230,"/Date(1701845585000)/",20600,8000,1354600,27963000000,0,true,0
"GVR",135230,"/Date(1701845581000)/",20600,9800,1346600,27798000000,0,true,0
"GVR",135214,"/Date(1701845566000)/",20600,1000,1336800,27596000000,0,true,0
"GVR",135211,"/Date(1701845564000)/",20650,1000,1335800,27576000000,50,false,0.24
"GVR",135114,"/Date(1701845506000)/",20650,1000,1334800,27555000000,50,false,0.24
"GVR",135048,"/Date(1701845482000)/",20650,2800,1333800,27534000000,50,false,0.24
"GVR",135029,"/Date(1701845461000)/",20650,700,1331000,27477000000,50,false,0.24
"GVR",134916,"/Date(1701845389000)/",20650,500,1330300,27462000000,50,false,0.24
"GVR",134847,"/Date(1701845360000)/",20650,500,1329800,27452000000,50,false,0.24
"GVR",134831,"/Date(1701845342000)/",20650,200,1329300,27441000000,50,false,0.24
"GVR",134747,"/Date(1701845299000)/",20650,1500,1329100,27437000000,50,false,0.24
"GVR",134620,"/Date(1701845213000)/",20650,300,1327600,27406000000,50,false,0.24
"GVR",134552,"/Date(1701845185000)/",20650,500,1327300,27400000000,50,false,0.24
"GVR",134529,"/Date(1701845163000)/",20600,1000,1326800,27390000000,0,true,0
"GVR",134529,"/Date(1701845161000)/",20650,1000,1325800,27369000000,50,false,0.24
"GVR",134523,"/Date(1701845155000)/",20600,100,1324800,27349000000,0,true,0
"GVR",134520,"/Date(1701845153000)/",20650,200,1324700,27346000000,50,false,0.24
"GVR",134514,"/Date(1701845144000)/",20650,100,1324500,27342000000,50,false,0.24
"GVR",134507,"/Date(1701845139000)/",20650,500,1324400,27340000000,50,false,0.24
"GVR",134501,"/Date(1701845134000)/",20650,500,1323900,27330000000,50,false,0.24
"GVR",134435,"/Date(1701845106000)/",20650,900,1323400,27320000000,50,false,0.24
"GVR",134435,"/Date(1701845106000)/",20650,1300,1322500,27301000000,50,false,0.24
"GVR",134435,"/Date(1701845106000)/",20650,100,1321200,27274000000,50,false,0.24
"GVR",134435,"/Date(1701845106000)/",20650,100,1321100,27272000000,50,false,0.24
"GVR",134435,"/Date(1701845106000)/",20650,2000,1321000,27270000000,50,false,0.24
"GVR",134435,"/Date(1701845106000)/",20650,600,1319000,27229000000,50,false,0.24
"GVR",134429,"/Date(1701845101000)/",20600,100,1318400,27216000000,0,true,0
"GVR",134328,"/Date(1701845037000)/",20600,3000,1318300,27214000000,0,true,0
"GVR",134312,"/Date(1701845023000)/",20600,1000,1315300,27153000000,0,true,0
"GVR",134234,"/Date(1701844985000)/",20600,400,1314300,27132000000,0,true,0
"GVR",134228,"/Date(1701844979000)/",20600,500,1313900,27124000000,0,true,0
"GVR",134202,"/Date(1701844953000)/",20600,3000,1313400,27113000000,0,true,0
"GVR",134143,"/Date(1701844935000)/",20600,5000,1310400,27052000000,0,true,0
"GVR",134133,"/Date(1701844926000)/",20600,2000,1305400,26949000000,0,true,0
"GVR",134117,"/Date(1701844908000)/",20600,5000,1303400,26907000000,0,true,0
"GVR",134114,"/Date(1701844906000)/",20600,1300,1298400,26804000000,0,true,0
"GVR",134111,"/Date(1701844904000)/",20600,200,1297100,26778000000,0,true,0
"GVR",134036,"/Date(1701844868000)/",20600,100,1296900,26773000000,0,true,0
"GVR",133916,"/Date(1701844788000)/",20650,100,1296800,26771000000,50,false,0.24
"GVR",133910,"/Date(1701844781000)/",20600,100,1296700,26769000000,0,true,0
"GVR",133851,"/Date(1701844762000)/",20600,1000,1296600,26767000000,0,true,0
"GVR",133734,"/Date(1701844685000)/",20600,5000,1295600,26747000000,0,true,0
"GVR",133601,"/Date(1701844592000)/",20600,100,1290600,26644000000,0,true,0
"GVR",133536,"/Date(1701844568000)/",20600,2000,1290500,26642000000,0,true,0
"GVR",133526,"/Date(1701844556000)/",20600,1000,1288500,26600000000,0,true,0
"GVR",133523,"/Date(1701844554000)/",20600,100,1287500,26580000000,0,true,0
"GVR",133504,"/Date(1701844534000)/",20600,600,1287400,26578000000,0,true,0
"GVR",133410,"/Date(1701844480000)/",20600,2000,1286800,26565000000,0,false,0
"GVR",133410,"/Date(1701844480000)/",20600,5000,1284800,26524000000,0,false,0
"GVR",133410,"/Date(1701844480000)/",20600,4900,1279800,26421000000,0,false,0
"GVR",133410,"/Date(1701844480000)/",20600,1000,1274900,26320000000,0,false,0
"GVR",133410,"/Date(1701844480000)/",20600,400,1273900,26300000000,0,false,0
"GVR",133410,"/Date(1701844480000)/",20600,1000,1273500,26291000000,0,false,0
"GVR",133410,"/Date(1701844480000)/",20600,2900,1272500,26271000000,0,false,0
"GVR",133328,"/Date(1701844439000)/",20600,100,1269600,26211000000,0,false,0
"GVR",133328,"/Date(1701844439000)/",20600,2500,1269500,26209000000,0,false,0
"GVR",133328,"/Date(1701844439000)/",20600,200,1267000,26158000000,0,false,0
"GVR",133328,"/Date(1701844439000)/",20600,100,1266800,26153000000,0,false,0
"GVR",133328,"/Date(1701844439000)/",20600,100,1266700,26151000000,0,false,0
"GVR",133312,"/Date(1701844423000)/",20600,500,1266600,26149000000,0,false,0
"GVR",133253,"/Date(1701844404000)/",20600,1000,1266100,26139000000,0,false,0
"GVR",133253,"/Date(1701844403000)/",20600,500,1265100,26118000000,0,false,0
"GVR",133237,"/Date(1701844389000)/",20600,300,1264600,26108000000,0,false,0
"GVR",133224,"/Date(1701844374000)/",20600,100,1264300,26102000000,0,false,0
"GVR",133205,"/Date(1701844357000)/",20600,200,1264200,26100000000,0,false,0
"GVR",133205,"/Date(1701844356000)/",20600,2300,1264000,26096000000,0,false,0
"GVR",133205,"/Date(1701844356000)/",20600,100,1261700,26048000000,0,false,0
"GVR",133205,"/Date(1701844356000)/",20600,500,1261600,26046000000,0,false,0
"GVR",133205,"/Date(1701844356000)/",20600,100,1261100,26036000000,0,false,0
"GVR",133140,"/Date(1701844332000)/",20600,200,1261000,26034000000,0,false,0
"GVR",133140,"/Date(1701844332000)/",20600,1000,1260800,26030000000,0,false,0
"GVR",133140,"/Date(1701844332000)/",20600,600,1259800,26009000000,0,false,0
"GVR",133140,"/Date(1701844332000)/",20600,2200,1259200,25997000000,0,false,0
"GVR",133117,"/Date(1701844308000)/",20550,100,1257000,25952000000,-50,true,-0.24
"GVR",133117,"/Date(1701844308000)/",20550,800,1256900,25949000000,-50,true,-0.24
"GVR",133055,"/Date(1701844284000)/",20600,1900,1256100,25933000000,0,false,0
"GVR",133026,"/Date(1701844256000)/",20600,900,1254200,25894000000,0,false,0
"GVR",133026,"/Date(1701844256000)/",20600,1300,1253300,25875000000,0,false,0
"GVR",133017,"/Date(1701844246000)/",20600,200,1252000,25849000000,0,false,0
"GVR",133017,"/Date(1701844246000)/",20600,300,1251800,25844000000,0,false,0
"GVR",133007,"/Date(1701844238000)/",20600,200,1251500,25838000000,0,false,0
"GVR",133007,"/Date(1701844238000)/",20600,100,1251300,25834000000,0,false,0
"GVR",133007,"/Date(1701844238000)/",20600,200,1251200,25832000000,0,false,0
"GVR",132919,"/Date(1701844190000)/",20600,2800,1251000,25828000000,0,false,0
"GVR",132919,"/Date(1701844190000)/",20600,200,1248200,25770000000,0,false,0
"GVR",132857,"/Date(1701844167000)/",20600,300,1248000,25766000000,0,false,0
"GVR",132803,"/Date(1701844113000)/",20600,100,1247700,25760000000,0,false,0
"GVR",132800,"/Date(1701844108000)/",20600,1500,1247600,25758000000,0,false,0
"GVR",132715,"/Date(1701844067000)/",20600,200,1246100,25727000000,0,false,0
"GVR",132650,"/Date(1701844040000)/",20550,200,1245900,25723000000,-50,true,-0.24
"GVR",132650,"/Date(1701844040000)/",20550,200,1245700,25719000000,-50,true,-0.24
"GVR",132650,"/Date(1701844038000)/",20550,1000,1245500,25715000000,-50,true,-0.24
"GVR",132640,"/Date(1701844031000)/",20600,2000,1244500,25694000000,0,false,0
"GVR",132552,"/Date(1701843983000)/",20550,800,1242500,25653000000,-50,true,-0.24
"GVR",132552,"/Date(1701843983000)/",20550,3000,1241700,25636000000,-50,true,-0.24
"GVR",132552,"/Date(1701843983000)/",20550,1000,1238700,25575000000,-50,true,-0.24
"GVR",132552,"/Date(1701843983000)/",20550,1000,1237700,25554000000,-50,true,-0.24
"GVR",132552,"/Date(1701843983000)/",20550,1700,1236700,25534000000,-50,true,-0.24
"GVR",132549,"/Date(1701843978000)/",20600,100,1235000,25499000000,0,false,0
"GVR",132546,"/Date(1701843976000)/",20600,100,1234900,25497000000,0,false,0
"GVR",132511,"/Date(1701843941000)/",20600,400,1234800,25495000000,0,false,0
"GVR",132507,"/Date(1701843938000)/",20550,100,1234400,25486000000,-50,true,-0.24
"GVR",132432,"/Date(1701843904000)/",20550,3000,1234300,25484000000,-50,true,-0.24
"GVR",132416,"/Date(1701843887000)/",20600,100,1231300,25423000000,0,false,0
"GVR",132404,"/Date(1701843872000)/",20550,1000,1231200,25421000000,-50,true,-0.24
"GVR",132357,"/Date(1701843867000)/",20550,900,1230200,25400000000,-50,true,-0.24
"GVR",132357,"/Date(1701843867000)/",20550,400,1229300,25382000000,-50,true,-0.24
"GVR",132357,"/Date(1701843867000)/",20550,7700,1228900,25373000000,-50,true,-0.24
"GVR",132322,"/Date(1701843833000)/",20600,1000,1221200,25215000000,0,false,0
"GVR",132303,"/Date(1701843812000)/",20600,100,1220200,25195000000,0,false,0
"GVR",132300,"/Date(1701843809000)/",20600,100,1220100,25193000000,0,true,0
"GVR",132300,"/Date(1701843809000)/",20600,2000,1220000,25190000000,0,true,0
"GVR",132300,"/Date(1701843809000)/",20600,600,1218000,25149000000,0,true,0
"GVR",132300,"/Date(1701843809000)/",20600,2000,1217400,25137000000,0,true,0
"GVR",132300,"/Date(1701843809000)/",20600,200,1215400,25096000000,0,true,0
"GVR",132250,"/Date(1701843798000)/",20600,200,1215200,25092000000,0,true,0
"GVR",132234,"/Date(1701843785000)/",20600,200,1215000,25087000000,0,true,0
"GVR",132150,"/Date(1701843740000)/",20600,400,1214800,25083000000,0,false,0
"GVR",132127,"/Date(1701843717000)/",20600,100,1214400,25075000000,0,false,0
"GVR",132127,"/Date(1701843717000)/",20600,2000,1214300,25073000000,0,false,0
"GVR",132121,"/Date(1701843712000)/",20600,500,1212300,25032000000,0,false,0
"GVR",132121,"/Date(1701843712000)/",20600,4500,1211800,25022000000,0,false,0
"GVR",132111,"/Date(1701843702000)/",20600,5700,1207300,24929000000,0,false,0
"GVR",132059,"/Date(1701843688000)/",20600,1000,1201600,24811000000,0,false,0
"GVR",132043,"/Date(1701843671000)/",20600,1000,1200600,24791000000,0,false,0
"GVR",132030,"/Date(1701843658000)/",20550,1000,1199600,24770000000,-50,true,-0.24
"GVR",132004,"/Date(1701843634000)/",20600,2800,1198600,24750000000,0,false,0
"GVR",132004,"/Date(1701843634000)/",20600,1500,1195800,24692000000,0,false,0
"GVR",132004,"/Date(1701843634000)/",20600,300,1194300,24661000000,0,false,0
"GVR",132004,"/Date(1701843634000)/",20600,2000,1194000,24655000000,0,false,0
"GVR",132004,"/Date(1701843634000)/",20600,100,1192000,24614000000,0,false,0
"GVR",132004,"/Date(1701843634000)/",20600,1500,1191900,24612000000,0,false,0
"GVR",131952,"/Date(1701843622000)/",20600,1500,1190400,24581000000,0,false,0
"GVR",131952,"/Date(1701843621000)/",20600,2000,1188900,24550000000,0,false,0
"GVR",131952,"/Date(1701843621000)/",20600,3000,1186900,24509000000,0,false,0
"GVR",131923,"/Date(1701843591000)/",20600,300,1183900,24447000000,0,false,0
"GVR",131920,"/Date(1701843589000)/",20600,1000,1183600,24441000000,0,false,0
"GVR",131907,"/Date(1701843576000)/",20600,100,1182600,24420000000,0,false,0
"GVR",131901,"/Date(1701843571000)/",20600,500,1182500,24418000000,0,false,0
"GVR",131857,"/Date(1701843567000)/",20600,100,1182000,24408000000,0,false,0
"GVR",131851,"/Date(1701843560000)/",20600,100,1181900,24406000000,0,false,0
"GVR",131819,"/Date(1701843529000)/",20600,500,1181800,24404000000,0,false,0
"GVR",131813,"/Date(1701843523000)/",20600,1400,1181300,24393000000,0,false,0
"GVR",131813,"/Date(1701843523000)/",20600,1600,1179900,24364000000,0,false,0
"GVR",131754,"/Date(1701843503000)/",20550,400,1178300,24331000000,-50,true,-0.24
"GVR",131744,"/Date(1701843492000)/",20550,100,1177900,24323000000,-50,true,-0.24
"GVR",131712,"/Date(1701843461000)/",20550,800,1177800,24321000000,-50,true,-0.24
"GVR",131712,"/Date(1701843461000)/",20550,1000,1177000,24305000000,-50,true,-0.24
"GVR",131712,"/Date(1701843461000)/",20550,3000,1176000,24284000000,-50,true,-0.24
"GVR",131712,"/Date(1701843461000)/",20550,2000,1173000,24223000000,-50,true,-0.24
"GVR",131712,"/Date(1701843461000)/",20550,5000,1171000,24181000000,-50,true,-0.24
"GVR",131712,"/Date(1701843461000)/",20550,200,1166000,24079000000,-50,true,-0.24
"GVR",131653,"/Date(1701843444000)/",20550,800,1165800,24075000000,-50,true,-0.24
"GVR",131653,"/Date(1701843444000)/",20550,2000,1165000,24058000000,-50,true,-0.24
"GVR",131653,"/Date(1701843444000)/",20550,2200,1163000,24017000000,-50,true,-0.24
"GVR",131634,"/Date(1701843424000)/",20550,100,1160800,23972000000,-50,true,-0.24
"GVR",131537,"/Date(1701843364000)/",20550,2700,1160700,23970000000,-50,false,-0.24
"GVR",131534,"/Date(1701843364000)/",20550,100,1158000,23914000000,-50,false,-0.24
"GVR",131530,"/Date(1701843360000)/",20550,5000,1157900,23912000000,-50,false,-0.24
"GVR",131530,"/Date(1701843358000)/",20500,4000,1152900,23810000000,-100,true,-0.49
"GVR",131530,"/Date(1701843358000)/",20500,300,1148900,23728000000,-100,true,-0.49
"GVR",131530,"/Date(1701843358000)/",20500,500,1148600,23721000000,-100,true,-0.49
"GVR",131530,"/Date(1701843358000)/",20500,1000,1148100,23711000000,-100,true,-0.49
"GVR",131530,"/Date(1701843358000)/",20500,2000,1147100,23691000000,-100,true,-0.49
"GVR",131530,"/Date(1701843358000)/",20500,200,1145100,23650000000,-100,true,-0.49
"GVR",131530,"/Date(1701843358000)/",20500,500,1144900,23646000000,-100,true,-0.49
"GVR",131530,"/Date(1701843358000)/",20500,30000,1144400,23635000000,-100,true,-0.49
"GVR",131530,"/Date(1701843358000)/",20500,1500,1114400,23020000000,-100,true,-0.49
"GVR",131524,"/Date(1701843352000)/",20550,100,1112900,22990000000,-50,true,-0.24
"GVR",131524,"/Date(1701843352000)/",20550,1500,1112800,22987000000,-50,true,-0.24
"GVR",131524,"/Date(1701843352000)/",20550,600,1111300,22957000000,-50,true,-0.24
"GVR",131514,"/Date(1701843344000)/",20550,4400,1110700,22944000000,-50,true,-0.24
"GVR",131514,"/Date(1701843344000)/",20550,300,1106300,22854000000,-50,true,-0.24
"GVR",131514,"/Date(1701843344000)/",20550,500,1106000,22848000000,-50,true,-0.24
"GVR",131514,"/Date(1701843344000)/",20550,300,1105500,22837000000,-50,true,-0.24
"GVR",131514,"/Date(1701843344000)/",20550,10000,1105200,22831000000,-50,true,-0.24
"GVR",131514,"/Date(1701843344000)/",20550,500,1095200,22626000000,-50,true,-0.24
"GVR",131458,"/Date(1701843326000)/",20550,1500,1094700,22616000000,-50,true,-0.24
"GVR",131458,"/Date(1701843326000)/",20550,300,1093200,22585000000,-50,true,-0.24
"GVR",131458,"/Date(1701843326000)/",20550,200,1092900,22579000000,-50,true,-0.24
"GVR",131452,"/Date(1701843319000)/",20550,800,1092700,22574000000,-50,false,-0.24
"GVR",131433,"/Date(1701843300000)/",20550,500,1091900,22558000000,-50,false,-0.24
"GVR",131430,"/Date(1701843298000)/",20550,100,1091400,22548000000,-50,false,-0.24
"GVR",131427,"/Date(1701843297000)/",20550,200,1091300,22546000000,-50,false,-0.24
"GVR",131420,"/Date(1701843290000)/",20550,1600,1091100,22542000000,-50,false,-0.24
"GVR",131420,"/Date(1701843290000)/",20550,400,1089500,22509000000,-50,false,-0.24
"GVR",131417,"/Date(1701843286000)/",20550,2000,1089100,22500000000,-50,false,-0.24
"GVR",131408,"/Date(1701843277000)/",20550,3000,1087100,22459000000,-50,false,-0.24
"GVR",131408,"/Date(1701843275000)/",20500,3500,1084100,22398000000,-100,true,-0.49
"GVR",131408,"/Date(1701843275000)/",20500,300,1080600,22326000000,-100,true,-0.49
"GVR",131408,"/Date(1701843275000)/",20500,2000,1080300,22320000000,-100,true,-0.49
"GVR",131408,"/Date(1701843275000)/",20500,100,1078300,22279000000,-100,true,-0.49
"GVR",131408,"/Date(1701843275000)/",20500,300,1078200,22277000000,-100,true,-0.49
"GVR",131408,"/Date(1701843275000)/",20500,100,1077900,22271000000,-100,true,-0.49
"GVR",131408,"/Date(1701843275000)/",20500,100,1077800,22269000000,-100,true,-0.49
"GVR",131408,"/Date(1701843275000)/",20500,2000,1077700,22266000000,-100,true,-0.49
"GVR",131408,"/Date(1701843275000)/",20500,500,1075700,22225000000,-100,true,-0.49
"GVR",131408,"/Date(1701843275000)/",20500,100,1075200,22215000000,-100,true,-0.49
"GVR",131408,"/Date(1701843275000)/",20500,9000,1075100,22213000000,-100,true,-0.49
"GVR",131408,"/Date(1701843275000)/",20500,500,1066100,22029000000,-100,true,-0.49
"GVR",131408,"/Date(1701843275000)/",20500,1500,1065600,22018000000,-100,true,-0.49
"GVR",131401,"/Date(1701843269000)/",20550,200,1064100,21988000000,-50,false,-0.24
"GVR",131336,"/Date(1701843246000)/",20550,1000,1063900,21984000000,-50,false,-0.24
"GVR",131336,"/Date(1701843243000)/",20550,300,1062900,21963000000,-50,false,-0.24
"GVR",131333,"/Date(1701843241000)/",20550,300,1062600,21957000000,-50,false,-0.24
"GVR",131307,"/Date(1701843217000)/",20550,100,1062300,21951000000,-50,false,-0.24
"GVR",131258,"/Date(1701843205000)/",20550,100,1062200,21949000000,-50,true,-0.24
"GVR",131258,"/Date(1701843205000)/",20550,100,1062100,21947000000,-50,true,-0.24
"GVR",131258,"/Date(1701843205000)/",20550,10000,1062000,21945000000,-50,true,-0.24
"GVR",131258,"/Date(1701843205000)/",20550,2000,1052000,21739000000,-50,true,-0.24
"GVR",131258,"/Date(1701843205000)/",20550,500,1050000,21698000000,-50,true,-0.24
"GVR",131258,"/Date(1701843205000)/",20550,100,1049500,21688000000,-50,true,-0.24
"GVR",131258,"/Date(1701843205000)/",20550,100,1049400,21686000000,-50,true,-0.24
"GVR",131258,"/Date(1701843205000)/",20550,3000,1049300,21684000000,-50,true,-0.24
"GVR",131258,"/Date(1701843205000)/",20550,500,1046300,21622000000,-50,true,-0.24
"GVR",131258,"/Date(1701843205000)/",20550,10000,1045800,21612000000,-50,true,-0.24
"GVR",131258,"/Date(1701843205000)/",20550,200,1035800,21406000000,-50,true,-0.24
"GVR",131258,"/Date(1701843205000)/",20550,100,1035600,21402000000,-50,true,-0.24
"GVR",131258,"/Date(1701843205000)/",20550,500,1035500,21400000000,-50,true,-0.24
"GVR",131258,"/Date(1701843205000)/",20550,200,1035000,21390000000,-50,true,-0.24
"GVR",131258,"/Date(1701843205000)/",20550,1000,1034800,21386000000,-50,true,-0.24
"GVR",131258,"/Date(1701843205000)/",20550,1000,1033800,21365000000,-50,true,-0.24
"GVR",131258,"/Date(1701843205000)/",20550,100,1032800,21344000000,-50,true,-0.24
"GVR",131258,"/Date(1701843205000)/",20550,1000,1032700,21342000000,-50,true,-0.24
"GVR",131258,"/Date(1701843205000)/",20550,100,1031700,21322000000,-50,true,-0.24
"GVR",131258,"/Date(1701843205000)/",20550,100,1031600,21320000000,-50,true,-0.24
"GVR",131258,"/Date(1701843205000)/",20550,2500,1031500,21318000000,-50,true,-0.24
"GVR",131258,"/Date(1701843205000)/",20550,2300,1029000,21266000000,-50,true,-0.24
"GVR",131258,"/Date(1701843205000)/",20550,300,1026700,21219000000,-50,true,-0.24
"GVR",131258,"/Date(1701843205000)/",20550,300,1026400,21213000000,-50,true,-0.24
"GVR",131258,"/Date(1701843205000)/",20550,5000,1026100,21207000000,-50,true,-0.24
"GVR",131258,"/Date(1701843205000)/",20550,500,1021100,21104000000,-50,true,-0.24
"GVR",131258,"/Date(1701843205000)/",20550,500,1020600,21094000000,-50,true,-0.24
"GVR",131258,"/Date(1701843205000)/",20550,400,1020100,21083000000,-50,true,-0.24
"GVR",131258,"/Date(1701843205000)/",20550,200,1019700,21075000000,-50,true,-0.24
"GVR",131248,"/Date(1701843198000)/",20600,100,1019500,21071000000,0,false,0
"GVR",131245,"/Date(1701843193000)/",20600,1000,1019400,21069000000,0,false,0
"GVR",131141,"/Date(1701843129000)/",20550,1000,1018400,21048000000,-50,true,-0.24
"GVR",131141,"/Date(1701843128000)/",20550,100,1017400,21028000000,-50,true,-0.24
"GVR",131135,"/Date(1701843123000)/",20600,300,1017300,21026000000,0,false,0
"GVR",131135,"/Date(1701843123000)/",20600,200,1017000,21020000000,0,false,0
"GVR",131135,"/Date(1701843123000)/",20600,100,1016800,21016000000,0,false,0
"GVR",131131,"/Date(1701843120000)/",20550,100,1016700,21014000000,-50,true,-0.24
"GVR",131131,"/Date(1701843120000)/",20550,2000,1016600,21011000000,-50,true,-0.24
"GVR",131103,"/Date(1701843092000)/",20550,300,1014600,20970000000,-50,true,-0.24
"GVR",131056,"/Date(1701843085000)/",20550,100,1014300,20964000000,-50,true,-0.24
"GVR",131034,"/Date(1701843064000)/",20550,2000,1014200,20962000000,-50,true,-0.24
"GVR",131005,"/Date(1701843034000)/",20550,400,1012200,20921000000,-50,true,-0.24
"GVR",130833,"/Date(1701842940000)/",20600,500,1011800,20913000000,0,false,0
"GVR",130827,"/Date(1701842934000)/",20550,300,1011300,20903000000,-50,true,-0.24
"GVR",130823,"/Date(1701842931000)/",20600,100,1011000,20896000000,0,false,0
"GVR",130755,"/Date(1701842904000)/",20600,100,1010900,20894000000,0,true,0
"GVR",130755,"/Date(1701842904000)/",20600,300,1010800,20892000000,0,true,0
"GVR",130755,"/Date(1701842904000)/",20600,100,1010500,20886000000,0,true,0
"GVR",130755,"/Date(1701842904000)/",20600,400,1010400,20884000000,0,true,0
"GVR",130745,"/Date(1701842893000)/",20600,300,1010000,20876000000,0,true,0
"GVR",130619,"/Date(1701842809000)/",20600,300,1009700,20870000000,0,true,0
"GVR",130619,"/Date(1701842809000)/",20600,200,1009400,20863000000,0,true,0
"GVR",130603,"/Date(1701842791000)/",20600,1000,1009200,20859000000,0,true,0
"GVR",130518,"/Date(1701842745000)/",20600,100,1008200,20839000000,0,true,0
"GVR",130456,"/Date(1701842726000)/",20600,400,1008100,20837000000,0,true,0
"GVR",130428,"/Date(1701842697000)/",20600,300,1007700,20828000000,0,true,0
"GVR",130412,"/Date(1701842681000)/",20600,100,1007400,20822000000,0,false,0
"GVR",130356,"/Date(1701842665000)/",20600,500,1007300,20820000000,0,false,0
"GVR",130353,"/Date(1701842661000)/",20600,2000,1006800,20810000000,0,false,0
"GVR",130337,"/Date(1701842643000)/",20600,1000,1004800,20769000000,0,false,0
"GVR",130330,"/Date(1701842639000)/",20600,1000,1003800,20748000000,0,false,0
"GVR",130327,"/Date(1701842636000)/",20600,100,1002800,20727000000,0,false,0
"GVR",130327,"/Date(1701842636000)/",20600,100,1002700,20725000000,0,false,0
"GVR",130327,"/Date(1701842634000)/",20600,600,1002600,20723000000,0,false,0
"GVR",130327,"/Date(1701842634000)/",20600,2400,1002000,20711000000,0,false,0
"GVR",130317,"/Date(1701842626000)/",20600,2000,999600,20662000000,0,false,0
"GVR",130305,"/Date(1701842611000)/",20600,2000,997600,20620000000,0,false,0
"GVR",130258,"/Date(1701842605000)/",20550,400,995600,20579000000,-50,true,-0.24
"GVR",130249,"/Date(1701842593000)/",20550,1500,995200,20571000000,-50,true,-0.24
"GVR",130249,"/Date(1701842593000)/",20550,400,993700,20540000000,-50,true,-0.24
"GVR",130249,"/Date(1701842593000)/",20550,100,993300,20532000000,-50,true,-0.24
"GVR",130249,"/Date(1701842593000)/",20550,500,993200,20530000000,-50,true,-0.24
"GVR",130249,"/Date(1701842593000)/",20550,500,992700,20520000000,-50,true,-0.24
"GVR",130246,"/Date(1701842589000)/",20600,3200,992200,20509000000,0,false,0
"GVR",130246,"/Date(1701842589000)/",20600,1000,989000,20443000000,0,false,0
"GVR",130246,"/Date(1701842589000)/",20600,1200,988000,20423000000,0,false,0
"GVR",130246,"/Date(1701842589000)/",20600,200,986800,20398000000,0,false,0
"GVR",130246,"/Date(1701842589000)/",20600,3500,986600,20394000000,0,false,0
"GVR",130246,"/Date(1701842589000)/",20600,300,983100,20322000000,0,false,0
"GVR",130246,"/Date(1701842589000)/",20600,600,982800,20316000000,0,false,0
"GVR",130044,"/Date(1701842471000)/",20550,500,982200,20303000000,-50,true,-0.24
"GVR",130019,"/Date(1701842444000)/",20550,1000,981700,20293000000,-50,true,-0.24
"GVR",130019,"/Date(1701842444000)/",20550,1000,980700,20272000000,-50,true,-0.24
"GVR",130019,"/Date(1701842444000)/",20550,200,979700,20252000000,-50,true,-0.24
"GVR",130019,"/Date(1701842444000)/",20550,300,979500,20248000000,-50,true,-0.24
"GVR",130019,"/Date(1701842444000)/",20550,500,979200,20242000000,-50,true,-0.24
"GVR",130019,"/Date(1701842444000)/",20550,500,978700,20231000000,-50,true,-0.24
"GVR",130019,"/Date(1701842444000)/",20550,1500,978200,20221000000,-50,true,-0.24
"GVR",130019,"/Date(1701842444000)/",20550,2000,976700,20190000000,-50,true,-0.24
"GVR",130009,"/Date(1701842419000)/",20600,400,974700,20149000000,0,false,0
"GVR",130009,"/Date(1701842419000)/",20600,300,974300,20141000000,0,false,0
"GVR",130009,"/Date(1701842419000)/",20600,800,974000,20135000000,0,false,0
"GVR",130009,"/Date(1701842419000)/",20600,1000,973200,20118000000,0,false,0
"GVR",130009,"/Date(1701842419000)/",20600,2500,972200,20098000000,0,false,0
"GVR",130006,"/Date(1701842413000)/",20600,200,969700,20046000000,0,false,0
"GVR",125957,"/Date(1701842402000)/",20600,200,969500,20042000000,0,false,0
"GVR",125950,"/Date(1701842401000)/",20600,300,969300,20038000000,0,false,0
"GVR",125944,"/Date(1701842401000)/",20600,500,969000,20032000000,0,false,0
"GVR",125944,"/Date(1701842401000)/",20600,5000,968500,20021000000,0,false,0
"GVR",125944,"/Date(1701842401000)/",20600,200,963500,19918000000,0,false,0
"GVR",125944,"/Date(1701842401000)/",20600,4100,963300,19914000000,0,false,0
"GVR",112921,"/Date(1701836981000)/",20600,3700,959200,19830000000,0,true,0
"GVR",112921,"/Date(1701836981000)/",20600,500,955500,19754000000,0,true,0
"GVR",112921,"/Date(1701836981000)/",20600,100,955000,19743000000,0,true,0
"GVR",112921,"/Date(1701836981000)/",20600,5700,954900,19741000000,0,true,0
"GVR",112915,"/Date(1701836974000)/",20600,4300,949200,19624000000,0,true,0
"GVR",112915,"/Date(1701836974000)/",20600,100,944900,19535000000,0,true,0
"GVR",112915,"/Date(1701836974000)/",20600,5000,944800,19533000000,0,true,0
"GVR",112915,"/Date(1701836974000)/",20600,200,939800,19430000000,0,true,0
"GVR",112915,"/Date(1701836974000)/",20600,300,939600,19426000000,0,true,0
"GVR",112915,"/Date(1701836974000)/",20600,300,939300,19420000000,0,true,0
"GVR",112840,"/Date(1701836938000)/",20600,700,939000,19414000000,0,true,0
"GVR",112840,"/Date(1701836938000)/",20600,400,938300,19399000000,0,true,0
"GVR",112840,"/Date(1701836938000)/",20600,500,937900,19391000000,0,true,0
"GVR",112840,"/Date(1701836938000)/",20600,100,937400,19381000000,0,true,0
"GVR",112840,"/Date(1701836938000)/",20600,600,937300,19379000000,0,true,0
"GVR",112840,"/Date(1701836938000)/",20600,5000,936700,19366000000,0,true,0
"GVR",112840,"/Date(1701836938000)/",20600,100,931700,19263000000,0,true,0
"GVR",112840,"/Date(1701836938000)/",20600,4000,931600,19261000000,0,true,0
"GVR",112840,"/Date(1701836938000)/",20600,5600,927600,19179000000,0,true,0
"GVR",112749,"/Date(1701836889000)/",20600,4400,922000,19064000000,0,true,0
"GVR",112749,"/Date(1701836889000)/",20600,700,917600,18973000000,0,true,0
"GVR",112730,"/Date(1701836868000)/",20600,4300,916900,18958000000,0,true,0
"GVR",112730,"/Date(1701836868000)/",20600,2000,912600,18870000000,0,true,0
"GVR",112730,"/Date(1701836868000)/",20600,100,910600,18829000000,0,true,0
"GVR",112730,"/Date(1701836868000)/",20600,2000,910500,18827000000,0,true,0
"GVR",112730,"/Date(1701836868000)/",20600,200,908500,18785000000,0,true,0
"GVR",112730,"/Date(1701836868000)/",20600,1000,908300,18781000000,0,true,0
"GVR",112730,"/Date(1701836868000)/",20600,5000,907300,18761000000,0,true,0
"GVR",112730,"/Date(1701836868000)/",20600,5000,902300,18658000000,0,true,0
"GVR",112730,"/Date(1701836868000)/",20600,100,897300,18555000000,0,true,0
"GVR",112730,"/Date(1701836868000)/",20600,100,897200,18553000000,0,true,0
"GVR",112730,"/Date(1701836868000)/",20600,100,897100,18551000000,0,true,0
"GVR",112730,"/Date(1701836868000)/",20600,500,897000,18549000000,0,true,0
"GVR",112730,"/Date(1701836868000)/",20600,1000,896500,18538000000,0,true,0
"GVR",112730,"/Date(1701836868000)/",20600,300,895500,18518000000,0,true,0
"GVR",112730,"/Date(1701836868000)/",20600,200,895200,18511000000,0,true,0
"GVR",112730,"/Date(1701836868000)/",20600,1000,895000,18507000000,0,true,0
"GVR",112730,"/Date(1701836868000)/",20600,200,894000,18487000000,0,true,0
"GVR",112730,"/Date(1701836868000)/",20600,500,893800,18483000000,0,true,0
"GVR",112730,"/Date(1701836868000)/",20600,100,893300,18472000000,0,true,0
"GVR",112730,"/Date(1701836868000)/",20600,1000,893200,18470000000,0,true,0
"GVR",112730,"/Date(1701836868000)/",20600,100,892200,18450000000,0,true,0
"GVR",112730,"/Date(1701836868000)/",20600,2000,892100,18448000000,0,true,0
"GVR",112730,"/Date(1701836868000)/",20600,100,890100,18406000000,0,true,0
"GVR",112730,"/Date(1701836868000)/",20600,500,890000,18404000000,0,true,0
"GVR",112730,"/Date(1701836868000)/",20600,2600,889500,18394000000,0,true,0
"GVR",112717,"/Date(1701836856000)/",20600,1500,886900,18340000000,0,true,0
"GVR",112652,"/Date(1701836832000)/",20600,500,885400,18310000000,0,true,0
"GVR",112636,"/Date(1701836816000)/",20600,400,884900,18299000000,0,true,0
"GVR",112636,"/Date(1701836816000)/",20600,300,884500,18291000000,0,true,0
"GVR",112626,"/Date(1701836804000)/",20600,2700,884200,18285000000,0,true,0
"GVR",112626,"/Date(1701836804000)/",20600,100,881500,18229000000,0,true,0
"GVR",112626,"/Date(1701836804000)/",20600,200,881400,18227000000,0,true,0
"GVR",112626,"/Date(1701836804000)/",20600,200,881200,18223000000,0,true,0
"GVR",112626,"/Date(1701836804000)/",20600,500,881000,18219000000,0,true,0
"GVR",112626,"/Date(1701836804000)/",20600,300,880500,18209000000,0,true,0
"GVR",112626,"/Date(1701836804000)/",20600,200,880200,18202000000,0,true,0
"GVR",112626,"/Date(1701836804000)/",20600,2000,880000,18198000000,0,true,0
"GVR",112626,"/Date(1701836804000)/",20600,500,878000,18157000000,0,true,0
"GVR",112626,"/Date(1701836804000)/",20600,100,877500,18147000000,0,true,0
"GVR",112626,"/Date(1701836804000)/",20600,100,877400,18145000000,0,true,0
"GVR",112626,"/Date(1701836804000)/",20600,100,877300,18143000000,0,true,0
"GVR",112626,"/Date(1701836804000)/",20600,500,877200,18141000000,0,true,0
"GVR",112409,"/Date(1701836666000)/",20650,2000,876700,18130000000,50,false,0.24
"GVR",112409,"/Date(1701836666000)/",20650,4800,874700,18089000000,50,false,0.24
"GVR",112402,"/Date(1701836660000)/",20650,200,869900,17990000000,50,true,0.24
"GVR",112402,"/Date(1701836660000)/",20650,200,869700,17986000000,50,true,0.24
"GVR",112402,"/Date(1701836660000)/",20650,1000,869500,17982000000,50,true,0.24
"GVR",112402,"/Date(1701836660000)/",20650,5000,868500,17961000000,50,true,0.24
"GVR",112402,"/Date(1701836660000)/",20650,200,863500,17858000000,50,true,0.24
"GVR",112402,"/Date(1701836660000)/",20650,300,863300,17854000000,50,true,0.24
"GVR",112402,"/Date(1701836660000)/",20650,500,863000,17847000000,50,true,0.24
"GVR",112402,"/Date(1701836660000)/",20650,2000,862500,17837000000,50,true,0.24
"GVR",112402,"/Date(1701836660000)/",20650,500,860500,17796000000,50,true,0.24
"GVR",112402,"/Date(1701836660000)/",20650,100,860000,17785000000,50,true,0.24
"GVR",112340,"/Date(1701836637000)/",20650,500,859900,17783000000,50,true,0.24
"GVR",112340,"/Date(1701836637000)/",20650,1500,859400,17773000000,50,true,0.24
"GVR",112340,"/Date(1701836637000)/",20650,100,857900,17742000000,50,true,0.24
"GVR",112340,"/Date(1701836637000)/",20650,200,857800,17740000000,50,true,0.24
"GVR",112340,"/Date(1701836637000)/",20650,1000,857600,17736000000,50,true,0.24
"GVR",112340,"/Date(1701836637000)/",20650,1000,856600,17715000000,50,true,0.24
"GVR",112340,"/Date(1701836637000)/",20650,200,855600,17695000000,50,true,0.24
"GVR",112340,"/Date(1701836637000)/",20650,5500,855400,17690000000,50,true,0.24
"GVR",112334,"/Date(1701836632000)/",20650,1500,849900,17577000000,50,true,0.24
"GVR",112334,"/Date(1701836632000)/",20650,700,848400,17546000000,50,true,0.24
"GVR",112334,"/Date(1701836632000)/",20650,1900,847700,17531000000,50,true,0.24
"GVR",112334,"/Date(1701836632000)/",20650,900,845800,17492000000,50,true,0.24
"GVR",112330,"/Date(1701836629000)/",20650,100,844900,17474000000,50,true,0.24
"GVR",112330,"/Date(1701836629000)/",20650,200,844800,17472000000,50,true,0.24
"GVR",112327,"/Date(1701836626000)/",20650,100,844600,17467000000,50,true,0.24
"GVR",112236,"/Date(1701836577000)/",20650,100,844500,17465000000,50,true,0.24
"GVR",112211,"/Date(1701836550000)/",20650,900,844400,17463000000,50,true,0.24
"GVR",112211,"/Date(1701836550000)/",20650,500,843500,17445000000,50,true,0.24
"GVR",112211,"/Date(1701836550000)/",20650,100,843000,17434000000,50,true,0.24
"GVR",112211,"/Date(1701836550000)/",20650,1500,842900,17432000000,50,true,0.24
"GVR",112158,"/Date(1701836538000)/",20650,200,841400,17401000000,50,true,0.24
"GVR",112107,"/Date(1701836487000)/",20650,2300,841200,17397000000,50,true,0.24
"GVR",112107,"/Date(1701836487000)/",20650,100,838900,17350000000,50,true,0.24
"GVR",112107,"/Date(1701836487000)/",20650,200,838800,17348000000,50,true,0.24
"GVR",112107,"/Date(1701836487000)/",20650,500,838600,17344000000,50,true,0.24
"GVR",112107,"/Date(1701836487000)/",20650,1900,838100,17333000000,50,true,0.24
"GVR",112051,"/Date(1701836470000)/",20650,100,836200,17294000000,50,true,0.24
"GVR",112051,"/Date(1701836470000)/",20650,200,836100,17292000000,50,true,0.24
"GVR",112042,"/Date(1701836461000)/",20650,300,835900,17288000000,50,true,0.24
"GVR",112016,"/Date(1701836433000)/",20650,200,835600,17282000000,50,true,0.24
"GVR",112016,"/Date(1701836433000)/",20650,100,835400,17277000000,50,true,0.24
"GVR",112016,"/Date(1701836433000)/",20650,200,835300,17275000000,50,true,0.24
"GVR",112016,"/Date(1701836433000)/",20650,500,835100,17271000000,50,true,0.24
"GVR",112016,"/Date(1701836433000)/",20650,200,834600,17261000000,50,true,0.24
"GVR",112016,"/Date(1701836433000)/",20650,400,834400,17257000000,50,true,0.24
"GVR",112013,"/Date(1701836432000)/",20650,300,834000,17249000000,50,true,0.24
"GVR",111947,"/Date(1701836407000)/",20650,300,833700,17242000000,50,true,0.24
"GVR",111909,"/Date(1701836368000)/",20650,4000,833400,17236000000,50,true,0.24
"GVR",111909,"/Date(1701836368000)/",20650,100,829400,17154000000,50,true,0.24
"GVR",111909,"/Date(1701836368000)/",20650,5900,829300,17152000000,50,true,0.24
"GVR",111837,"/Date(1701836337000)/",20650,300,823400,17030000000,50,true,0.24
"GVR",111821,"/Date(1701836318000)/",20650,300,823100,17023000000,50,true,0.24
"GVR",111802,"/Date(1701836302000)/",20650,300,822800,17017000000,50,true,0.24
"GVR",111756,"/Date(1701836295000)/",20650,200,822500,17011000000,50,true,0.24
"GVR",111743,"/Date(1701836282000)/",20650,500,822300,17007000000,50,true,0.24
"GVR",111721,"/Date(1701836258000)/",20650,100,821800,16997000000,50,true,0.24
"GVR",111646,"/Date(1701836223000)/",20650,1300,821700,16995000000,50,true,0.24
"GVR",111643,"/Date(1701836220000)/",20700,2800,820400,16968000000,100,false,0.49
"GVR",111643,"/Date(1701836220000)/",20700,100,817600,16910000000,100,false,0.49
"GVR",111643,"/Date(1701836220000)/",20700,100,817500,16908000000,100,false,0.49
"GVR",111643,"/Date(1701836220000)/",20700,800,817400,16906000000,100,false,0.49
"GVR",111643,"/Date(1701836220000)/",20700,500,816600,16889000000,100,false,0.49
"GVR",111643,"/Date(1701836220000)/",20700,10000,816100,16879000000,100,false,0.49
"GVR",111643,"/Date(1701836220000)/",20700,2500,806100,16672000000,100,false,0.49
"GVR",111643,"/Date(1701836220000)/",20700,100,803600,16620000000,100,false,0.49
"GVR",111643,"/Date(1701836220000)/",20700,1000,803500,16618000000,100,false,0.49
"GVR",111643,"/Date(1701836220000)/",20700,500,802500,16597000000,100,false,0.49
"GVR",111643,"/Date(1701836220000)/",20700,800,802000,16587000000,100,false,0.49
"GVR",111643,"/Date(1701836220000)/",20700,800,801200,16570000000,100,false,0.49
"GVR",111601,"/Date(1701836180000)/",20700,200,800400,16554000000,100,false,0.49
"GVR",111448,"/Date(1701836107000)/",20650,5000,800200,16550000000,50,true,0.24
"GVR",111400,"/Date(1701836057000)/",20650,2000,795200,16446000000,50,true,0.24
"GVR",111325,"/Date(1701836022000)/",20650,4000,793200,16405000000,50,true,0.24
"GVR",111206,"/Date(1701835943000)/",20650,100,789200,16322000000,50,true,0.24
"GVR",111206,"/Date(1701835943000)/",20650,100,789100,16320000000,50,true,0.24
"GVR",111140,"/Date(1701835919000)/",20650,200,789000,16318000000,50,true,0.24
"GVR",111033,"/Date(1701835850000)/",20650,200,788800,16314000000,50,true,0.24
"GVR",111033,"/Date(1701835850000)/",20650,300,788600,16310000000,50,true,0.24
"GVR",110738,"/Date(1701835677000)/",20650,200,788300,16304000000,50,true,0.24
"GVR",110732,"/Date(1701835668000)/",20650,300,788100,16300000000,50,true,0.24
"GVR",110635,"/Date(1701835612000)/",20650,1000,787800,16294000000,50,true,0.24
"GVR",110556,"/Date(1701835574000)/",20650,2000,786800,16273000000,50,true,0.24
"GVR",110547,"/Date(1701835565000)/",20650,300,784800,16232000000,50,true,0.24
"GVR",110148,"/Date(1701835323000)/",20650,5000,784500,16225000000,50,true,0.24
"GVR",110032,"/Date(1701835249000)/",20650,300,779500,16122000000,50,true,0.24
"GVR",110025,"/Date(1701835243000)/",20650,200,779200,16116000000,50,true,0.24
"GVR",110006,"/Date(1701835224000)/",20650,200,779000,16112000000,50,true,0.24
"GVR",110003,"/Date(1701835219000)/",20650,300,778800,16108000000,50,true,0.24
"GVR",105957,"/Date(1701835213000)/",20650,200,778500,16101000000,50,true,0.24
"GVR",105957,"/Date(1701835213000)/",20650,100,778300,16097000000,50,true,0.24
"GVR",105953,"/Date(1701835209000)/",20700,300,778200,16095000000,100,false,0.49
"GVR",105846,"/Date(1701835142000)/",20700,500,777900,16089000000,100,false,0.49
"GVR",105840,"/Date(1701835138000)/",20650,200,777400,16079000000,50,true,0.24
"GVR",105840,"/Date(1701835138000)/",20650,300,777200,16075000000,50,true,0.24
"GVR",105840,"/Date(1701835138000)/",20650,2500,776900,16068000000,50,true,0.24
"GVR",105821,"/Date(1701835117000)/",20650,1700,774400,16017000000,50,true,0.24
"GVR",105821,"/Date(1701835116000)/",20700,1000,772700,15982000000,100,false,0.49
"GVR",105815,"/Date(1701835111000)/",20650,500,771700,15961000000,50,true,0.24
"GVR",105752,"/Date(1701835089000)/",20700,500,771200,15951000000,100,false,0.49
"GVR",105736,"/Date(1701835074000)/",20700,500,770700,15940000000,100,false,0.49
"GVR",105720,"/Date(1701835057000)/",20700,1000,770200,15930000000,100,false,0.49
"GVR",105714,"/Date(1701835049000)/",20650,300,769200,15909000000,50,true,0.24
"GVR",105711,"/Date(1701835048000)/",20700,100,768900,15903000000,100,false,0.49
"GVR",105701,"/Date(1701835037000)/",20700,100,768800,15901000000,100,false,0.49
"GVR",105658,"/Date(1701835034000)/",20700,1000,768700,15899000000,100,false,0.49
"GVR",105649,"/Date(1701835024000)/",20700,2000,767700,15878000000,100,false,0.49
"GVR",105636,"/Date(1701835013000)/",20650,300,765700,15837000000,50,true,0.24
"GVR",105610,"/Date(1701834987000)/",20650,2000,765400,15831000000,50,true,0.24
"GVR",105555,"/Date(1701834971000)/",20650,300,763400,15789000000,50,true,0.24
"GVR",105555,"/Date(1701834971000)/",20700,1000,763100,15783000000,100,false,0.49
"GVR",105535,"/Date(1701834952000)/",20700,200,762100,15762000000,100,true,0.49
"GVR",105535,"/Date(1701834952000)/",20700,10000,761900,15758000000,100,true,0.49
"GVR",105535,"/Date(1701834952000)/",20700,600,751900,15551000000,100,true,0.49
"GVR",105535,"/Date(1701834952000)/",20700,500,751300,15539000000,100,true,0.49
"GVR",105535,"/Date(1701834952000)/",20700,200,750800,15529000000,100,true,0.49
"GVR",105535,"/Date(1701834952000)/",20700,200,750600,15524000000,100,true,0.49
"GVR",105529,"/Date(1701834946000)/",20700,400,750400,15520000000,100,true,0.49
"GVR",105529,"/Date(1701834946000)/",20700,500,750000,15512000000,100,true,0.49
"GVR",105529,"/Date(1701834946000)/",20700,300,749500,15502000000,100,true,0.49
"GVR",105519,"/Date(1701834935000)/",20700,300,749200,15495000000,100,true,0.49
"GVR",105507,"/Date(1701834924000)/",20700,4000,748900,15489000000,100,true,0.49
"GVR",105425,"/Date(1701834882000)/",20700,300,744900,15406000000,100,true,0.49
"GVR",105419,"/Date(1701834876000)/",20700,100,744600,15400000000,100,true,0.49
"GVR",105419,"/Date(1701834876000)/",20700,500,744500,15398000000,100,true,0.49
"GVR",105419,"/Date(1701834876000)/",20700,100,744000,15388000000,100,true,0.49
"GVR",105419,"/Date(1701834876000)/",20700,300,743900,15386000000,100,true,0.49
"GVR",105344,"/Date(1701834840000)/",20700,900,743600,15379000000,100,true,0.49
"GVR",105344,"/Date(1701834840000)/",20700,100,742700,15361000000,100,true,0.49
"GVR",105338,"/Date(1701834835000)/",20700,1400,742600,15359000000,100,true,0.49
"GVR",105338,"/Date(1701834835000)/",20700,500,741200,15330000000,100,true,0.49
"GVR",105318,"/Date(1701834815000)/",20700,200,740700,15319000000,100,true,0.49
"GVR",105312,"/Date(1701834808000)/",20700,100,740500,15315000000,100,true,0.49
"GVR",105312,"/Date(1701834808000)/",20700,1000,740400,15313000000,100,true,0.49
"GVR",105312,"/Date(1701834808000)/",20700,200,739400,15293000000,100,true,0.49
"GVR",105312,"/Date(1701834808000)/",20700,500,739200,15288000000,100,true,0.49
"GVR",105237,"/Date(1701834771000)/",20700,100,738700,15278000000,100,false,0.49
"GVR",105224,"/Date(1701834761000)/",20700,200,738600,15276000000,100,false,0.49
"GVR",105224,"/Date(1701834761000)/",20700,200,738400,15272000000,100,false,0.49
"GVR",105159,"/Date(1701834734000)/",20700,2800,738200,15268000000,100,false,0.49
"GVR",105159,"/Date(1701834734000)/",20700,200,735400,15210000000,100,false,0.49
"GVR",105143,"/Date(1701834718000)/",20700,100,735200,15206000000,100,true,0.49
"GVR",105143,"/Date(1701834717000)/",20700,200,735100,15204000000,100,true,0.49
"GVR",105140,"/Date(1701834717000)/",20700,100,734900,15199000000,100,true,0.49
"GVR",105136,"/Date(1701834711000)/",20700,100,734800,15197000000,100,true,0.49
"GVR",105136,"/Date(1701834711000)/",20700,1000,734700,15195000000,100,true,0.49
"GVR",105136,"/Date(1701834711000)/",20700,100,733700,15175000000,100,true,0.49
"GVR",105136,"/Date(1701834711000)/",20700,800,733600,15172000000,100,true,0.49
"GVR",105133,"/Date(1701834710000)/",20700,200,732800,15156000000,100,true,0.49
"GVR",105133,"/Date(1701834710000)/",20700,300,732600,15152000000,100,true,0.49
"GVR",105017,"/Date(1701834634000)/",20700,200,732300,15146000000,100,false,0.49
"GVR",105013,"/Date(1701834630000)/",20700,4800,732100,15141000000,100,false,0.49
"GVR",105013,"/Date(1701834630000)/",20700,200,727300,15042000000,100,false,0.49
"GVR",105010,"/Date(1701834626000)/",20700,300,727100,15038000000,100,false,0.49
"GVR",105010,"/Date(1701834626000)/",20700,100,726800,15032000000,100,false,0.49
"GVR",105001,"/Date(1701834617000)/",20700,100,726700,15030000000,100,false,0.49
"GVR",104957,"/Date(1701834614000)/",20700,5000,726600,15028000000,100,false,0.49
"GVR",104922,"/Date(1701834578000)/",20700,1800,721600,14924000000,100,false,0.49
"GVR",104922,"/Date(1701834578000)/",20700,200,719800,14887000000,100,false,0.49
"GVR",104857,"/Date(1701834553000)/",20700,500,719600,14883000000,100,true,0.49
"GVR",104838,"/Date(1701834534000)/",20700,1100,719100,14872000000,100,true,0.49
"GVR",104834,"/Date(1701834530000)/",20700,300,718000,14850000000,100,true,0.49
"GVR",104825,"/Date(1701834520000)/",20700,900,717700,14843000000,100,false,0.49
"GVR",104825,"/Date(1701834520000)/",20700,100,716800,14825000000,100,false,0.49
"GVR",104809,"/Date(1701834506000)/",20750,1700,716700,14823000000,150,false,0.73
"GVR",104809,"/Date(1701834506000)/",20700,600,715000,14787000000,100,true,0.49
"GVR",104809,"/Date(1701834504000)/",20700,500,714400,14775000000,100,true,0.49
"GVR",104809,"/Date(1701834504000)/",20700,900,713900,14765000000,100,true,0.49
"GVR",104747,"/Date(1701834484000)/",20700,100,713000,14746000000,100,false,0.49
"GVR",104721,"/Date(1701834457000)/",20700,100,712900,14744000000,100,false,0.49
"GVR",104718,"/Date(1701834453000)/",20700,1300,712800,14742000000,100,false,0.49
"GVR",104718,"/Date(1701834453000)/",20700,3700,711500,14715000000,100,false,0.49
"GVR",104709,"/Date(1701834442000)/",20700,500,707800,14638000000,100,true,0.49
"GVR",104709,"/Date(1701834442000)/",20700,800,707300,14628000000,100,true,0.49
"GVR",104659,"/Date(1701834434000)/",20700,4200,706500,14611000000,100,false,0.49
"GVR",104627,"/Date(1701834403000)/",20700,500,702300,14524000000,100,true,0.49
"GVR",104627,"/Date(1701834403000)/",20700,100,701800,14514000000,100,true,0.49
"GVR",104627,"/Date(1701834403000)/",20700,200,701700,14512000000,100,true,0.49
"GVR",104614,"/Date(1701834390000)/",20750,600,701500,14508000000,150,false,0.73
"GVR",104614,"/Date(1701834390000)/",20750,1000,700900,14495000000,150,false,0.73
"GVR",104530,"/Date(1701834345000)/",20700,300,699900,14475000000,100,false,0.49
"GVR",104530,"/Date(1701834345000)/",20700,7000,699600,14469000000,100,false,0.49
"GVR",104530,"/Date(1701834345000)/",20700,100,692600,14324000000,100,false,0.49
"GVR",104530,"/Date(1701834345000)/",20700,5800,692500,14322000000,100,false,0.49
"GVR",104523,"/Date(1701834339000)/",20700,200,686700,14201000000,100,false,0.49
"GVR",104523,"/Date(1701834339000)/",20700,100,686500,14197000000,100,false,0.49
"GVR",104523,"/Date(1701834339000)/",20700,600,686400,14195000000,100,false,0.49
"GVR",104523,"/Date(1701834339000)/",20700,100,685800,14183000000,100,false,0.49
"GVR",104523,"/Date(1701834339000)/",20700,1600,685700,14181000000,100,false,0.49
"GVR",104520,"/Date(1701834334000)/",20700,500,684100,14148000000,100,false,0.49
"GVR",104501,"/Date(1701834317000)/",20700,400,683600,14137000000,100,false,0.49
"GVR",104501,"/Date(1701834315000)/",20700,300,683200,14129000000,100,false,0.49
"GVR",104458,"/Date(1701834313000)/",20700,2200,682900,14123000000,100,false,0.49
"GVR",104458,"/Date(1701834313000)/",20700,500,680700,14077000000,100,false,0.49
"GVR",104458,"/Date(1701834313000)/",20700,2300,680200,14067000000,100,false,0.49
"GVR",104448,"/Date(1701834303000)/",20700,300,677900,14019000000,100,false,0.49
"GVR",104439,"/Date(1701834295000)/",20700,300,677600,14013000000,100,false,0.49
"GVR",104432,"/Date(1701834288000)/",20700,100,677300,14007000000,100,false,0.49
"GVR",104432,"/Date(1701834288000)/",20700,100,677200,14005000000,100,false,0.49
"GVR",104432,"/Date(1701834288000)/",20700,100,677100,14003000000,100,false,0.49
"GVR",104426,"/Date(1701834281000)/",20700,300,677000,14001000000,100,false,0.49
"GVR",104419,"/Date(1701834273000)/",20700,4100,676700,13994000000,100,false,0.49
"GVR",104419,"/Date(1701834273000)/",20700,900,672600,13910000000,100,false,0.49
"GVR",104416,"/Date(1701834271000)/",20700,10000,671700,13891000000,100,false,0.49
"GVR",104413,"/Date(1701834270000)/",20700,300,661700,13684000000,100,false,0.49
"GVR",104407,"/Date(1701834263000)/",20700,300,661400,13678000000,100,false,0.49
"GVR",104403,"/Date(1701834257000)/",20700,300,661100,13672000000,100,false,0.49
"GVR",104400,"/Date(1701834254000)/",20700,2500,660800,13665000000,100,false,0.49
"GVR",104351,"/Date(1701834247000)/",20700,300,658300,13614000000,100,false,0.49
"GVR",104351,"/Date(1701834247000)/",20650,5000,658000,13607000000,50,true,0.24
"GVR",104348,"/Date(1701834244000)/",20700,100,653000,13504000000,100,false,0.49
"GVR",104348,"/Date(1701834242000)/",20700,1000,652900,13502000000,100,false,0.49
"GVR",104341,"/Date(1701834235000)/",20700,300,651900,13481000000,100,false,0.49
"GVR",104332,"/Date(1701834226000)/",20700,300,651600,13475000000,100,false,0.49
"GVR",104325,"/Date(1701834219000)/",20700,300,651300,13469000000,100,false,0.49
"GVR",104319,"/Date(1701834213000)/",20700,300,651000,13463000000,100,false,0.49
"GVR",104310,"/Date(1701834204000)/",20700,300,650700,13457000000,100,false,0.49
"GVR",104300,"/Date(1701834196000)/",20700,1000,650400,13450000000,100,false,0.49
"GVR",104247,"/Date(1701834183000)/",20700,300,649400,13430000000,100,false,0.49
"GVR",104241,"/Date(1701834175000)/",20700,600,649100,13423000000,100,false,0.49
"GVR",104228,"/Date(1701834164000)/",20700,600,648500,13411000000,100,false,0.49
"GVR",104222,"/Date(1701834157000)/",20700,300,647900,13399000000,100,false,0.49
"GVR",104212,"/Date(1701834146000)/",20650,5000,647600,13392000000,50,true,0.24
"GVR",104209,"/Date(1701834145000)/",20700,300,642600,13289000000,100,false,0.49
"GVR",104203,"/Date(1701834139000)/",20700,300,642300,13283000000,100,false,0.49
"GVR",104156,"/Date(1701834130000)/",20700,300,642000,13277000000,100,false,0.49
"GVR",104147,"/Date(1701834120000)/",20700,300,641700,13270000000,100,false,0.49
"GVR",104011,"/Date(1701834027000)/",20650,5000,641400,13264000000,50,true,0.24
"GVR",104011,"/Date(1701834026000)/",20700,2000,636400,13161000000,100,false,0.49
"GVR",103842,"/Date(1701833937000)/",20650,200,634400,13120000000,50,true,0.24
"GVR",103704,"/Date(1701833838000)/",20650,5000,634200,13116000000,50,true,0.24
"GVR",103641,"/Date(1701833817000)/",20700,200,629200,13012000000,100,false,0.49
"GVR",103638,"/Date(1701833812000)/",20700,1500,629000,13008000000,100,false,0.49
"GVR",103610,"/Date(1701833785000)/",20700,300,627500,12977000000,100,false,0.49
"GVR",103610,"/Date(1701833784000)/",20700,1000,627200,12971000000,100,false,0.49
"GVR",103606,"/Date(1701833782000)/",20650,5000,626200,12950000000,50,true,0.24
"GVR",103519,"/Date(1701833733000)/",20700,2500,621200,12847000000,100,false,0.49
"GVR",103500,"/Date(1701833715000)/",20650,300,618700,12795000000,50,true,0.24
"GVR",103450,"/Date(1701833704000)/",20650,100,618400,12789000000,50,true,0.24
"GVR",103447,"/Date(1701833701000)/",20650,400,618300,12787000000,50,true,0.24
"GVR",103428,"/Date(1701833681000)/",20650,1000,617900,12779000000,50,true,0.24
"GVR",103350,"/Date(1701833645000)/",20650,100,616900,12758000000,50,true,0.24
"GVR",103321,"/Date(1701833614000)/",20700,1100,616800,12756000000,100,false,0.49
"GVR",103308,"/Date(1701833602000)/",20700,500,615700,12733000000,100,false,0.49
"GVR",103230,"/Date(1701833564000)/",20700,500,615200,12723000000,100,false,0.49
"GVR",103221,"/Date(1701833556000)/",20700,300,614700,12712000000,100,false,0.49
"GVR",103130,"/Date(1701833503000)/",20700,300,614400,12706000000,100,false,0.49
"GVR",103111,"/Date(1701833485000)/",20700,300,614100,12700000000,100,false,0.49
"GVR",102922,"/Date(1701833375000)/",20700,300,613800,12694000000,100,false,0.49
"GVR",102847,"/Date(1701833341000)/",20700,100,613500,12688000000,100,false,0.49
"GVR",102724,"/Date(1701833257000)/",20700,2000,613400,12686000000,100,false,0.49
"GVR",102721,"/Date(1701833255000)/",20700,100,611400,12644000000,100,false,0.49
"GVR",102718,"/Date(1701833251000)/",20700,2000,611300,12642000000,100,false,0.49
"GVR",102715,"/Date(1701833249000)/",20700,300,609300,12601000000,100,false,0.49
"GVR",102650,"/Date(1701833223000)/",20700,600,609000,12594000000,100,false,0.49
"GVR",102520,"/Date(1701833134000)/",20700,300,608400,12582000000,100,false,0.49
"GVR",102517,"/Date(1701833130000)/",20700,20000,608100,12576000000,100,false,0.49
"GVR",102458,"/Date(1701833110000)/",20700,20000,588100,12162000000,100,false,0.49
"GVR",102420,"/Date(1701833072000)/",20650,2000,568100,11748000000,50,true,0.24
"GVR",102232,"/Date(1701832966000)/",20650,5200,566100,11707000000,50,true,0.24
"GVR",102154,"/Date(1701832926000)/",20650,3000,560900,11599000000,50,true,0.24
"GVR",102115,"/Date(1701832887000)/",20650,5000,557900,11537000000,50,true,0.24
"GVR",102050,"/Date(1701832864000)/",20650,100,552900,11434000000,50,true,0.24
"GVR",102050,"/Date(1701832864000)/",20650,3900,552800,11432000000,50,true,0.24
"GVR",101846,"/Date(1701832738000)/",20650,500,548900,11351000000,50,true,0.24
"GVR",101839,"/Date(1701832731000)/",20650,100,548400,11341000000,50,true,0.24
"GVR",101833,"/Date(1701832725000)/",20650,5000,548300,11339000000,50,true,0.24
"GVR",101830,"/Date(1701832723000)/",20650,500,543300,11236000000,50,false,0.24
"GVR",101758,"/Date(1701832692000)/",20650,700,542800,11225000000,50,false,0.24
"GVR",101752,"/Date(1701832686000)/",20650,1000,542100,11211000000,50,false,0.24
"GVR",101742,"/Date(1701832676000)/",20650,2800,541100,11190000000,50,true,0.24
"GVR",101733,"/Date(1701832665000)/",20650,7200,538300,11132000000,50,false,0.24
"GVR",101658,"/Date(1701832632000)/",20650,1000,531100,10984000000,50,true,0.24
"GVR",101658,"/Date(1701832632000)/",20650,500,530100,10963000000,50,true,0.24
"GVR",101658,"/Date(1701832632000)/",20650,100,529600,10953000000,50,true,0.24
"GVR",101658,"/Date(1701832632000)/",20650,5000,529500,10951000000,50,true,0.24
"GVR",101658,"/Date(1701832632000)/",20650,30000,524500,10847000000,50,true,0.24
"GVR",101658,"/Date(1701832632000)/",20650,1000,494500,10228000000,50,true,0.24
"GVR",101658,"/Date(1701832632000)/",20650,2400,493500,10207000000,50,true,0.24
"GVR",101658,"/Date(1701832632000)/",20650,300,491100,10158000000,50,true,0.24
"GVR",101658,"/Date(1701832632000)/",20650,300,490800,10152000000,50,true,0.24
"GVR",101658,"/Date(1701832632000)/",20650,500,490500,10145000000,50,true,0.24
"GVR",101658,"/Date(1701832632000)/",20650,10000,490000,10135000000,50,true,0.24
"GVR",101658,"/Date(1701832632000)/",20650,1800,480000,9929000000,50,true,0.24
"GVR",101658,"/Date(1701832632000)/",20650,10000,478200,9891000000,50,true,0.24
"GVR",101658,"/Date(1701832632000)/",20650,100,468200,9685000000,50,true,0.24
"GVR",101658,"/Date(1701832632000)/",20650,500,468100,9683000000,50,true,0.24
"GVR",101658,"/Date(1701832632000)/",20650,4000,467600,9673000000,50,true,0.24
"GVR",101658,"/Date(1701832632000)/",20650,300,463600,9590000000,50,true,0.24
"GVR",101658,"/Date(1701832632000)/",20650,5000,463300,9584000000,50,true,0.24
"GVR",101658,"/Date(1701832632000)/",20650,5000,458300,9480000000,50,true,0.24
"GVR",101658,"/Date(1701832632000)/",20650,500,453300,9377000000,50,true,0.24
"GVR",101658,"/Date(1701832632000)/",20650,100,452800,9367000000,50,true,0.24
"GVR",101658,"/Date(1701832632000)/",20650,1000,452700,9365000000,50,true,0.24
"GVR",101658,"/Date(1701832632000)/",20650,1000,451700,9344000000,50,true,0.24
"GVR",101658,"/Date(1701832632000)/",20650,4000,450700,9324000000,50,true,0.24
"GVR",101658,"/Date(1701832632000)/",20650,100,446700,9241000000,50,true,0.24
"GVR",101658,"/Date(1701832632000)/",20650,200,446600,9239000000,50,true,0.24
"GVR",101658,"/Date(1701832632000)/",20650,1900,446400,9235000000,50,true,0.24
"GVR",101658,"/Date(1701832632000)/",20650,6200,444500,9195000000,50,true,0.24
"GVR",101632,"/Date(1701832606000)/",20650,600,438300,9067000000,50,true,0.24
"GVR",101632,"/Date(1701832605000)/",20650,3000,437700,9055000000,50,true,0.24
"GVR",101535,"/Date(1701832548000)/",20700,500,434700,8993000000,100,false,0.49
"GVR",101503,"/Date(1701832517000)/",20700,10000,434200,8983000000,100,true,0.49
"GVR",101503,"/Date(1701832517000)/",20700,1000,424200,8776000000,100,true,0.49
"GVR",101503,"/Date(1701832517000)/",20700,200,423200,8755000000,100,true,0.49
"GVR",101503,"/Date(1701832517000)/",20700,5000,423000,8751000000,100,true,0.49
"GVR",101503,"/Date(1701832517000)/",20700,200,418000,8647000000,100,true,0.49
"GVR",101503,"/Date(1701832517000)/",20700,2000,417800,8643000000,100,true,0.49
"GVR",101503,"/Date(1701832517000)/",20700,200,415800,8602000000,100,true,0.49
"GVR",101503,"/Date(1701832517000)/",20700,500,415600,8598000000,100,true,0.49
"GVR",101503,"/Date(1701832517000)/",20700,1000,415100,8587000000,100,true,0.49
"GVR",101503,"/Date(1701832517000)/",20700,2000,414100,8567000000,100,true,0.49
"GVR",101438,"/Date(1701832489000)/",20700,1200,412100,8525000000,100,true,0.49
"GVR",101412,"/Date(1701832465000)/",20750,4000,410900,8500000000,150,false,0.73
"GVR",101412,"/Date(1701832465000)/",20750,500,406900,8417000000,150,false,0.73
"GVR",101412,"/Date(1701832465000)/",20750,500,406400,8407000000,150,false,0.73
"GVR",101309,"/Date(1701832402000)/",20700,1000,405900,8397000000,100,true,0.49
"GVR",101305,"/Date(1701832398000)/",20700,1500,404900,8376000000,100,true,0.49
"GVR",101237,"/Date(1701832370000)/",20700,300,403400,8345000000,100,true,0.49
"GVR",101205,"/Date(1701832338000)/",20700,100,403100,8339000000,100,true,0.49
"GVR",101205,"/Date(1701832336000)/",20700,300,403000,8337000000,100,true,0.49
"GVR",101202,"/Date(1701832334000)/",20700,100,402700,8330000000,100,true,0.49
"GVR",101127,"/Date(1701832300000)/",20700,200,402600,8328000000,100,true,0.49
"GVR",101127,"/Date(1701832299000)/",20750,100,402400,8324000000,150,false,0.73
"GVR",101123,"/Date(1701832296000)/",20750,200,402300,8322000000,150,false,0.73
"GVR",101058,"/Date(1701832271000)/",20750,300,402100,8318000000,150,false,0.73
"GVR",101033,"/Date(1701832244000)/",20700,1300,401800,8312000000,100,true,0.49
"GVR",101033,"/Date(1701832244000)/",20700,100,400500,8285000000,100,true,0.49
"GVR",101033,"/Date(1701832244000)/",20700,600,400400,8283000000,100,true,0.49
"GVR",100719,"/Date(1701832049000)/",20700,5000,399800,8270000000,100,false,0.49
"GVR",100719,"/Date(1701832049000)/",20700,100,394800,8167000000,100,false,0.49
"GVR",100719,"/Date(1701832049000)/",20700,100,394700,8165000000,100,false,0.49
"GVR",100719,"/Date(1701832049000)/",20700,3400,394600,8163000000,100,false,0.49
"GVR",100719,"/Date(1701832049000)/",20700,200,391200,8092000000,100,false,0.49
"GVR",100719,"/Date(1701832049000)/",20700,500,391000,8088000000,100,false,0.49
"GVR",100719,"/Date(1701832049000)/",20700,300,390500,8078000000,100,false,0.49
"GVR",100719,"/Date(1701832049000)/",20700,5500,390200,8072000000,100,false,0.49
"GVR",100719,"/Date(1701832049000)/",20700,500,384700,7958000000,100,false,0.49
"GVR",100719,"/Date(1701832049000)/",20700,100,384200,7947000000,100,false,0.49
"GVR",100719,"/Date(1701832049000)/",20700,3700,384100,7945000000,100,false,0.49
"GVR",100637,"/Date(1701832009000)/",20700,1800,380400,7869000000,100,false,0.49
"GVR",100628,"/Date(1701831999000)/",20700,1000,378600,7832000000,100,false,0.49
"GVR",100556,"/Date(1701831967000)/",20700,1000,377600,7811000000,100,false,0.49
"GVR",100433,"/Date(1701831884000)/",20650,200,376600,7790000000,50,true,0.24
"GVR",100326,"/Date(1701831818000)/",20650,1800,376400,7786000000,50,true,0.24
"GVR",100307,"/Date(1701831800000)/",20650,200,374600,7749000000,50,true,0.24
"GVR",100307,"/Date(1701831800000)/",20650,5800,374400,7745000000,50,true,0.24
"GVR",100258,"/Date(1701831791000)/",20700,2000,368600,7625000000,100,false,0.49
"GVR",100242,"/Date(1701831772000)/",20700,500,366600,7584000000,100,false,0.49
"GVR",100145,"/Date(1701831710000)/",20650,400,366100,7573000000,50,true,0.24
"GVR",100132,"/Date(1701831705000)/",20650,3800,365700,7565000000,50,true,0.24
"GVR",100132,"/Date(1701831705000)/",20650,3600,361900,7486000000,50,true,0.24
"GVR",95853,"/Date(1701831544000)/",20650,1000,358300,7412000000,50,true,0.24
"GVR",95828,"/Date(1701831519000)/",20650,5000,357300,7391000000,50,true,0.24
"GVR",95750,"/Date(1701831482000)/",20650,300,352300,7288000000,50,true,0.24
"GVR",95750,"/Date(1701831480000)/",20700,700,352000,7282000000,100,false,0.49
"GVR",95630,"/Date(1701831402000)/",20700,900,351300,7268000000,100,false,0.49
"GVR",95630,"/Date(1701831402000)/",20700,100,350400,7249000000,100,false,0.49
"GVR",95627,"/Date(1701831396000)/",20650,500,350300,7247000000,50,true,0.24
"GVR",95511,"/Date(1701831323000)/",20650,1100,349800,7237000000,50,false,0.24
"GVR",95511,"/Date(1701831323000)/",20650,40000,348700,7214000000,50,false,0.24
"GVR",95511,"/Date(1701831323000)/",20650,5500,308700,6388000000,50,false,0.24
"GVR",95511,"/Date(1701831323000)/",20650,1000,303200,6274000000,50,false,0.24
"GVR",95511,"/Date(1701831323000)/",20650,300,302200,6254000000,50,false,0.24
"GVR",95511,"/Date(1701831323000)/",20650,41700,301900,6247000000,50,false,0.24
"GVR",95507,"/Date(1701831317000)/",20650,1500,260200,5386000000,50,false,0.24
"GVR",95455,"/Date(1701831305000)/",20650,200,258700,5355000000,50,false,0.24
"GVR",95442,"/Date(1701831292000)/",20650,2000,258500,5351000000,50,false,0.24
"GVR",95404,"/Date(1701831254000)/",20650,3000,256500,5310000000,50,false,0.24
"GVR",95351,"/Date(1701831243000)/",20650,1000,253500,5248000000,50,false,0.24
"GVR",95332,"/Date(1701831222000)/",20650,100,252500,5227000000,50,false,0.24
"GVR",95316,"/Date(1701831207000)/",20650,100,252400,5225000000,50,false,0.24
"GVR",95303,"/Date(1701831195000)/",20600,300,252300,5223000000,0,true,0
"GVR",95254,"/Date(1701831185000)/",20650,300,252000,5217000000,50,false,0.24
"GVR",95206,"/Date(1701831138000)/",20600,500,251700,5211000000,0,true,0
"GVR",95002,"/Date(1701831013000)/",20600,2700,251200,5200000000,0,true,0
"GVR",95002,"/Date(1701831013000)/",20600,200,248500,5145000000,0,true,0
"GVR",95002,"/Date(1701831013000)/",20600,100,248300,5141000000,0,true,0
"GVR",95002,"/Date(1701831013000)/",20600,2000,248200,5139000000,0,true,0
"GVR",95002,"/Date(1701831013000)/",20600,1000,246200,5097000000,0,true,0
"GVR",94915,"/Date(1701830965000)/",20600,100,245200,5077000000,0,true,0
"GVR",94846,"/Date(1701830935000)/",20650,3000,245100,5075000000,50,false,0.24
"GVR",94649,"/Date(1701830818000)/",20650,2000,242100,5013000000,50,false,0.24
"GVR",94642,"/Date(1701830813000)/",20600,3900,240100,4972000000,0,true,0
"GVR",94642,"/Date(1701830813000)/",20600,100,236200,4891000000,0,true,0
"GVR",94639,"/Date(1701830810000)/",20650,2000,236100,4889000000,50,false,0.24
"GVR",94633,"/Date(1701830803000)/",20600,1000,234100,4848000000,0,true,0
"GVR",94611,"/Date(1701830782000)/",20650,400,233100,4827000000,50,true,0.24
"GVR",94611,"/Date(1701830782000)/",20650,100,232700,4819000000,50,true,0.24
"GVR",94611,"/Date(1701830782000)/",20650,10000,232600,4817000000,50,true,0.24
"GVR",94611,"/Date(1701830782000)/",20650,5000,222600,4610000000,50,true,0.24
"GVR",94611,"/Date(1701830782000)/",20650,3000,217600,4507000000,50,true,0.24
"GVR",94611,"/Date(1701830782000)/",20650,10000,214600,4445000000,50,true,0.24
"GVR",94611,"/Date(1701830782000)/",20650,9400,204600,4239000000,50,true,0.24
"GVR",94611,"/Date(1701830782000)/",20650,2000,195200,4045000000,50,true,0.24
"GVR",94611,"/Date(1701830782000)/",20650,3200,193200,4003000000,50,true,0.24
"GVR",94548,"/Date(1701830757000)/",20650,1000,190000,3937000000,50,true,0.24
"GVR",94526,"/Date(1701830737000)/",20700,300,189000,3917000000,100,false,0.49
"GVR",94507,"/Date(1701830716000)/",20650,800,188700,3910000000,50,true,0.24
"GVR",94507,"/Date(1701830716000)/",20650,4200,187900,3894000000,50,true,0.24
"GVR",94442,"/Date(1701830690000)/",20700,100,183700,3807000000,100,false,0.49
"GVR",94442,"/Date(1701830690000)/",20700,2000,183600,3805000000,100,false,0.49
"GVR",94442,"/Date(1701830690000)/",20700,300,181600,3764000000,100,false,0.49
"GVR",94442,"/Date(1701830690000)/",20700,7600,181300,3757000000,100,false,0.49
"GVR",94436,"/Date(1701830686000)/",20700,300,173700,3600000000,100,false,0.49
"GVR",94057,"/Date(1701830466000)/",20700,2100,173400,3594000000,100,false,0.49
"GVR",94057,"/Date(1701830466000)/",20700,2000,171300,3550000000,100,false,0.49
"GVR",94057,"/Date(1701830466000)/",20700,200,169300,3509000000,100,false,0.49
"GVR",94057,"/Date(1701830466000)/",20700,500,169100,3505000000,100,false,0.49
"GVR",94057,"/Date(1701830466000)/",20700,200,168600,3495000000,100,false,0.49
"GVR",93922,"/Date(1701830372000)/",20700,1800,168400,3490000000,100,false,0.49
"GVR",93922,"/Date(1701830372000)/",20700,2400,166600,3453000000,100,false,0.49
"GVR",93922,"/Date(1701830372000)/",20700,1500,164200,3404000000,100,false,0.49
"GVR",93922,"/Date(1701830372000)/",20700,200,162700,3372000000,100,false,0.49
"GVR",93922,"/Date(1701830372000)/",20700,100,162500,3368000000,100,false,0.49
"GVR",93922,"/Date(1701830372000)/",20700,4000,162400,3366000000,100,false,0.49
"GVR",93903,"/Date(1701830351000)/",20650,200,158400,3283000000,50,true,0.24
"GVR",93850,"/Date(1701830339000)/",20650,500,158200,3279000000,50,true,0.24
"GVR",93815,"/Date(1701830305000)/",20650,500,157700,3269000000,50,true,0.24
"GVR",93724,"/Date(1701830253000)/",20650,4600,157200,3259000000,50,true,0.24
"GVR",93724,"/Date(1701830253000)/",20650,400,152600,3164000000,50,true,0.24
"GVR",93705,"/Date(1701830235000)/",20700,1500,152200,3155000000,100,false,0.49
"GVR",93705,"/Date(1701830235000)/",20700,300,150700,3124000000,100,false,0.49
"GVR",93705,"/Date(1701830235000)/",20700,100,150400,3118000000,100,false,0.49
"GVR",93655,"/Date(1701830225000)/",20650,100,150300,3116000000,50,true,0.24
"GVR",93655,"/Date(1701830224000)/",20650,300,150200,3114000000,50,true,0.24
"GVR",93539,"/Date(1701830148000)/",20700,100,149900,3108000000,100,false,0.49
"GVR",93539,"/Date(1701830148000)/",20700,100,149800,3106000000,100,false,0.49
"GVR",93420,"/Date(1701830069000)/",20700,4000,149700,3104000000,100,true,0.49
"GVR",93401,"/Date(1701830051000)/",20700,100,145700,3021000000,100,true,0.49
"GVR",93401,"/Date(1701830049000)/",20700,5900,145600,3019000000,100,true,0.49
"GVR",93401,"/Date(1701830049000)/",20700,500,139700,2897000000,100,true,0.49
"GVR",93401,"/Date(1701830049000)/",20700,2900,139200,2886000000,100,true,0.49
"GVR",93401,"/Date(1701830049000)/",20700,700,136300,2826000000,100,true,0.49
"GVR",93245,"/Date(1701829975000)/",20700,500,135600,2812000000,100,true,0.49
"GVR",93242,"/Date(1701829972000)/",20750,100,135100,2801000000,150,false,0.73
"GVR",93239,"/Date(1701829967000)/",20700,100,135000,2799000000,100,true,0.49
"GVR",93232,"/Date(1701829961000)/",20700,1000,134900,2797000000,100,true,0.49
"GVR",93232,"/Date(1701829961000)/",20700,1000,133900,2777000000,100,true,0.49
"GVR",93232,"/Date(1701829961000)/",20700,500,132900,2756000000,100,true,0.49
"GVR",93232,"/Date(1701829961000)/",20700,1400,132400,2746000000,100,true,0.49
"GVR",93223,"/Date(1701829952000)/",20700,400,131000,2717000000,100,true,0.49
"GVR",93132,"/Date(1701829901000)/",20750,1000,130600,2708000000,150,false,0.73
"GVR",93101,"/Date(1701829870000)/",20750,200,129600,2688000000,150,false,0.73
"GVR",93101,"/Date(1701829870000)/",20750,100,129400,2683000000,150,false,0.73
"GVR",93022,"/Date(1701829830000)/",20700,200,129300,2681000000,100,true,0.49
"GVR",93010,"/Date(1701829820000)/",20700,300,129100,2677000000,100,true,0.49
"GVR",93007,"/Date(1701829814000)/",20700,2700,128800,2671000000,100,true,0.49
"GVR",93007,"/Date(1701829814000)/",20700,500,126100,2615000000,100,true,0.49
"GVR",93007,"/Date(1701829814000)/",20700,1000,125600,2605000000,100,true,0.49
"GVR",93007,"/Date(1701829814000)/",20700,1000,124600,2584000000,100,true,0.49
"GVR",93007,"/Date(1701829814000)/",20700,200,123600,2563000000,100,true,0.49
"GVR",93007,"/Date(1701829814000)/",20700,2000,123400,2559000000,100,true,0.49
"GVR",93007,"/Date(1701829814000)/",20700,200,121400,2518000000,100,true,0.49
"GVR",93007,"/Date(1701829814000)/",20700,10000,121200,2514000000,100,true,0.49
"GVR",93007,"/Date(1701829814000)/",20700,100,111200,2307000000,100,true,0.49
"GVR",93007,"/Date(1701829814000)/",20700,1800,111100,2305000000,100,true,0.49
"GVR",93000,"/Date(1701829809000)/",20700,600,109300,2267000000,100,true,0.49
"GVR",92922,"/Date(1701829772000)/",20700,1000,108700,2255000000,100,true,0.49
"GVR",92847,"/Date(1701829737000)/",20750,200,107700,2234000000,150,false,0.73
"GVR",92847,"/Date(1701829737000)/",20750,300,107500,2230000000,150,false,0.73
"GVR",92847,"/Date(1701829737000)/",20750,4500,107200,2224000000,150,false,0.73
"GVR",92816,"/Date(1701829703000)/",20700,100,102700,2130000000,100,true,0.49
"GVR",92809,"/Date(1701829697000)/",20700,100,102600,2128000000,100,true,0.49
"GVR",92809,"/Date(1701829697000)/",20700,1200,102500,2126000000,100,true,0.49
"GVR",92744,"/Date(1701829674000)/",20750,200,101300,2101000000,150,false,0.73
"GVR",92738,"/Date(1701829665000)/",20750,4000,101100,2097000000,150,false,0.73
"GVR",92728,"/Date(1701829656000)/",20750,5000,97100,2014000000,150,false,0.73
"GVR",92638,"/Date(1701829607000)/",20750,600,92100,1911000000,150,false,0.73
"GVR",92625,"/Date(1701829592000)/",20750,5000,91500,1898000000,150,false,0.73
"GVR",92622,"/Date(1701829590000)/",20750,700,86500,1794000000,150,false,0.73
"GVR",92622,"/Date(1701829590000)/",20750,200,85800,1780000000,150,false,0.73
"GVR",92622,"/Date(1701829590000)/",20750,100,85600,1776000000,150,false,0.73
"GVR",92622,"/Date(1701829590000)/",20750,200,85500,1774000000,150,false,0.73
"GVR",92622,"/Date(1701829590000)/",20750,800,85300,1769000000,150,false,0.73
"GVR",92609,"/Date(1701829576000)/",20750,200,84500,1753000000,150,false,0.73
"GVR",92509,"/Date(1701829516000)/",20750,400,84300,1749000000,150,true,0.73
"GVR",92503,"/Date(1701829511000)/",20750,100,83900,1740000000,150,false,0.73
"GVR",92503,"/Date(1701829511000)/",20750,1000,83800,1738000000,150,false,0.73
"GVR",92431,"/Date(1701829480000)/",20750,400,82800,1718000000,150,false,0.73
"GVR",92431,"/Date(1701829480000)/",20750,400,82400,1709000000,150,false,0.73
"GVR",92409,"/Date(1701829457000)/",20750,200,82000,1701000000,150,true,0.73
"GVR",92406,"/Date(1701829453000)/",20750,1400,81800,1697000000,150,true,0.73
"GVR",92406,"/Date(1701829453000)/",20750,300,80400,1668000000,150,true,0.73
"GVR",92406,"/Date(1701829453000)/",20750,2000,80100,1662000000,150,true,0.73
"GVR",92406,"/Date(1701829453000)/",20750,300,78100,1620000000,150,true,0.73
"GVR",92353,"/Date(1701829440000)/",20750,100,77800,1614000000,150,true,0.73
"GVR",92344,"/Date(1701829432000)/",20750,500,77700,1612000000,150,true,0.73
"GVR",92318,"/Date(1701829407000)/",20750,800,77200,1601000000,150,true,0.73
"GVR",92318,"/Date(1701829407000)/",20750,400,76400,1585000000,150,true,0.73
"GVR",92318,"/Date(1701829407000)/",20750,300,76000,1577000000,150,true,0.73
"GVR",92318,"/Date(1701829407000)/",20750,5000,75700,1570000000,150,true,0.73
"GVR",92318,"/Date(1701829407000)/",20750,3400,70700,1467000000,150,true,0.73
"GVR",92318,"/Date(1701829407000)/",20750,100,67300,1396000000,150,true,0.73
"GVR",92312,"/Date(1701829401000)/",20750,700,67200,1394000000,150,true,0.73
"GVR",92306,"/Date(1701829395000)/",20750,600,66500,1379000000,150,true,0.73
"GVR",92253,"/Date(1701829380000)/",20750,1000,65900,1367000000,150,true,0.73
"GVR",92244,"/Date(1701829372000)/",20750,900,64900,1346000000,150,true,0.73
"GVR",92206,"/Date(1701829333000)/",20750,1000,64000,1328000000,150,true,0.73
"GVR",92141,"/Date(1701829308000)/",20750,100,63000,1307000000,150,true,0.73
"GVR",92050,"/Date(1701829258000)/",20750,400,62900,1305000000,150,true,0.73
"GVR",92050,"/Date(1701829257000)/",20800,500,62500,1296000000,200,true,0.97
"GVR",92050,"/Date(1701829257000)/",20800,500,62000,1286000000,200,true,0.97
"GVR",91956,"/Date(1701829203000)/",20750,2700,61500,1276000000,150,true,0.73
"GVR",91956,"/Date(1701829203000)/",20800,500,58800,1220000000,200,true,0.97
"GVR",91956,"/Date(1701829203000)/",20800,1000,58300,1209000000,200,true,0.97
"GVR",91956,"/Date(1701829203000)/",20800,200,57300,1188000000,200,true,0.97
"GVR",91956,"/Date(1701829203000)/",20800,600,57100,1184000000,200,true,0.97
"GVR",91925,"/Date(1701829173000)/",20800,200,56500,1172000000,200,true,0.97
"GVR",91919,"/Date(1701829166000)/",20800,200,56300,1168000000,200,true,0.97
"GVR",91919,"/Date(1701829166000)/",20800,1000,56100,1163000000,200,true,0.97
"GVR",91919,"/Date(1701829166000)/",20800,500,55100,1143000000,200,true,0.97
