"Stockcode","Package","TradingDate","Price","Vol","TotalVol","TotalVal","Change","IsBuy","PerChange"
"KDH",144427,"/Date(1701848701000)/",32050,155400,3062500,98236000000,-50,false,-0.16
"KDH",142911,"/Date(1701847788000)/",32100,500,2907100,93255000000,0,true,0
"KDH",142911,"/Date(1701847788000)/",32100,1000,2906600,93239000000,0,true,0
"KDH",142911,"/Date(1701847788000)/",32100,1000,2905600,93207000000,0,true,0
"KDH",142911,"/Date(1701847788000)/",32100,1100,2904600,93175000000,0,true,0
"KDH",142908,"/Date(1701847783000)/",32100,2000,2903500,93140000000,0,true,0
"KDH",142901,"/Date(1701847777000)/",32100,1900,2901500,93076000000,0,true,0
"KDH",142901,"/Date(1701847777000)/",32100,1000,2899600,93015000000,0,true,0
"KDH",142901,"/Date(1701847777000)/",32100,100,2898600,92983000000,0,true,0
"KDH",142858,"/Date(1701847774000)/",32150,5000,2898500,92979000000,50,false,0.16
"KDH",142845,"/Date(1701847760000)/",32150,100,2893500,92819000000,50,false,0.16
"KDH",142836,"/Date(1701847752000)/",32150,2000,2893400,92815000000,50,false,0.16
"KDH",142836,"/Date(1701847752000)/",32100,400,2891400,92751000000,0,true,0
"KDH",142836,"/Date(1701847752000)/",32100,200,2891000,92738000000,0,true,0
"KDH",142836,"/Date(1701847752000)/",32100,400,2890800,92732000000,0,true,0
"KDH",142826,"/Date(1701847741000)/",32100,100,2890400,92719000000,0,true,0
"KDH",142826,"/Date(1701847740000)/",32100,100,2890300,92716000000,0,true,0
"KDH",142823,"/Date(1701847739000)/",32100,900,2890200,92713000000,0,true,0
"KDH",142820,"/Date(1701847737000)/",32150,300,2889300,92684000000,50,false,0.16
"KDH",142820,"/Date(1701847735000)/",32150,500,2889000,92674000000,50,false,0.16
"KDH",142820,"/Date(1701847735000)/",32150,100,2888500,92658000000,50,false,0.16
"KDH",142810,"/Date(1701847727000)/",32150,5000,2888400,92655000000,50,true,0.16
"KDH",142810,"/Date(1701847726000)/",32150,100,2883400,92494000000,50,true,0.16
"KDH",142807,"/Date(1701847723000)/",32150,900,2883300,92491000000,50,true,0.16
"KDH",142807,"/Date(1701847723000)/",32150,2900,2882400,92462000000,50,true,0.16
"KDH",142800,"/Date(1701847718000)/",32100,2000,2879500,92369000000,0,true,0
"KDH",142800,"/Date(1701847718000)/",32100,5000,2877500,92304000000,0,true,0
"KDH",142800,"/Date(1701847718000)/",32100,100,2872500,92144000000,0,true,0
"KDH",142800,"/Date(1701847718000)/",32100,27900,2872400,92141000000,0,true,0
"KDH",142800,"/Date(1701847717000)/",32100,200,2844500,91245000000,0,true,0
"KDH",142800,"/Date(1701847715000)/",32150,500,2844300,91239000000,50,false,0.16
"KDH",142757,"/Date(1701847712000)/",32150,600,2843800,91223000000,50,false,0.16
"KDH",142757,"/Date(1701847712000)/",32150,7400,2843200,91203000000,50,false,0.16
"KDH",142748,"/Date(1701847704000)/",32150,2100,2835800,90965000000,50,false,0.16
"KDH",142744,"/Date(1701847699000)/",32100,900,2833700,90898000000,0,true,0
"KDH",142735,"/Date(1701847689000)/",32100,3600,2832800,90869000000,0,true,0
"KDH",142728,"/Date(1701847686000)/",32100,500,2829200,90753000000,0,true,0
"KDH",142725,"/Date(1701847681000)/",32100,100,2828700,90737000000,0,true,0
"KDH",142725,"/Date(1701847680000)/",32150,200,2828600,90734000000,50,false,0.16
"KDH",142716,"/Date(1701847670000)/",32150,300,2828400,90728000000,50,false,0.16
"KDH",142716,"/Date(1701847670000)/",32150,100,2828100,90718000000,50,false,0.16
"KDH",142713,"/Date(1701847669000)/",32150,3500,2828000,90715000000,50,false,0.16
"KDH",142713,"/Date(1701847669000)/",32150,200,2824500,90602000000,50,false,0.16
"KDH",142713,"/Date(1701847669000)/",32150,10000,2824300,90596000000,50,false,0.16
"KDH",142713,"/Date(1701847669000)/",32150,10000,2814300,90274000000,50,false,0.16
"KDH",142713,"/Date(1701847669000)/",32150,200,2804300,89953000000,50,false,0.16
"KDH",142713,"/Date(1701847669000)/",32150,100,2804100,89946000000,50,false,0.16
"KDH",142713,"/Date(1701847669000)/",32150,2000,2804000,89943000000,50,false,0.16
"KDH",142713,"/Date(1701847669000)/",32150,10000,2802000,89879000000,50,false,0.16
"KDH",142713,"/Date(1701847669000)/",32150,10000,2792000,89557000000,50,false,0.16
"KDH",142713,"/Date(1701847669000)/",32150,1000,2782000,89236000000,50,false,0.16
"KDH",142713,"/Date(1701847669000)/",32150,500,2781000,89204000000,50,false,0.16
"KDH",142713,"/Date(1701847669000)/",32150,500,2780500,89188000000,50,false,0.16
"KDH",142713,"/Date(1701847669000)/",32150,2000,2780000,89172000000,50,false,0.16
"KDH",142706,"/Date(1701847663000)/",32100,3800,2778000,89107000000,0,true,0
"KDH",142706,"/Date(1701847663000)/",32100,1200,2774200,88985000000,0,true,0
"KDH",142700,"/Date(1701847655000)/",32100,1000,2773000,88947000000,0,true,0
"KDH",142650,"/Date(1701847645000)/",32100,100,2772000,88915000000,0,true,0
"KDH",142650,"/Date(1701847644000)/",32150,2600,2771900,88912000000,50,false,0.16
"KDH",142644,"/Date(1701847640000)/",32150,500,2769300,88828000000,50,false,0.16
"KDH",142644,"/Date(1701847638000)/",32150,100,2768800,88812000000,50,false,0.16
"KDH",142631,"/Date(1701847627000)/",32150,100,2768700,88809000000,50,false,0.16
"KDH",142628,"/Date(1701847624000)/",32100,1500,2768600,88805000000,0,true,0
"KDH",142625,"/Date(1701847619000)/",32100,300,2767100,88757000000,0,true,0
"KDH",142618,"/Date(1701847615000)/",32100,900,2766800,88748000000,0,true,0
"KDH",142615,"/Date(1701847610000)/",32100,3600,2765900,88719000000,0,false,0
"KDH",142615,"/Date(1701847610000)/",32100,6400,2762300,88603000000,0,false,0
"KDH",142612,"/Date(1701847608000)/",32100,200,2755900,88398000000,0,false,0
"KDH",142612,"/Date(1701847607000)/",32100,2000,2755700,88391000000,0,false,0
"KDH",142612,"/Date(1701847606000)/",32100,100,2753700,88327000000,0,false,0
"KDH",142609,"/Date(1701847604000)/",32100,11300,2753600,88324000000,0,false,0
"KDH",142609,"/Date(1701847604000)/",32100,700,2742300,87961000000,0,false,0
"KDH",142605,"/Date(1701847601000)/",32050,100,2741600,87939000000,-50,true,-0.16
"KDH",142605,"/Date(1701847601000)/",32100,100,2741500,87936000000,0,false,0
"KDH",142602,"/Date(1701847599000)/",32100,100,2741400,87932000000,0,false,0
"KDH",142602,"/Date(1701847599000)/",32100,900,2741300,87929000000,0,false,0
"KDH",142602,"/Date(1701847598000)/",32100,100,2740400,87900000000,0,false,0
"KDH",142602,"/Date(1701847598000)/",32100,3000,2740300,87897000000,0,false,0
"KDH",142602,"/Date(1701847598000)/",32100,1900,2737300,87801000000,0,false,0
"KDH",142559,"/Date(1701847593000)/",32100,3400,2735400,87740000000,0,false,0
"KDH",142559,"/Date(1701847593000)/",32100,200,2732000,87631000000,0,false,0
"KDH",142559,"/Date(1701847593000)/",32100,7000,2731800,87624000000,0,false,0
"KDH",142559,"/Date(1701847593000)/",32100,100,2724800,87400000000,0,false,0
"KDH",142559,"/Date(1701847593000)/",32100,500,2724700,87396000000,0,false,0
"KDH",142559,"/Date(1701847593000)/",32100,1800,2724200,87380000000,0,false,0
"KDH",142553,"/Date(1701847589000)/",32050,200,2722400,87322000000,-50,true,-0.16
"KDH",142553,"/Date(1701847588000)/",32100,200,2722200,87316000000,0,false,0
"KDH",142543,"/Date(1701847579000)/",32100,2900,2722000,87310000000,0,false,0
"KDH",142543,"/Date(1701847578000)/",32100,1500,2719100,87217000000,0,false,0
"KDH",142540,"/Date(1701847574000)/",32100,100,2717600,87168000000,0,false,0
"KDH",142540,"/Date(1701847574000)/",32050,900,2717500,87165000000,-50,true,-0.16
"KDH",142530,"/Date(1701847564000)/",32100,1000,2716600,87136000000,0,false,0
"KDH",142524,"/Date(1701847559000)/",32100,5000,2715600,87104000000,0,false,0
"KDH",142521,"/Date(1701847557000)/",32100,1500,2710600,86944000000,0,false,0
"KDH",142514,"/Date(1701847550000)/",32050,100,2709100,86896000000,-50,true,-0.16
"KDH",142508,"/Date(1701847543000)/",32100,1000,2709000,86892000000,0,false,0
"KDH",142502,"/Date(1701847536000)/",32100,1500,2708000,86860000000,0,false,0
"KDH",142458,"/Date(1701847533000)/",32050,100,2706500,86812000000,-50,true,-0.16
"KDH",142458,"/Date(1701847533000)/",32050,500,2706400,86809000000,-50,true,-0.16
"KDH",142458,"/Date(1701847533000)/",32050,200,2705900,86793000000,-50,true,-0.16
"KDH",142458,"/Date(1701847533000)/",32050,100,2705700,86786000000,-50,true,-0.16
"KDH",142452,"/Date(1701847526000)/",32050,500,2705600,86783000000,-50,true,-0.16
"KDH",142449,"/Date(1701847525000)/",32100,200,2705100,86767000000,0,false,0
"KDH",142449,"/Date(1701847525000)/",32100,200,2704900,86761000000,0,false,0
"KDH",142446,"/Date(1701847521000)/",32100,200,2704700,86754000000,0,false,0
"KDH",142446,"/Date(1701847521000)/",32100,800,2704500,86748000000,0,false,0
"KDH",142446,"/Date(1701847520000)/",32050,4000,2703700,86722000000,-50,true,-0.16
"KDH",142442,"/Date(1701847517000)/",32100,1000,2699700,86594000000,0,false,0
"KDH",142433,"/Date(1701847509000)/",32050,100,2698700,86562000000,-50,true,-0.16
"KDH",142433,"/Date(1701847509000)/",32100,1100,2698600,86559000000,0,false,0
"KDH",142433,"/Date(1701847509000)/",32100,500,2697500,86524000000,0,false,0
"KDH",142433,"/Date(1701847509000)/",32100,3400,2697000,86507000000,0,false,0
"KDH",142433,"/Date(1701847509000)/",32100,1000,2693600,86398000000,0,false,0
"KDH",142426,"/Date(1701847501000)/",32050,300,2692600,86366000000,-50,true,-0.16
"KDH",142426,"/Date(1701847501000)/",32050,600,2692300,86357000000,-50,true,-0.16
"KDH",142426,"/Date(1701847500000)/",32100,100,2691700,86337000000,0,false,0
"KDH",142426,"/Date(1701847500000)/",32100,500,2691600,86334000000,0,false,0
"KDH",142426,"/Date(1701847500000)/",32100,1000,2691100,86318000000,0,false,0
"KDH",142426,"/Date(1701847500000)/",32100,300,2690100,86286000000,0,false,0
"KDH",142423,"/Date(1701847498000)/",32050,300,2689800,86276000000,-50,true,-0.16
"KDH",142417,"/Date(1701847492000)/",32050,600,2689500,86267000000,-50,true,-0.16
"KDH",142417,"/Date(1701847492000)/",32050,100,2688900,86248000000,-50,true,-0.16
"KDH",142417,"/Date(1701847492000)/",32050,100,2688800,86244000000,-50,true,-0.16
"KDH",142417,"/Date(1701847492000)/",32050,100,2688700,86241000000,-50,true,-0.16
"KDH",142417,"/Date(1701847491000)/",32100,3000,2688600,86238000000,0,false,0
"KDH",142358,"/Date(1701847473000)/",32050,100,2685600,86142000000,-50,true,-0.16
"KDH",142358,"/Date(1701847473000)/",32050,400,2685500,86138000000,-50,true,-0.16
"KDH",142358,"/Date(1701847473000)/",32050,500,2685100,86126000000,-50,true,-0.16
"KDH",142358,"/Date(1701847472000)/",32050,400,2684600,86110000000,-50,true,-0.16
"KDH",142355,"/Date(1701847468000)/",32050,100,2684200,86097000000,-50,true,-0.16
"KDH",142355,"/Date(1701847468000)/",32100,100,2684100,86094000000,0,false,0
"KDH",142342,"/Date(1701847459000)/",32050,12000,2684000,86090000000,-50,true,-0.16
"KDH",142335,"/Date(1701847451000)/",32050,900,2672000,85706000000,-50,true,-0.16
"KDH",142335,"/Date(1701847450000)/",32050,1600,2671100,85677000000,-50,true,-0.16
"KDH",142335,"/Date(1701847450000)/",32050,3000,2669500,85626000000,-50,true,-0.16
"KDH",142335,"/Date(1701847450000)/",32050,200,2666500,85529000000,-50,true,-0.16
"KDH",142335,"/Date(1701847450000)/",32050,5000,2666300,85523000000,-50,true,-0.16
"KDH",142335,"/Date(1701847450000)/",32050,5000,2661300,85363000000,-50,true,-0.16
"KDH",142332,"/Date(1701847448000)/",32100,100,2656300,85203000000,0,false,0
"KDH",142323,"/Date(1701847437000)/",32100,200,2656200,85199000000,0,false,0
"KDH",142313,"/Date(1701847429000)/",32100,1000,2656000,85193000000,0,false,0
"KDH",142304,"/Date(1701847419000)/",32050,14800,2655000,85161000000,-50,true,-0.16
"KDH",142304,"/Date(1701847418000)/",32050,2000,2640200,84686000000,-50,true,-0.16
"KDH",142300,"/Date(1701847415000)/",32100,200,2638200,84622000000,0,false,0
"KDH",142254,"/Date(1701847410000)/",32050,1000,2638000,84616000000,-50,true,-0.16
"KDH",142254,"/Date(1701847408000)/",32050,200,2637000,84584000000,-50,true,-0.16
"KDH",142251,"/Date(1701847407000)/",32100,3000,2636800,84578000000,0,false,0
"KDH",142238,"/Date(1701847393000)/",32100,1900,2633800,84481000000,0,false,0
"KDH",142238,"/Date(1701847388000)/",32000,5700,2631900,84420000000,-100,true,-0.31
"KDH",142238,"/Date(1701847388000)/",32050,2600,2626200,84238000000,-50,true,-0.16
"KDH",142238,"/Date(1701847388000)/",32050,3000,2623600,84154000000,-50,true,-0.16
"KDH",142238,"/Date(1701847388000)/",32050,500,2620600,84058000000,-50,true,-0.16
"KDH",142238,"/Date(1701847388000)/",32050,2000,2620100,84042000000,-50,true,-0.16
"KDH",142238,"/Date(1701847388000)/",32050,1000,2618100,83978000000,-50,true,-0.16
"KDH",142228,"/Date(1701847385000)/",32050,100,2617100,83946000000,-50,true,-0.16
"KDH",142228,"/Date(1701847382000)/",32050,2900,2617000,83943000000,-50,true,-0.16
"KDH",142228,"/Date(1701847382000)/",32050,200,2614100,83850000000,-50,true,-0.16
"KDH",142228,"/Date(1701847382000)/",32050,1000,2613900,83844000000,-50,true,-0.16
"KDH",142228,"/Date(1701847382000)/",32050,900,2612900,83812000000,-50,true,-0.16
"KDH",142225,"/Date(1701847379000)/",32050,1200,2612000,83783000000,-50,true,-0.16
"KDH",142212,"/Date(1701847368000)/",32050,900,2610800,83744000000,-50,true,-0.16
"KDH",142206,"/Date(1701847362000)/",32100,100,2609900,83715000000,0,false,0
"KDH",142203,"/Date(1701847358000)/",32000,4800,2609800,83712000000,-100,true,-0.31
"KDH",142203,"/Date(1701847358000)/",32050,10000,2605000,83559000000,-50,false,-0.16
"KDH",142150,"/Date(1701847344000)/",32000,100,2595000,83238000000,-100,true,-0.31
"KDH",142131,"/Date(1701847327000)/",32000,900,2594900,83235000000,-100,true,-0.31
"KDH",142131,"/Date(1701847326000)/",32000,4400,2594000,83206000000,-100,true,-0.31
"KDH",142131,"/Date(1701847326000)/",32050,10000,2589600,83065000000,-50,true,-0.16
"KDH",142131,"/Date(1701847326000)/",32050,400,2579600,82745000000,-50,true,-0.16
"KDH",142121,"/Date(1701847318000)/",32050,100,2579200,82732000000,-50,true,-0.16
"KDH",142121,"/Date(1701847317000)/",32050,200,2579100,82729000000,-50,true,-0.16
"KDH",142115,"/Date(1701847309000)/",32100,100,2578900,82722000000,0,false,0
"KDH",142105,"/Date(1701847301000)/",32000,100,2578800,82719000000,-100,true,-0.31
"KDH",142102,"/Date(1701847296000)/",32000,12600,2578700,82716000000,-100,true,-0.31
"KDH",142102,"/Date(1701847296000)/",32050,1500,2566100,82313000000,-50,true,-0.16
"KDH",142102,"/Date(1701847296000)/",32050,600,2564600,82265000000,-50,true,-0.16
"KDH",142059,"/Date(1701847294000)/",32050,400,2564000,82245000000,-50,true,-0.16
"KDH",142053,"/Date(1701847287000)/",32100,1100,2563600,82233000000,0,false,0
"KDH",142053,"/Date(1701847286000)/",32050,500,2562500,82197000000,-50,true,-0.16
"KDH",142053,"/Date(1701847286000)/",32050,600,2562000,82181000000,-50,true,-0.16
"KDH",142053,"/Date(1701847286000)/",32050,200,2561400,82162000000,-50,true,-0.16
"KDH",142053,"/Date(1701847286000)/",32050,100,2561200,82156000000,-50,true,-0.16
"KDH",142053,"/Date(1701847286000)/",32050,100,2561100,82152000000,-50,true,-0.16
"KDH",142043,"/Date(1701847280000)/",32000,13300,2561000,82149000000,-100,false,-0.31
"KDH",142040,"/Date(1701847276000)/",32000,1400,2547700,81724000000,-100,false,-0.31
"KDH",142040,"/Date(1701847276000)/",32000,100,2546300,81679000000,-100,false,-0.31
"KDH",142034,"/Date(1701847270000)/",32000,1000,2546200,81676000000,-100,false,-0.31
"KDH",142030,"/Date(1701847265000)/",32000,100,2545200,81644000000,-100,false,-0.31
"KDH",142030,"/Date(1701847264000)/",32000,3100,2545100,81640000000,-100,false,-0.31
"KDH",142030,"/Date(1701847264000)/",32000,1200,2542000,81541000000,-100,false,-0.31
"KDH",142030,"/Date(1701847264000)/",32000,1200,2540800,81503000000,-100,false,-0.31
"KDH",142030,"/Date(1701847264000)/",32000,4500,2539600,81464000000,-100,false,-0.31
"KDH",142027,"/Date(1701847262000)/",32000,200,2535100,81320000000,-100,false,-0.31
"KDH",142024,"/Date(1701847258000)/",31950,100,2534900,81314000000,-150,true,-0.47
"KDH",142024,"/Date(1701847258000)/",32000,1400,2534800,81311000000,-100,false,-0.31
"KDH",142021,"/Date(1701847256000)/",32000,200,2533400,81266000000,-100,false,-0.31
"KDH",142018,"/Date(1701847253000)/",32000,100,2533200,81260000000,-100,false,-0.31
"KDH",142018,"/Date(1701847253000)/",32000,300,2533100,81256000000,-100,false,-0.31
"KDH",142014,"/Date(1701847248000)/",32000,200,2532800,81247000000,-100,false,-0.31
"KDH",142014,"/Date(1701847248000)/",32000,100,2532600,81240000000,-100,false,-0.31
"KDH",142014,"/Date(1701847248000)/",32000,100,2532500,81237000000,-100,false,-0.31
"KDH",142014,"/Date(1701847248000)/",32000,4600,2532400,81234000000,-100,false,-0.31
"KDH",142005,"/Date(1701847241000)/",32000,2000,2527800,81087000000,-100,false,-0.31
"KDH",142005,"/Date(1701847240000)/",31950,900,2525800,81023000000,-150,true,-0.47
"KDH",141955,"/Date(1701847230000)/",32000,1000,2524900,80994000000,-100,false,-0.31
"KDH",141952,"/Date(1701847226000)/",31950,300,2523900,80962000000,-150,true,-0.47
"KDH",141939,"/Date(1701847215000)/",31950,100,2523600,80952000000,-150,true,-0.47
"KDH",141936,"/Date(1701847211000)/",31950,1300,2523500,80949000000,-150,true,-0.47
"KDH",141936,"/Date(1701847211000)/",31950,900,2522200,80908000000,-150,true,-0.47
"KDH",141936,"/Date(1701847211000)/",31950,500,2521300,80879000000,-150,true,-0.47
"KDH",141936,"/Date(1701847211000)/",31950,1400,2520800,80863000000,-150,true,-0.47
"KDH",141936,"/Date(1701847211000)/",31950,400,2519400,80818000000,-150,true,-0.47
"KDH",141936,"/Date(1701847211000)/",31950,200,2519000,80806000000,-150,true,-0.47
"KDH",141936,"/Date(1701847211000)/",31950,200,2518800,80799000000,-150,true,-0.47
"KDH",141936,"/Date(1701847211000)/",31950,600,2518600,80793000000,-150,true,-0.47
"KDH",141930,"/Date(1701847203000)/",32000,100,2518000,80774000000,-100,false,-0.31
"KDH",141926,"/Date(1701847200000)/",31950,1200,2517900,80770000000,-150,true,-0.47
"KDH",141923,"/Date(1701847197000)/",31950,1000,2516700,80732000000,-150,true,-0.47
"KDH",141904,"/Date(1701847179000)/",32000,900,2515700,80700000000,-100,false,-0.31
"KDH",141845,"/Date(1701847160000)/",31950,1200,2514800,80671000000,-150,true,-0.47
"KDH",141839,"/Date(1701847153000)/",31950,1000,2513600,80633000000,-150,true,-0.47
"KDH",141835,"/Date(1701847150000)/",32000,200,2512600,80601000000,-100,false,-0.31
"KDH",141819,"/Date(1701847135000)/",31950,200,2512400,80595000000,-150,true,-0.47
"KDH",141816,"/Date(1701847131000)/",31950,100,2512200,80588000000,-150,true,-0.47
"KDH",141810,"/Date(1701847124000)/",31950,100,2512100,80585000000,-150,true,-0.47
"KDH",141807,"/Date(1701847120000)/",31950,1200,2512000,80582000000,-150,true,-0.47
"KDH",141754,"/Date(1701847110000)/",31950,900,2510800,80543000000,-150,true,-0.47
"KDH",141741,"/Date(1701847097000)/",32000,100,2509900,80515000000,-100,false,-0.31
"KDH",141735,"/Date(1701847090000)/",31950,100,2509800,80512000000,-150,true,-0.47
"KDH",141719,"/Date(1701847075000)/",32000,200,2509700,80508000000,-100,false,-0.31
"KDH",141719,"/Date(1701847072000)/",32000,1800,2509500,80502000000,-100,false,-0.31
"KDH",141712,"/Date(1701847066000)/",31950,1000,2507700,80444000000,-150,true,-0.47
"KDH",141706,"/Date(1701847060000)/",31950,100,2506700,80412000000,-150,true,-0.47
"KDH",141653,"/Date(1701847047000)/",31950,100,2506600,80409000000,-150,true,-0.47
"KDH",141650,"/Date(1701847044000)/",32000,200,2506500,80406000000,-100,false,-0.31
"KDH",141650,"/Date(1701847044000)/",31950,300,2506300,80400000000,-150,true,-0.47
"KDH",141647,"/Date(1701847040000)/",31950,900,2506000,80390000000,-150,true,-0.47
"KDH",141647,"/Date(1701847040000)/",31950,300,2505100,80361000000,-150,true,-0.47
"KDH",141631,"/Date(1701847024000)/",31950,700,2504800,80352000000,-150,true,-0.47
"KDH",141631,"/Date(1701847024000)/",31950,200,2504100,80329000000,-150,true,-0.47
"KDH",141621,"/Date(1701847016000)/",32000,500,2503900,80323000000,-100,false,-0.31
"KDH",141618,"/Date(1701847012000)/",31950,500,2503400,80307000000,-150,true,-0.47
"KDH",141618,"/Date(1701847012000)/",31950,1000,2502900,80291000000,-150,true,-0.47
"KDH",141612,"/Date(1701847007000)/",32000,100,2501900,80259000000,-100,false,-0.31
"KDH",141612,"/Date(1701847006000)/",31950,100,2501800,80256000000,-150,true,-0.47
"KDH",141609,"/Date(1701847004000)/",31950,800,2501700,80253000000,-150,true,-0.47
"KDH",141609,"/Date(1701847004000)/",31950,300,2500900,80227000000,-150,true,-0.47
"KDH",141609,"/Date(1701847004000)/",31950,100,2500600,80217000000,-150,true,-0.47
"KDH",141609,"/Date(1701847004000)/",31950,900,2500500,80214000000,-150,true,-0.47
"KDH",141609,"/Date(1701847004000)/",31950,3900,2499600,80185000000,-150,true,-0.47
"KDH",141556,"/Date(1701846991000)/",32000,100,2495700,80061000000,-100,false,-0.31
"KDH",141546,"/Date(1701846981000)/",31950,1000,2495600,80058000000,-150,true,-0.47
"KDH",141527,"/Date(1701846961000)/",31950,1200,2494600,80026000000,-150,true,-0.47
"KDH",141521,"/Date(1701846954000)/",31950,300,2493400,79987000000,-150,true,-0.47
"KDH",141514,"/Date(1701846948000)/",32000,500,2493100,79978000000,-100,false,-0.31
"KDH",141505,"/Date(1701846939000)/",31950,900,2492600,79962000000,-150,true,-0.47
"KDH",141505,"/Date(1701846938000)/",32000,200,2491700,79933000000,-100,false,-0.31
"KDH",141446,"/Date(1701846921000)/",31950,100,2491500,79927000000,-150,true,-0.47
"KDH",141446,"/Date(1701846921000)/",31950,1200,2491400,79923000000,-150,true,-0.47
"KDH",141426,"/Date(1701846901000)/",31950,1400,2490200,79885000000,-150,true,-0.47
"KDH",141426,"/Date(1701846901000)/",31950,1000,2488800,79840000000,-150,true,-0.47
"KDH",141426,"/Date(1701846901000)/",31950,100,2487800,79808000000,-150,true,-0.47
"KDH",141426,"/Date(1701846901000)/",31950,1200,2487700,79805000000,-150,true,-0.47
"KDH",141426,"/Date(1701846900000)/",31950,200,2486500,79767000000,-150,true,-0.47
"KDH",141423,"/Date(1701846898000)/",31950,100,2486300,79761000000,-150,true,-0.47
"KDH",141423,"/Date(1701846898000)/",31950,100,2486200,79757000000,-150,true,-0.47
"KDH",141423,"/Date(1701846898000)/",31950,200,2486100,79754000000,-150,true,-0.47
"KDH",141423,"/Date(1701846898000)/",31950,400,2485900,79748000000,-150,true,-0.47
"KDH",141423,"/Date(1701846898000)/",31950,100,2485500,79735000000,-150,true,-0.47
"KDH",141420,"/Date(1701846895000)/",31950,400,2485400,79732000000,-150,true,-0.47
"KDH",141411,"/Date(1701846886000)/",31950,100,2485000,79719000000,-150,true,-0.47
"KDH",141411,"/Date(1701846885000)/",32000,100,2484900,79716000000,-100,false,-0.31
"KDH",141407,"/Date(1701846881000)/",31950,1200,2484800,79713000000,-150,true,-0.47
"KDH",141407,"/Date(1701846881000)/",31950,800,2483600,79674000000,-150,true,-0.47
"KDH",141407,"/Date(1701846881000)/",31950,100,2482800,79649000000,-150,true,-0.47
"KDH",141407,"/Date(1701846881000)/",31950,1000,2482700,79645000000,-150,true,-0.47
"KDH",141407,"/Date(1701846881000)/",31950,100,2481700,79614000000,-150,true,-0.47
"KDH",141407,"/Date(1701846881000)/",31950,700,2481600,79610000000,-150,true,-0.47
"KDH",141404,"/Date(1701846880000)/",31950,100,2480900,79588000000,-150,true,-0.47
"KDH",141401,"/Date(1701846875000)/",31950,200,2480800,79585000000,-150,true,-0.47
"KDH",141351,"/Date(1701846865000)/",31950,300,2480600,79578000000,-150,true,-0.47
"KDH",141348,"/Date(1701846863000)/",31950,200,2480300,79569000000,-150,true,-0.47
"KDH",141342,"/Date(1701846855000)/",31950,1000,2480100,79562000000,-150,true,-0.47
"KDH",141335,"/Date(1701846850000)/",31950,200,2479100,79530000000,-150,true,-0.47
"KDH",141326,"/Date(1701846841000)/",32000,1200,2478900,79524000000,-100,false,-0.31
"KDH",141326,"/Date(1701846841000)/",31950,1200,2477700,79486000000,-150,true,-0.47
"KDH",141323,"/Date(1701846838000)/",31950,100,2476500,79447000000,-150,true,-0.47
"KDH",141319,"/Date(1701846832000)/",32000,100,2476400,79444000000,-100,false,-0.31
"KDH",141313,"/Date(1701846826000)/",31950,200,2476300,79441000000,-150,true,-0.47
"KDH",141257,"/Date(1701846812000)/",31950,800,2476100,79435000000,-150,true,-0.47
"KDH",141257,"/Date(1701846812000)/",31950,100,2475300,79409000000,-150,true,-0.47
"KDH",141254,"/Date(1701846808000)/",32000,900,2475200,79406000000,-100,false,-0.31
"KDH",141254,"/Date(1701846807000)/",32000,2200,2474300,79377000000,-100,false,-0.31
"KDH",141254,"/Date(1701846807000)/",32000,1000,2472100,79307000000,-100,false,-0.31
"KDH",141254,"/Date(1701846807000)/",32000,1800,2471100,79275000000,-100,false,-0.31
"KDH",141251,"/Date(1701846805000)/",31950,1000,2469300,79217000000,-150,true,-0.47
"KDH",141248,"/Date(1701846801000)/",31950,900,2468300,79185000000,-150,true,-0.47
"KDH",141248,"/Date(1701846801000)/",31950,300,2467400,79156000000,-150,true,-0.47
"KDH",141248,"/Date(1701846801000)/",31950,200,2467100,79147000000,-150,true,-0.47
"KDH",141241,"/Date(1701846797000)/",31950,100,2466900,79140000000,-150,true,-0.47
"KDH",141225,"/Date(1701846778000)/",32000,200,2466800,79137000000,-100,false,-0.31
"KDH",141225,"/Date(1701846778000)/",31950,8400,2466600,79131000000,-150,true,-0.47
"KDH",141222,"/Date(1701846776000)/",31950,200,2458200,78862000000,-150,true,-0.47
"KDH",141222,"/Date(1701846775000)/",31950,300,2458000,78856000000,-150,true,-0.47
"KDH",141219,"/Date(1701846772000)/",31950,300,2457700,78846000000,-150,true,-0.47
"KDH",141216,"/Date(1701846771000)/",31950,200,2457400,78837000000,-150,true,-0.47
"KDH",141216,"/Date(1701846771000)/",31950,800,2457200,78830000000,-150,true,-0.47
"KDH",141206,"/Date(1701846761000)/",31950,200,2456400,78805000000,-150,true,-0.47
"KDH",141206,"/Date(1701846761000)/",31950,300,2456200,78798000000,-150,true,-0.47
"KDH",141206,"/Date(1701846761000)/",31950,700,2455900,78789000000,-150,true,-0.47
"KDH",141157,"/Date(1701846751000)/",31950,100,2455200,78766000000,-150,true,-0.47
"KDH",141157,"/Date(1701846751000)/",31950,100,2455100,78763000000,-150,true,-0.47
"KDH",141150,"/Date(1701846745000)/",31950,300,2455000,78760000000,-150,true,-0.47
"KDH",141134,"/Date(1701846729000)/",31950,700,2454700,78751000000,-150,true,-0.47
"KDH",141134,"/Date(1701846729000)/",31950,200,2454000,78728000000,-150,true,-0.47
"KDH",141134,"/Date(1701846727000)/",31950,200,2453800,78722000000,-150,true,-0.47
"KDH",141131,"/Date(1701846725000)/",32000,100,2453600,78715000000,-100,false,-0.31
"KDH",141128,"/Date(1701846723000)/",32000,200,2453500,78712000000,-100,false,-0.31
"KDH",141128,"/Date(1701846721000)/",31950,600,2453300,78706000000,-150,true,-0.47
"KDH",141128,"/Date(1701846721000)/",31950,100,2452700,78687000000,-150,true,-0.47
"KDH",141128,"/Date(1701846721000)/",31950,500,2452600,78683000000,-150,true,-0.47
"KDH",141121,"/Date(1701846715000)/",31950,400,2452100,78667000000,-150,true,-0.47
"KDH",141121,"/Date(1701846714000)/",31950,100,2451700,78655000000,-150,true,-0.47
"KDH",141115,"/Date(1701846711000)/",32050,1900,2451600,78651000000,-50,false,-0.16
"KDH",141115,"/Date(1701846711000)/",32000,100,2449700,78591000000,-100,false,-0.31
"KDH",141109,"/Date(1701846702000)/",31950,200,2449600,78587000000,-150,true,-0.47
"KDH",141053,"/Date(1701846689000)/",31950,1000,2449400,78581000000,-150,true,-0.47
"KDH",141050,"/Date(1701846685000)/",31950,1100,2448400,78549000000,-150,true,-0.47
"KDH",141046,"/Date(1701846681000)/",31950,200,2447300,78514000000,-150,true,-0.47
"KDH",141046,"/Date(1701846681000)/",31950,1000,2447100,78507000000,-150,true,-0.47
"KDH",141046,"/Date(1701846681000)/",31950,300,2446100,78476000000,-150,true,-0.47
"KDH",141043,"/Date(1701846677000)/",31950,200,2445800,78466000000,-150,true,-0.47
"KDH",141040,"/Date(1701846673000)/",31950,100,2445600,78460000000,-150,true,-0.47
"KDH",141040,"/Date(1701846673000)/",31950,400,2445500,78456000000,-150,true,-0.47
"KDH",141040,"/Date(1701846673000)/",31950,500,2445100,78444000000,-150,true,-0.47
"KDH",141040,"/Date(1701846673000)/",31950,5000,2444600,78428000000,-150,true,-0.47
"KDH",141040,"/Date(1701846673000)/",31950,1700,2439600,78268000000,-150,true,-0.47
"KDH",141040,"/Date(1701846673000)/",32000,300,2437900,78214000000,-100,true,-0.31
"KDH",141040,"/Date(1701846672000)/",32050,200,2437600,78204000000,-50,false,-0.16
"KDH",141030,"/Date(1701846664000)/",32000,1000,2437400,78198000000,-100,false,-0.31
"KDH",141030,"/Date(1701846664000)/",32000,700,2436400,78166000000,-100,false,-0.31
"KDH",141021,"/Date(1701846655000)/",31950,100,2435700,78143000000,-150,true,-0.47
"KDH",141018,"/Date(1701846652000)/",31950,200,2435600,78140000000,-150,true,-0.47
"KDH",141008,"/Date(1701846642000)/",31950,1000,2435400,78134000000,-150,true,-0.47
"KDH",141008,"/Date(1701846642000)/",31950,200,2434400,78102000000,-150,true,-0.47
"KDH",140955,"/Date(1701846630000)/",31950,100,2434200,78095000000,-150,true,-0.47
"KDH",140955,"/Date(1701846628000)/",31950,200,2434100,78092000000,-150,true,-0.47
"KDH",140949,"/Date(1701846623000)/",32000,100,2433900,78086000000,-100,false,-0.31
"KDH",140949,"/Date(1701846623000)/",32000,500,2433800,78082000000,-100,false,-0.31
"KDH",140949,"/Date(1701846623000)/",32000,100,2433300,78066000000,-100,false,-0.31
"KDH",140949,"/Date(1701846623000)/",32000,1200,2433200,78063000000,-100,false,-0.31
"KDH",140946,"/Date(1701846619000)/",32050,100,2432000,78025000000,-50,false,-0.16
"KDH",140933,"/Date(1701846607000)/",32000,2000,2431900,78022000000,-100,true,-0.31
"KDH",140933,"/Date(1701846606000)/",32050,1000,2429900,77958000000,-50,false,-0.16
"KDH",140930,"/Date(1701846603000)/",32000,200,2428900,77926000000,-100,true,-0.31
"KDH",140926,"/Date(1701846602000)/",32000,1200,2428700,77919000000,-100,true,-0.31
"KDH",140926,"/Date(1701846601000)/",32000,100,2427500,77881000000,-100,true,-0.31
"KDH",140926,"/Date(1701846601000)/",32000,100,2427400,77878000000,-100,true,-0.31
"KDH",140926,"/Date(1701846601000)/",32000,200,2427300,77874000000,-100,true,-0.31
"KDH",140926,"/Date(1701846599000)/",31950,900,2427100,77868000000,-150,true,-0.47
"KDH",140920,"/Date(1701846595000)/",31950,200,2426200,77839000000,-150,true,-0.47
"KDH",140917,"/Date(1701846590000)/",31950,200,2426000,77833000000,-150,true,-0.47
"KDH",140904,"/Date(1701846578000)/",31950,200,2425800,77826000000,-150,true,-0.47
"KDH",140904,"/Date(1701846577000)/",32000,700,2425600,77820000000,-100,false,-0.31
"KDH",140904,"/Date(1701846577000)/",32000,400,2424900,77798000000,-100,false,-0.31
"KDH",140858,"/Date(1701846572000)/",32000,100,2424500,77785000000,-100,false,-0.31
"KDH",140851,"/Date(1701846566000)/",32000,200,2424400,77782000000,-100,false,-0.31
"KDH",140851,"/Date(1701846565000)/",31950,500,2424200,77775000000,-150,true,-0.47
"KDH",140848,"/Date(1701846562000)/",31950,500,2423700,77759000000,-150,true,-0.47
"KDH",140848,"/Date(1701846562000)/",31950,500,2423200,77743000000,-150,true,-0.47
"KDH",140848,"/Date(1701846562000)/",31950,200,2422700,77727000000,-150,true,-0.47
"KDH",140839,"/Date(1701846553000)/",31950,200,2422500,77721000000,-150,true,-0.47
"KDH",140835,"/Date(1701846548000)/",32000,700,2422300,77715000000,-100,false,-0.31
"KDH",140835,"/Date(1701846548000)/",32000,200,2421600,77692000000,-100,false,-0.31
"KDH",140835,"/Date(1701846548000)/",32000,800,2421400,77686000000,-100,false,-0.31
"KDH",140835,"/Date(1701846548000)/",32000,1200,2420600,77660000000,-100,false,-0.31
"KDH",140832,"/Date(1701846547000)/",32000,1000,2419400,77622000000,-100,false,-0.31
"KDH",140832,"/Date(1701846546000)/",31950,100,2418400,77590000000,-150,true,-0.47
"KDH",140823,"/Date(1701846535000)/",31950,200,2418300,77587000000,-150,true,-0.47
"KDH",140813,"/Date(1701846528000)/",31950,200,2418100,77580000000,-150,true,-0.47
"KDH",140813,"/Date(1701846526000)/",32000,100,2417900,77574000000,-100,false,-0.31
"KDH",140810,"/Date(1701846524000)/",32000,2000,2417800,77571000000,-100,false,-0.31
"KDH",140800,"/Date(1701846513000)/",32000,100,2415800,77507000000,-100,false,-0.31
"KDH",140751,"/Date(1701846505000)/",31950,100,2415700,77503000000,-150,true,-0.47
"KDH",140751,"/Date(1701846505000)/",31950,200,2415600,77500000000,-150,true,-0.47
"KDH",140751,"/Date(1701846504000)/",31950,200,2415400,77494000000,-150,true,-0.47
"KDH",140748,"/Date(1701846500000)/",32000,1000,2415200,77487000000,-100,true,-0.31
"KDH",140748,"/Date(1701846500000)/",32000,300,2414200,77455000000,-100,true,-0.31
"KDH",140732,"/Date(1701846486000)/",32000,100,2413900,77446000000,-100,true,-0.31
"KDH",140728,"/Date(1701846482000)/",32000,600,2413800,77443000000,-100,true,-0.31
"KDH",140728,"/Date(1701846482000)/",32000,600,2413200,77423000000,-100,true,-0.31
"KDH",140725,"/Date(1701846479000)/",32000,200,2412600,77404000000,-100,true,-0.31
"KDH",140722,"/Date(1701846475000)/",32000,200,2412400,77398000000,-100,true,-0.31
"KDH",140722,"/Date(1701846475000)/",32000,400,2412200,77391000000,-100,true,-0.31
"KDH",140719,"/Date(1701846472000)/",32000,500,2411800,77379000000,-100,true,-0.31
"KDH",140719,"/Date(1701846472000)/",32000,500,2411300,77363000000,-100,true,-0.31
"KDH",140716,"/Date(1701846470000)/",32000,500,2410800,77347000000,-100,true,-0.31
"KDH",140716,"/Date(1701846470000)/",32000,2700,2410300,77331000000,-100,true,-0.31
"KDH",140706,"/Date(1701846461000)/",32000,100,2407600,77244000000,-100,true,-0.31
"KDH",140706,"/Date(1701846460000)/",32050,200,2407500,77241000000,-50,false,-0.16
"KDH",140703,"/Date(1701846457000)/",32000,500,2407300,77235000000,-100,true,-0.31
"KDH",140700,"/Date(1701846454000)/",32000,200,2406800,77219000000,-100,true,-0.31
"KDH",140650,"/Date(1701846445000)/",32000,1500,2406600,77212000000,-100,false,-0.31
"KDH",140647,"/Date(1701846442000)/",31950,600,2405100,77164000000,-150,true,-0.47
"KDH",140647,"/Date(1701846442000)/",31950,100,2404500,77145000000,-150,true,-0.47
"KDH",140647,"/Date(1701846442000)/",31950,500,2404400,77142000000,-150,true,-0.47
"KDH",140634,"/Date(1701846429000)/",31950,800,2403900,77126000000,-150,true,-0.47
"KDH",140634,"/Date(1701846429000)/",32000,100,2403100,77100000000,-100,true,-0.31
"KDH",140634,"/Date(1701846429000)/",32000,200,2403000,77097000000,-100,true,-0.31
"KDH",140628,"/Date(1701846420000)/",32000,100,2402800,77091000000,-100,true,-0.31
"KDH",140625,"/Date(1701846417000)/",32000,2000,2402700,77087000000,-100,true,-0.31
"KDH",140621,"/Date(1701846415000)/",32000,1600,2400700,77023000000,-100,true,-0.31
"KDH",140621,"/Date(1701846415000)/",31950,700,2399100,76972000000,-150,true,-0.47
"KDH",140621,"/Date(1701846415000)/",31950,200,2398400,76950000000,-150,true,-0.47
"KDH",140621,"/Date(1701846415000)/",32000,100,2398200,76944000000,-100,true,-0.31
"KDH",140621,"/Date(1701846415000)/",32000,100,2398100,76940000000,-100,true,-0.31
"KDH",140621,"/Date(1701846415000)/",32000,500,2398000,76937000000,-100,true,-0.31
"KDH",140621,"/Date(1701846415000)/",32000,900,2397500,76921000000,-100,true,-0.31
"KDH",140621,"/Date(1701846415000)/",32000,200,2396600,76892000000,-100,true,-0.31
"KDH",140621,"/Date(1701846415000)/",32000,200,2396400,76886000000,-100,true,-0.31
"KDH",140621,"/Date(1701846415000)/",32000,100,2396200,76880000000,-100,true,-0.31
"KDH",140621,"/Date(1701846415000)/",32000,1000,2396100,76876000000,-100,true,-0.31
"KDH",140621,"/Date(1701846415000)/",32000,100,2395100,76844000000,-100,true,-0.31
"KDH",140621,"/Date(1701846415000)/",32000,500,2395000,76841000000,-100,true,-0.31
"KDH",140621,"/Date(1701846415000)/",32000,100,2394500,76825000000,-100,true,-0.31
"KDH",140621,"/Date(1701846415000)/",32000,300,2394400,76822000000,-100,true,-0.31
"KDH",140621,"/Date(1701846415000)/",32000,900,2394100,76812000000,-100,true,-0.31
"KDH",140621,"/Date(1701846415000)/",32000,3200,2393200,76784000000,-100,true,-0.31
"KDH",140621,"/Date(1701846415000)/",32000,600,2390000,76681000000,-100,true,-0.31
"KDH",140621,"/Date(1701846415000)/",32000,2000,2389400,76662000000,-100,true,-0.31
"KDH",140621,"/Date(1701846415000)/",32000,5000,2387400,76598000000,-100,true,-0.31
"KDH",140621,"/Date(1701846415000)/",32000,1000,2382400,76438000000,-100,true,-0.31
"KDH",140621,"/Date(1701846415000)/",32000,2300,2381400,76406000000,-100,true,-0.31
"KDH",140615,"/Date(1701846409000)/",32000,300,2379100,76332000000,-100,true,-0.31
"KDH",140615,"/Date(1701846409000)/",32000,3200,2378800,76323000000,-100,true,-0.31
"KDH",140615,"/Date(1701846407000)/",32050,100,2375600,76220000000,-50,false,-0.16
"KDH",140612,"/Date(1701846405000)/",32000,200,2375500,76217000000,-100,true,-0.31
"KDH",140609,"/Date(1701846402000)/",32000,1200,2375300,76211000000,-100,true,-0.31
"KDH",140559,"/Date(1701846392000)/",32000,100,2374100,76172000000,-100,true,-0.31
"KDH",140556,"/Date(1701846389000)/",32000,900,2374000,76169000000,-100,true,-0.31
"KDH",140553,"/Date(1701846385000)/",32000,400,2373100,76140000000,-100,true,-0.31
"KDH",140546,"/Date(1701846380000)/",32000,200,2372700,76128000000,-100,true,-0.31
"KDH",140546,"/Date(1701846379000)/",32000,100,2372500,76121000000,-100,true,-0.31
"KDH",140546,"/Date(1701846378000)/",32000,1100,2372400,76118000000,-100,true,-0.31
"KDH",140546,"/Date(1701846378000)/",32000,100,2371300,76083000000,-100,true,-0.31
"KDH",140546,"/Date(1701846378000)/",32000,2000,2371200,76080000000,-100,true,-0.31
"KDH",140527,"/Date(1701846362000)/",32000,1200,2369200,76016000000,-100,true,-0.31
"KDH",140521,"/Date(1701846355000)/",32000,200,2368000,75977000000,-100,true,-0.31
"KDH",140521,"/Date(1701846354000)/",32100,200,2367800,75971000000,0,false,0
"KDH",140514,"/Date(1701846347000)/",32000,900,2367600,75964000000,-100,true,-0.31
"KDH",140511,"/Date(1701846344000)/",32000,700,2366700,75936000000,-100,true,-0.31
"KDH",140511,"/Date(1701846344000)/",32000,100,2366000,75913000000,-100,true,-0.31
"KDH",140511,"/Date(1701846344000)/",32000,300,2365900,75910000000,-100,true,-0.31
"KDH",140511,"/Date(1701846344000)/",32000,200,2365600,75900000000,-100,true,-0.31
"KDH",140511,"/Date(1701846344000)/",32000,300,2365400,75894000000,-100,true,-0.31
"KDH",140511,"/Date(1701846344000)/",32000,1600,2365100,75884000000,-100,true,-0.31
"KDH",140502,"/Date(1701846334000)/",32000,100,2363500,75833000000,-100,true,-0.31
"KDH",140455,"/Date(1701846330000)/",32000,200,2363400,75830000000,-100,true,-0.31
"KDH",140446,"/Date(1701846319000)/",32100,100,2363200,75824000000,0,false,0
"KDH",140446,"/Date(1701846319000)/",32050,300,2363100,75820000000,-50,false,-0.16
"KDH",140446,"/Date(1701846318000)/",32000,200,2362800,75811000000,-100,true,-0.31
"KDH",140442,"/Date(1701846315000)/",32050,300,2362600,75804000000,-50,true,-0.16
"KDH",140442,"/Date(1701846315000)/",32050,3000,2362300,75795000000,-50,true,-0.16
"KDH",140439,"/Date(1701846314000)/",32050,3200,2359300,75699000000,-50,true,-0.16
"KDH",140433,"/Date(1701846306000)/",32050,1100,2356100,75596000000,-50,true,-0.16
"KDH",140433,"/Date(1701846306000)/",32050,200,2355000,75561000000,-50,true,-0.16
"KDH",140430,"/Date(1701846303000)/",32050,1300,2354800,75554000000,-50,false,-0.16
"KDH",140430,"/Date(1701846303000)/",32050,900,2353500,75513000000,-50,false,-0.16
"KDH",140430,"/Date(1701846303000)/",32050,300,2352600,75484000000,-50,false,-0.16
"KDH",140430,"/Date(1701846303000)/",32050,100,2352300,75474000000,-50,false,-0.16
"KDH",140427,"/Date(1701846301000)/",32050,100,2352200,75471000000,-50,false,-0.16
"KDH",140427,"/Date(1701846301000)/",32050,500,2352100,75468000000,-50,false,-0.16
"KDH",140427,"/Date(1701846300000)/",32050,100,2351600,75452000000,-50,false,-0.16
"KDH",140420,"/Date(1701846292000)/",32050,100,2351500,75449000000,-50,false,-0.16
"KDH",140420,"/Date(1701846292000)/",32050,200,2351400,75445000000,-50,false,-0.16
"KDH",140420,"/Date(1701846292000)/",32050,3700,2351200,75439000000,-50,false,-0.16
"KDH",140417,"/Date(1701846291000)/",32050,100,2347500,75320000000,-50,false,-0.16
"KDH",140411,"/Date(1701846283000)/",32000,1200,2347400,75317000000,-100,true,-0.31
"KDH",140411,"/Date(1701846283000)/",32000,1700,2346200,75279000000,-100,true,-0.31
"KDH",140411,"/Date(1701846283000)/",32000,1000,2344500,75224000000,-100,true,-0.31
"KDH",140411,"/Date(1701846283000)/",32000,400,2343500,75192000000,-100,true,-0.31
"KDH",140407,"/Date(1701846281000)/",32000,100,2343100,75180000000,-100,true,-0.31
"KDH",140407,"/Date(1701846281000)/",32000,100,2343000,75176000000,-100,true,-0.31
"KDH",140351,"/Date(1701846266000)/",32000,900,2342900,75173000000,-100,true,-0.31
"KDH",140351,"/Date(1701846266000)/",32000,100,2342000,75144000000,-100,true,-0.31
"KDH",140351,"/Date(1701846266000)/",32000,100,2341900,75141000000,-100,true,-0.31
"KDH",140351,"/Date(1701846266000)/",32000,100,2341800,75138000000,-100,true,-0.31
"KDH",140351,"/Date(1701846266000)/",32000,1200,2341700,75135000000,-100,true,-0.31
"KDH",140351,"/Date(1701846266000)/",32000,1200,2340500,75096000000,-100,true,-0.31
"KDH",140351,"/Date(1701846265000)/",32000,800,2339300,75058000000,-100,true,-0.31
"KDH",140348,"/Date(1701846262000)/",32000,800,2338500,75032000000,-100,true,-0.31
"KDH",140345,"/Date(1701846260000)/",32000,900,2337700,75007000000,-100,true,-0.31
"KDH",140342,"/Date(1701846256000)/",32000,200,2336800,74978000000,-100,true,-0.31
"KDH",140339,"/Date(1701846252000)/",32000,3100,2336600,74972000000,-100,true,-0.31
"KDH",140339,"/Date(1701846250000)/",32000,100,2333500,74872000000,-100,true,-0.31
"KDH",140335,"/Date(1701846248000)/",32050,100,2333400,74869000000,-50,false,-0.16
"KDH",140329,"/Date(1701846243000)/",32000,1200,2333300,74866000000,-100,true,-0.31
"KDH",140326,"/Date(1701846240000)/",32000,200,2332100,74828000000,-100,true,-0.31
"KDH",140323,"/Date(1701846235000)/",32000,200,2331900,74821000000,-100,true,-0.31
"KDH",140323,"/Date(1701846235000)/",32000,1200,2331700,74815000000,-100,true,-0.31
"KDH",140316,"/Date(1701846231000)/",32000,200,2330500,74776000000,-100,true,-0.31
"KDH",140313,"/Date(1701846227000)/",32000,300,2330300,74770000000,-100,true,-0.31
"KDH",140313,"/Date(1701846225000)/",32050,10000,2330000,74760000000,-50,false,-0.16
"KDH",140307,"/Date(1701846221000)/",32000,3100,2320000,74440000000,-100,true,-0.31
"KDH",140303,"/Date(1701846216000)/",32000,1000,2316900,74341000000,-100,true,-0.31
"KDH",140254,"/Date(1701846208000)/",32000,100,2315900,74309000000,-100,true,-0.31
"KDH",140254,"/Date(1701846206000)/",32000,200,2315800,74305000000,-100,true,-0.31
"KDH",140247,"/Date(1701846202000)/",32050,900,2315600,74299000000,-50,false,-0.16
"KDH",140241,"/Date(1701846195000)/",32050,200,2314700,74270000000,-50,false,-0.16
"KDH",140238,"/Date(1701846191000)/",32000,3100,2314500,74264000000,-100,true,-0.31
"KDH",140228,"/Date(1701846182000)/",32000,200,2311400,74165000000,-100,true,-0.31
"KDH",140225,"/Date(1701846180000)/",32050,5000,2311200,74158000000,-50,false,-0.16
"KDH",140222,"/Date(1701846175000)/",32000,500,2306200,73998000000,-100,true,-0.31
"KDH",140219,"/Date(1701846174000)/",32000,100,2305700,73982000000,-100,true,-0.31
"KDH",140219,"/Date(1701846174000)/",32000,200,2305600,73979000000,-100,true,-0.31
"KDH",140219,"/Date(1701846174000)/",32000,600,2305400,73972000000,-100,true,-0.31
"KDH",140212,"/Date(1701846165000)/",32000,100,2304800,73953000000,-100,true,-0.31
"KDH",140209,"/Date(1701846163000)/",32000,1200,2304700,73950000000,-100,true,-0.31
"KDH",140206,"/Date(1701846160000)/",32000,3100,2303500,73912000000,-100,true,-0.31
"KDH",140202,"/Date(1701846157000)/",32000,200,2300400,73812000000,-100,true,-0.31
"KDH",140150,"/Date(1701846142000)/",32100,100,2300200,73806000000,0,false,0
"KDH",140150,"/Date(1701846142000)/",32000,1000,2300100,73803000000,-100,true,-0.31
"KDH",140150,"/Date(1701846142000)/",32000,200,2299100,73771000000,-100,true,-0.31
"KDH",140143,"/Date(1701846137000)/",32000,300,2298900,73764000000,-100,true,-0.31
"KDH",140140,"/Date(1701846133000)/",32000,500,2298600,73755000000,-100,true,-0.31
"KDH",140140,"/Date(1701846133000)/",32000,500,2298100,73739000000,-100,true,-0.31
"KDH",140140,"/Date(1701846132000)/",32050,200,2297600,73723000000,-50,true,-0.16
"KDH",140137,"/Date(1701846129000)/",32000,500,2297400,73716000000,-100,true,-0.31
"KDH",140137,"/Date(1701846129000)/",32000,200,2296900,73700000000,-100,true,-0.31
"KDH",140137,"/Date(1701846129000)/",32000,500,2296700,73694000000,-100,true,-0.31
"KDH",140137,"/Date(1701846129000)/",32000,200,2296200,73678000000,-100,true,-0.31
"KDH",140137,"/Date(1701846129000)/",32050,600,2296000,73671000000,-50,true,-0.16
"KDH",140137,"/Date(1701846129000)/",32050,1000,2295400,73652000000,-50,true,-0.16
"KDH",140137,"/Date(1701846129000)/",32050,100,2294400,73620000000,-50,true,-0.16
"KDH",140131,"/Date(1701846124000)/",32050,100,2294300,73617000000,-50,true,-0.16
"KDH",140121,"/Date(1701846115000)/",32100,900,2294200,73614000000,0,false,0
"KDH",140115,"/Date(1701846109000)/",32100,500,2293300,73585000000,0,false,0
"KDH",140115,"/Date(1701846107000)/",32050,200,2292800,73569000000,-50,true,-0.16
"KDH",140105,"/Date(1701846098000)/",32050,3100,2292600,73562000000,-50,true,-0.16
"KDH",140056,"/Date(1701846089000)/",32100,200,2289500,73463000000,0,false,0
"KDH",140052,"/Date(1701846086000)/",32050,1000,2289300,73457000000,-50,true,-0.16
"KDH",140052,"/Date(1701846085000)/",32050,400,2288300,73425000000,-50,true,-0.16
"KDH",140049,"/Date(1701846083000)/",32050,200,2287900,73412000000,-50,true,-0.16
"KDH",140049,"/Date(1701846082000)/",32100,100,2287700,73405000000,0,false,0
"KDH",140049,"/Date(1701846082000)/",32050,100,2287600,73402000000,-50,true,-0.16
"KDH",140033,"/Date(1701846067000)/",32000,1800,2287500,73399000000,-100,true,-0.31
"KDH",140033,"/Date(1701846067000)/",32050,500,2285700,73341000000,-50,true,-0.16
"KDH",140033,"/Date(1701846067000)/",32050,500,2285200,73325000000,-50,true,-0.16
"KDH",140033,"/Date(1701846067000)/",32050,300,2284700,73309000000,-50,true,-0.16
"KDH",140033,"/Date(1701846065000)/",32050,300,2284400,73300000000,-50,true,-0.16
"KDH",140023,"/Date(1701846058000)/",32050,200,2284100,73290000000,-50,true,-0.16
"KDH",140023,"/Date(1701846055000)/",32050,100,2283900,73284000000,-50,true,-0.16
"KDH",140023,"/Date(1701846055000)/",32050,500,2283800,73280000000,-50,true,-0.16
"KDH",140014,"/Date(1701846046000)/",32050,200,2283300,73264000000,-50,true,-0.16
"KDH",140011,"/Date(1701846044000)/",32050,900,2283100,73258000000,-50,true,-0.16
"KDH",140011,"/Date(1701846043000)/",32050,400,2282200,73229000000,-50,true,-0.16
"KDH",140011,"/Date(1701846043000)/",32050,300,2281800,73216000000,-50,true,-0.16
"KDH",140011,"/Date(1701846043000)/",32050,500,2281500,73207000000,-50,true,-0.16
"KDH",140004,"/Date(1701846038000)/",32050,300,2281000,73191000000,-50,true,-0.16
"KDH",140004,"/Date(1701846036000)/",32050,3100,2280700,73181000000,-50,true,-0.16
"KDH",140004,"/Date(1701846036000)/",32100,100,2277600,73082000000,0,false,0
"KDH",140001,"/Date(1701846033000)/",32050,200,2277500,73079000000,-50,true,-0.16
"KDH",135958,"/Date(1701846030000)/",32050,200,2277300,73072000000,-50,true,-0.16
"KDH",135952,"/Date(1701846025000)/",32050,600,2277100,73066000000,-50,true,-0.16
"KDH",135945,"/Date(1701846018000)/",32050,800,2276500,73047000000,-50,true,-0.16
"KDH",135936,"/Date(1701846008000)/",32050,200,2275700,73021000000,-50,true,-0.16
"KDH",135932,"/Date(1701846006000)/",32050,3100,2275500,73014000000,-50,true,-0.16
"KDH",135929,"/Date(1701846003000)/",32050,900,2272400,72915000000,-50,true,-0.16
"KDH",135926,"/Date(1701845999000)/",32100,500,2271500,72886000000,0,false,0
"KDH",135926,"/Date(1701845998000)/",32050,100,2271000,72870000000,-50,true,-0.16
"KDH",135923,"/Date(1701845995000)/",32050,1200,2270900,72867000000,-50,true,-0.16
"KDH",135920,"/Date(1701845993000)/",32050,3800,2269700,72829000000,-50,false,-0.16
"KDH",135916,"/Date(1701845989000)/",32050,100,2265900,72707000000,-50,false,-0.16
"KDH",135910,"/Date(1701845983000)/",32050,200,2265800,72704000000,-50,false,-0.16
"KDH",135910,"/Date(1701845983000)/",32050,800,2265600,72697000000,-50,false,-0.16
"KDH",135910,"/Date(1701845983000)/",32100,200,2264800,72672000000,0,false,0
"KDH",135910,"/Date(1701845983000)/",32050,200,2264600,72665000000,-50,false,-0.16
"KDH",135900,"/Date(1701845975000)/",32100,1000,2264400,72659000000,0,false,0
"KDH",135900,"/Date(1701845974000)/",32000,200,2263400,72627000000,-100,true,-0.31
"KDH",135900,"/Date(1701845974000)/",32000,1900,2263200,72620000000,-100,true,-0.31
"KDH",135900,"/Date(1701845974000)/",32050,1000,2261300,72559000000,-50,false,-0.16
"KDH",135900,"/Date(1701845974000)/",32050,500,2260300,72527000000,-50,false,-0.16
"KDH",135857,"/Date(1701845969000)/",32050,1100,2259800,72511000000,-50,false,-0.16
"KDH",135857,"/Date(1701845969000)/",32050,900,2258700,72476000000,-50,false,-0.16
"KDH",135854,"/Date(1701845968000)/",32050,100,2257800,72447000000,-50,false,-0.16
"KDH",135851,"/Date(1701845964000)/",32050,200,2257700,72444000000,-50,false,-0.16
"KDH",135851,"/Date(1701845964000)/",32050,800,2257500,72438000000,-50,false,-0.16
"KDH",135848,"/Date(1701845962000)/",32050,200,2256700,72412000000,-50,false,-0.16
"KDH",135848,"/Date(1701845962000)/",32050,100,2256500,72406000000,-50,false,-0.16
"KDH",135848,"/Date(1701845962000)/",32050,200,2256400,72402000000,-50,false,-0.16
"KDH",135848,"/Date(1701845959000)/",32000,200,2256200,72396000000,-100,true,-0.31
"KDH",135841,"/Date(1701845955000)/",32050,100,2256000,72390000000,-50,true,-0.16
"KDH",135831,"/Date(1701845945000)/",32000,2900,2255900,72386000000,-100,true,-0.31
"KDH",135831,"/Date(1701845945000)/",32000,1000,2253000,72294000000,-100,true,-0.31
"KDH",135831,"/Date(1701845945000)/",32000,100,2252000,72262000000,-100,true,-0.31
"KDH",135831,"/Date(1701845945000)/",32050,2000,2251900,72258000000,-50,false,-0.16
"KDH",135831,"/Date(1701845945000)/",32050,100,2249900,72194000000,-50,false,-0.16
"KDH",135831,"/Date(1701845945000)/",32050,500,2249800,72191000000,-50,false,-0.16
"KDH",135831,"/Date(1701845945000)/",32050,800,2249300,72175000000,-50,false,-0.16
"KDH",135831,"/Date(1701845945000)/",32050,100,2248500,72149000000,-50,false,-0.16
"KDH",135831,"/Date(1701845945000)/",32100,900,2248400,72146000000,0,false,0
"KDH",135831,"/Date(1701845945000)/",32100,500,2247500,72117000000,0,false,0
"KDH",135831,"/Date(1701845945000)/",32100,1100,2247000,72101000000,0,false,0
"KDH",135831,"/Date(1701845945000)/",32150,300,2245900,72066000000,50,false,0.16
"KDH",135831,"/Date(1701845944000)/",32100,3100,2245600,72056000000,0,false,0
"KDH",135822,"/Date(1701845935000)/",32100,1200,2242500,71957000000,0,true,0
"KDH",135822,"/Date(1701845934000)/",32100,200,2241300,71918000000,0,true,0
"KDH",135819,"/Date(1701845930000)/",32150,100,2241100,71912000000,50,false,0.16
"KDH",135812,"/Date(1701845925000)/",32150,800,2241000,71909000000,50,false,0.16
"KDH",135812,"/Date(1701845925000)/",32100,100,2240200,71883000000,0,true,0
"KDH",135812,"/Date(1701845924000)/",32100,200,2240100,71880000000,0,true,0
"KDH",135812,"/Date(1701845924000)/",32100,900,2239900,71873000000,0,true,0
"KDH",135806,"/Date(1701845920000)/",32100,100,2239000,71844000000,0,true,0
"KDH",135806,"/Date(1701845920000)/",32100,800,2238900,71841000000,0,true,0
"KDH",135806,"/Date(1701845919000)/",32100,1500,2238100,71815000000,0,true,0
"KDH",135803,"/Date(1701845916000)/",32100,3500,2236600,71767000000,0,true,0
"KDH",135803,"/Date(1701845916000)/",32100,100,2233100,71655000000,0,true,0
"KDH",135803,"/Date(1701845915000)/",32100,100,2233000,71652000000,0,true,0
"KDH",135800,"/Date(1701845913000)/",32100,800,2232900,71649000000,0,true,0
"KDH",135800,"/Date(1701845913000)/",32100,2300,2232100,71623000000,0,true,0
"KDH",135756,"/Date(1701845909000)/",32100,200,2229800,71549000000,0,true,0
"KDH",135756,"/Date(1701845908000)/",32100,200,2229600,71543000000,0,true,0
"KDH",135753,"/Date(1701845906000)/",32150,500,2229400,71536000000,50,false,0.16
"KDH",135747,"/Date(1701845900000)/",32150,500,2228900,71520000000,50,false,0.16
"KDH",135737,"/Date(1701845892000)/",32150,500,2228400,71504000000,50,false,0.16
"KDH",135737,"/Date(1701845891000)/",32100,100,2227900,71488000000,0,true,0
"KDH",135737,"/Date(1701845891000)/",32100,100,2227800,71485000000,0,true,0
"KDH",135731,"/Date(1701845884000)/",32100,700,2227700,71482000000,0,true,0
"KDH",135731,"/Date(1701845884000)/",32100,500,2227000,71459000000,0,true,0
"KDH",135731,"/Date(1701845884000)/",32100,200,2226500,71443000000,0,true,0
"KDH",135731,"/Date(1701845882000)/",32100,200,2226300,71437000000,0,true,0
"KDH",135731,"/Date(1701845882000)/",32100,2900,2226100,71430000000,0,true,0
"KDH",135724,"/Date(1701845877000)/",32150,200,2223200,71337000000,50,false,0.16
"KDH",135724,"/Date(1701845876000)/",32100,1000,2223000,71331000000,0,true,0
"KDH",135721,"/Date(1701845875000)/",32100,400,2222000,71299000000,0,true,0
"KDH",135721,"/Date(1701845874000)/",32100,100,2221600,71286000000,0,true,0
"KDH",135712,"/Date(1701845864000)/",32100,300,2221500,71283000000,0,true,0
"KDH",135709,"/Date(1701845860000)/",32100,200,2221200,71273000000,0,true,0
"KDH",135659,"/Date(1701845851000)/",32100,100,2221000,71266000000,0,true,0
"KDH",135659,"/Date(1701845851000)/",32100,3000,2220900,71263000000,0,true,0
"KDH",135652,"/Date(1701845845000)/",32100,800,2217900,71167000000,0,true,0
"KDH",135652,"/Date(1701845844000)/",32100,600,2217100,71141000000,0,true,0
"KDH",135652,"/Date(1701845844000)/",32100,100,2216500,71122000000,0,true,0
"KDH",135652,"/Date(1701845844000)/",32100,500,2216400,71119000000,0,true,0
"KDH",135643,"/Date(1701845835000)/",32100,500,2215900,71103000000,0,true,0
"KDH",135643,"/Date(1701845835000)/",32100,500,2215400,71087000000,0,true,0
"KDH",135643,"/Date(1701845835000)/",32100,200,2214900,71071000000,0,true,0
"KDH",135640,"/Date(1701845832000)/",32150,100,2214700,71064000000,50,false,0.16
"KDH",135630,"/Date(1701845824000)/",32150,100,2214600,71061000000,50,false,0.16
"KDH",135627,"/Date(1701845821000)/",32100,3100,2214500,71058000000,0,true,0
"KDH",135624,"/Date(1701845815000)/",32100,2600,2211400,70958000000,0,true,0
"KDH",135617,"/Date(1701845810000)/",32100,200,2208800,70875000000,0,true,0
"KDH",135614,"/Date(1701845808000)/",32150,600,2208600,70868000000,50,false,0.16
"KDH",135614,"/Date(1701845808000)/",32100,1200,2208000,70849000000,0,false,0
"KDH",135614,"/Date(1701845808000)/",32100,700,2206800,70811000000,0,false,0
"KDH",135614,"/Date(1701845807000)/",32100,400,2206100,70788000000,0,false,0
"KDH",135614,"/Date(1701845807000)/",32100,900,2205700,70775000000,0,false,0
"KDH",135614,"/Date(1701845807000)/",32100,1200,2204800,70746000000,0,false,0
"KDH",135614,"/Date(1701845807000)/",32100,500,2203600,70708000000,0,false,0
"KDH",135614,"/Date(1701845806000)/",32100,500,2203100,70692000000,0,false,0
"KDH",135614,"/Date(1701845806000)/",32100,1400,2202600,70676000000,0,false,0
"KDH",135614,"/Date(1701845806000)/",32100,1200,2201200,70631000000,0,false,0
"KDH",135614,"/Date(1701845806000)/",32100,6900,2200000,70592000000,0,false,0
"KDH",135611,"/Date(1701845805000)/",32100,2000,2193100,70371000000,0,false,0
"KDH",135611,"/Date(1701845804000)/",32100,1000,2191100,70307000000,0,false,0
"KDH",135611,"/Date(1701845803000)/",32100,1000,2190100,70275000000,0,false,0
"KDH",135601,"/Date(1701845795000)/",32100,500,2189100,70242000000,0,false,0
"KDH",135601,"/Date(1701845795000)/",32100,300,2188600,70226000000,0,false,0
"KDH",135601,"/Date(1701845795000)/",32100,700,2188300,70217000000,0,false,0
"KDH",135558,"/Date(1701845792000)/",32050,100,2187600,70194000000,-50,true,-0.16
"KDH",135558,"/Date(1701845790000)/",32050,2300,2187500,70191000000,-50,true,-0.16
"KDH",135558,"/Date(1701845790000)/",32050,800,2185200,70117000000,-50,true,-0.16
"KDH",135558,"/Date(1701845789000)/",32050,1000,2184400,70092000000,-50,true,-0.16
"KDH",135555,"/Date(1701845787000)/",32100,500,2183400,70060000000,0,false,0
"KDH",135552,"/Date(1701845785000)/",32050,200,2182900,70044000000,-50,true,-0.16
"KDH",135549,"/Date(1701845782000)/",32100,400,2182700,70037000000,0,false,0
"KDH",135549,"/Date(1701845781000)/",32100,500,2182300,70024000000,0,false,0
"KDH",135545,"/Date(1701845779000)/",32100,900,2181800,70008000000,0,false,0
"KDH",135545,"/Date(1701845779000)/",32100,100,2180900,69979000000,0,false,0
"KDH",135545,"/Date(1701845779000)/",32100,3200,2180800,69976000000,0,false,0
"KDH",135545,"/Date(1701845778000)/",32100,200,2177600,69873000000,0,false,0
"KDH",135545,"/Date(1701845778000)/",32100,100,2177400,69867000000,0,false,0
"KDH",135539,"/Date(1701845773000)/",32050,200,2177300,69864000000,-50,true,-0.16
"KDH",135539,"/Date(1701845772000)/",32100,500,2177100,69857000000,0,false,0
"KDH",135539,"/Date(1701845771000)/",32100,100,2176600,69841000000,0,false,0
"KDH",135533,"/Date(1701845764000)/",32050,1200,2176500,69838000000,-50,true,-0.16
"KDH",135529,"/Date(1701845761000)/",32050,200,2175300,69800000000,-50,true,-0.16
"KDH",135526,"/Date(1701845759000)/",32050,1400,2175100,69793000000,-50,true,-0.16
"KDH",135526,"/Date(1701845759000)/",32050,100,2173700,69748000000,-50,true,-0.16
"KDH",135526,"/Date(1701845759000)/",32050,500,2173600,69745000000,-50,true,-0.16
"KDH",135526,"/Date(1701845759000)/",32050,500,2173100,69729000000,-50,true,-0.16
"KDH",135526,"/Date(1701845759000)/",32050,600,2172600,69713000000,-50,true,-0.16
"KDH",135523,"/Date(1701845755000)/",32050,400,2172000,69694000000,-50,true,-0.16
"KDH",135513,"/Date(1701845747000)/",32050,100,2171600,69681000000,-50,true,-0.16
"KDH",135513,"/Date(1701845746000)/",32050,900,2171500,69678000000,-50,true,-0.16
"KDH",135504,"/Date(1701845736000)/",32000,200,2170600,69649000000,-100,true,-0.31
"KDH",135454,"/Date(1701845728000)/",32000,2000,2170400,69643000000,-100,true,-0.31
"KDH",135454,"/Date(1701845728000)/",32000,300,2168400,69579000000,-100,true,-0.31
"KDH",135454,"/Date(1701845728000)/",32000,500,2168100,69569000000,-100,true,-0.31
"KDH",135454,"/Date(1701845728000)/",32000,300,2167600,69553000000,-100,true,-0.31
"KDH",135445,"/Date(1701845718000)/",32100,200,2167300,69544000000,0,false,0
"KDH",135445,"/Date(1701845718000)/",32000,700,2167100,69537000000,-100,true,-0.31
"KDH",135438,"/Date(1701845712000)/",32000,1000,2166400,69515000000,-100,false,-0.31
"KDH",135438,"/Date(1701845711000)/",31950,300,2165400,69483000000,-150,true,-0.47
"KDH",135438,"/Date(1701845711000)/",32000,100,2165100,69473000000,-100,false,-0.31
"KDH",135438,"/Date(1701845709000)/",32000,400,2165000,69470000000,-100,false,-0.31
"KDH",135435,"/Date(1701845708000)/",32000,300,2164600,69457000000,-100,true,-0.31
"KDH",135435,"/Date(1701845708000)/",32000,2000,2164300,69447000000,-100,true,-0.31
"KDH",135435,"/Date(1701845708000)/",32000,100,2162300,69383000000,-100,true,-0.31
"KDH",135435,"/Date(1701845708000)/",32000,200,2162200,69380000000,-100,true,-0.31
"KDH",135435,"/Date(1701845708000)/",32000,200,2162000,69374000000,-100,true,-0.31
"KDH",135435,"/Date(1701845707000)/",32000,100,2161800,69367000000,-100,true,-0.31
"KDH",135432,"/Date(1701845703000)/",32000,500,2161700,69364000000,-100,true,-0.31
"KDH",135432,"/Date(1701845703000)/",32000,500,2161200,69348000000,-100,true,-0.31
"KDH",135429,"/Date(1701845703000)/",32000,100,2160700,69332000000,-100,true,-0.31
"KDH",135425,"/Date(1701845697000)/",32000,1400,2160600,69329000000,-100,true,-0.31
"KDH",135425,"/Date(1701845697000)/",32000,200,2159200,69284000000,-100,true,-0.31
"KDH",135425,"/Date(1701845697000)/",32000,100,2159000,69278000000,-100,true,-0.31
"KDH",135425,"/Date(1701845697000)/",32000,1400,2158900,69275000000,-100,true,-0.31
"KDH",135409,"/Date(1701845683000)/",32100,100,2157500,69230000000,0,false,0
"KDH",135409,"/Date(1701845683000)/",32100,800,2157400,69227000000,0,false,0
"KDH",135409,"/Date(1701845683000)/",32000,300,2156600,69201000000,-100,true,-0.31
"KDH",135406,"/Date(1701845679000)/",32100,500,2156300,69191000000,0,false,0
"KDH",135400,"/Date(1701845673000)/",32000,200,2155800,69175000000,-100,true,-0.31
"KDH",135400,"/Date(1701845673000)/",32000,100,2155600,69169000000,-100,true,-0.31
"KDH",135400,"/Date(1701845673000)/",32000,500,2155500,69166000000,-100,true,-0.31
"KDH",135400,"/Date(1701845673000)/",32000,100,2155000,69150000000,-100,true,-0.31
"KDH",135400,"/Date(1701845673000)/",32000,300,2154900,69147000000,-100,true,-0.31
"KDH",135400,"/Date(1701845671000)/",32000,700,2154600,69137000000,-100,true,-0.31
"KDH",135400,"/Date(1701845671000)/",32000,3000,2153900,69115000000,-100,true,-0.31
"KDH",135400,"/Date(1701845671000)/",32000,900,2150900,69019000000,-100,true,-0.31
"KDH",135400,"/Date(1701845671000)/",32000,300,2150000,68990000000,-100,true,-0.31
"KDH",135400,"/Date(1701845671000)/",32000,300,2149700,68980000000,-100,true,-0.31
"KDH",135400,"/Date(1701845671000)/",32000,2800,2149400,68971000000,-100,true,-0.31
"KDH",135354,"/Date(1701845666000)/",32000,2200,2146600,68881000000,-100,true,-0.31
"KDH",135354,"/Date(1701845666000)/",32000,100,2144400,68811000000,-100,true,-0.31
"KDH",135354,"/Date(1701845666000)/",32000,100,2144300,68807000000,-100,true,-0.31
"KDH",135354,"/Date(1701845666000)/",32000,300,2144200,68804000000,-100,true,-0.31
"KDH",135354,"/Date(1701845666000)/",32000,400,2143900,68795000000,-100,true,-0.31
"KDH",135354,"/Date(1701845665000)/",32100,100,2143500,68782000000,0,false,0
"KDH",135354,"/Date(1701845665000)/",32000,700,2143400,68779000000,-100,true,-0.31
"KDH",135350,"/Date(1701845663000)/",32000,100,2142700,68756000000,-100,true,-0.31
"KDH",135350,"/Date(1701845661000)/",32100,600,2142600,68753000000,0,false,0
"KDH",135350,"/Date(1701845661000)/",32100,900,2142000,68734000000,0,false,0
"KDH",135347,"/Date(1701845661000)/",32000,900,2141100,68705000000,-100,true,-0.31
"KDH",135331,"/Date(1701845644000)/",32000,900,2140200,68676000000,-100,true,-0.31
"KDH",135331,"/Date(1701845644000)/",32000,300,2139300,68647000000,-100,true,-0.31
"KDH",135322,"/Date(1701845636000)/",32000,1200,2139000,68638000000,-100,true,-0.31
"KDH",135322,"/Date(1701845636000)/",32000,800,2137800,68599000000,-100,true,-0.31
"KDH",135322,"/Date(1701845636000)/",32000,1100,2137000,68574000000,-100,true,-0.31
"KDH",135322,"/Date(1701845635000)/",32000,200,2135900,68538000000,-100,true,-0.31
"KDH",135306,"/Date(1701845618000)/",32000,1200,2135700,68532000000,-100,true,-0.31
"KDH",135259,"/Date(1701845612000)/",32100,200,2134500,68494000000,0,false,0
"KDH",135253,"/Date(1701845605000)/",32000,1200,2134300,68487000000,-100,true,-0.31
"KDH",135253,"/Date(1701845604000)/",32000,1300,2133100,68449000000,-100,true,-0.31
"KDH",135253,"/Date(1701845604000)/",32000,600,2131800,68407000000,-100,true,-0.31
"KDH",135253,"/Date(1701845604000)/",32000,1200,2131200,68388000000,-100,true,-0.31
"KDH",135253,"/Date(1701845604000)/",32000,1200,2130000,68350000000,-100,true,-0.31
"KDH",135240,"/Date(1701845592000)/",32000,300,2128800,68311000000,-100,true,-0.31
"KDH",135237,"/Date(1701845588000)/",32000,1100,2128500,68302000000,-100,true,-0.31
"KDH",135237,"/Date(1701845588000)/",32000,1200,2127400,68266000000,-100,true,-0.31
"KDH",135234,"/Date(1701845586000)/",32000,200,2126200,68228000000,-100,false,-0.31
"KDH",135234,"/Date(1701845586000)/",32000,1700,2126000,68222000000,-100,false,-0.31
"KDH",135234,"/Date(1701845586000)/",32000,300,2124300,68167000000,-100,false,-0.31
"KDH",135230,"/Date(1701845585000)/",32000,1000,2124000,68158000000,-100,false,-0.31
"KDH",135227,"/Date(1701845578000)/",31950,100,2123000,68126000000,-150,true,-0.47
"KDH",135224,"/Date(1701845576000)/",32000,2000,2122900,68122000000,-100,false,-0.31
"KDH",135221,"/Date(1701845572000)/",32000,2400,2120900,68058000000,-100,true,-0.31
"KDH",135221,"/Date(1701845572000)/",32000,3000,2118500,67982000000,-100,true,-0.31
"KDH",135221,"/Date(1701845572000)/",32000,1300,2115500,67886000000,-100,true,-0.31
"KDH",135214,"/Date(1701845567000)/",32000,300,2114200,67844000000,-100,true,-0.31
"KDH",135214,"/Date(1701845567000)/",32000,700,2113900,67834000000,-100,true,-0.31
"KDH",135211,"/Date(1701845565000)/",32000,300,2113200,67812000000,-100,true,-0.31
"KDH",135211,"/Date(1701845565000)/",32000,200,2112900,67802000000,-100,true,-0.31
"KDH",135211,"/Date(1701845565000)/",32000,200,2112700,67796000000,-100,true,-0.31
"KDH",135211,"/Date(1701845565000)/",32000,100,2112500,67790000000,-100,true,-0.31
"KDH",135211,"/Date(1701845565000)/",32000,400,2112400,67786000000,-100,true,-0.31
"KDH",135211,"/Date(1701845563000)/",32000,100,2112000,67774000000,-100,true,-0.31
"KDH",135211,"/Date(1701845563000)/",32000,1900,2111900,67770000000,-100,true,-0.31
"KDH",135208,"/Date(1701845559000)/",32100,100,2110000,67710000000,0,false,0
"KDH",135152,"/Date(1701845544000)/",32100,800,2109900,67706000000,0,false,0
"KDH",135152,"/Date(1701845544000)/",32100,100,2109100,67681000000,0,false,0
"KDH",135152,"/Date(1701845544000)/",32100,200,2109000,67677000000,0,false,0
"KDH",135152,"/Date(1701845544000)/",32100,500,2108800,67671000000,0,false,0
"KDH",135152,"/Date(1701845544000)/",32100,1200,2108300,67655000000,0,false,0
"KDH",135152,"/Date(1701845544000)/",32100,12800,2107100,67616000000,0,false,0
"KDH",135152,"/Date(1701845544000)/",32100,1200,2094300,67206000000,0,false,0
"KDH",135152,"/Date(1701845544000)/",32100,500,2093100,67167000000,0,false,0
"KDH",135152,"/Date(1701845544000)/",32100,1200,2092600,67151000000,0,false,0
"KDH",135152,"/Date(1701845544000)/",32100,1500,2091400,67113000000,0,false,0
"KDH",135149,"/Date(1701845543000)/",32000,100,2089900,67064000000,-100,true,-0.31
"KDH",135149,"/Date(1701845543000)/",32000,1000,2089800,67061000000,-100,true,-0.31
"KDH",135149,"/Date(1701845543000)/",32000,1500,2088800,67029000000,-100,true,-0.31
"KDH",135149,"/Date(1701845543000)/",32050,100,2087300,66981000000,-50,true,-0.16
"KDH",135149,"/Date(1701845543000)/",32050,400,2087200,66978000000,-50,true,-0.16
"KDH",135146,"/Date(1701845537000)/",32050,600,2086800,66965000000,-50,false,-0.16
"KDH",135143,"/Date(1701845534000)/",32000,100,2086200,66946000000,-100,true,-0.31
"KDH",135136,"/Date(1701845528000)/",32050,600,2086100,66943000000,-50,false,-0.16
"KDH",135136,"/Date(1701845528000)/",32050,200,2085500,66923000000,-50,false,-0.16
"KDH",135136,"/Date(1701845528000)/",32050,700,2085300,66917000000,-50,false,-0.16
"KDH",135130,"/Date(1701845523000)/",32050,200,2084600,66895000000,-50,false,-0.16
"KDH",135130,"/Date(1701845523000)/",32050,1200,2084400,66888000000,-50,false,-0.16
"KDH",135130,"/Date(1701845523000)/",32050,300,2083200,66850000000,-50,false,-0.16
"KDH",135130,"/Date(1701845523000)/",32050,3300,2082900,66840000000,-50,false,-0.16
"KDH",135130,"/Date(1701845523000)/",32000,1000,2079600,66734000000,-100,true,-0.31
"KDH",135123,"/Date(1701845515000)/",32000,400,2078600,66702000000,-100,true,-0.31
"KDH",135123,"/Date(1701845515000)/",32000,1000,2078200,66690000000,-100,true,-0.31
"KDH",135123,"/Date(1701845515000)/",32000,500,2077200,66658000000,-100,true,-0.31
"KDH",135123,"/Date(1701845515000)/",32000,1000,2076700,66642000000,-100,true,-0.31
"KDH",135123,"/Date(1701845515000)/",32000,100,2075700,66610000000,-100,true,-0.31
"KDH",135120,"/Date(1701845511000)/",32000,2800,2075600,66606000000,-100,true,-0.31
"KDH",135120,"/Date(1701845511000)/",32000,300,2072800,66517000000,-100,true,-0.31
"KDH",135117,"/Date(1701845510000)/",32050,700,2072500,66507000000,-50,false,-0.16
"KDH",135117,"/Date(1701845510000)/",32050,100,2071800,66485000000,-50,false,-0.16
"KDH",135114,"/Date(1701845506000)/",32050,200,2071700,66482000000,-50,false,-0.16
"KDH",135108,"/Date(1701845501000)/",32000,200,2071500,66475000000,-100,true,-0.31
"KDH",135104,"/Date(1701845497000)/",32000,200,2071300,66469000000,-100,false,-0.31
"KDH",135104,"/Date(1701845497000)/",32000,500,2071100,66462000000,-100,false,-0.31
"KDH",135104,"/Date(1701845497000)/",32000,1200,2070600,66446000000,-100,false,-0.31
"KDH",135104,"/Date(1701845497000)/",32000,3100,2069400,66408000000,-100,false,-0.31
"KDH",135104,"/Date(1701845497000)/",32000,500,2066300,66309000000,-100,false,-0.31
"KDH",135101,"/Date(1701845493000)/",31950,100,2065800,66293000000,-150,true,-0.47
"KDH",135101,"/Date(1701845492000)/",32000,500,2065700,66290000000,-100,false,-0.31
"KDH",135058,"/Date(1701845490000)/",32000,1000,2065200,66274000000,-100,false,-0.31
"KDH",135058,"/Date(1701845490000)/",32000,800,2064200,66242000000,-100,false,-0.31
"KDH",135058,"/Date(1701845490000)/",32000,400,2063400,66216000000,-100,false,-0.31
"KDH",135058,"/Date(1701845490000)/",32000,500,2063000,66203000000,-100,false,-0.31
"KDH",135058,"/Date(1701845490000)/",32000,5000,2062500,66187000000,-100,false,-0.31
"KDH",135058,"/Date(1701845490000)/",32000,500,2057500,66027000000,-100,false,-0.31
"KDH",135058,"/Date(1701845490000)/",32000,1800,2057000,66011000000,-100,false,-0.31
"KDH",135055,"/Date(1701845488000)/",32000,1400,2055200,65954000000,-100,false,-0.31
"KDH",135055,"/Date(1701845488000)/",32000,300,2053800,65909000000,-100,false,-0.31
"KDH",135055,"/Date(1701845488000)/",32000,500,2053500,65899000000,-100,false,-0.31
"KDH",135055,"/Date(1701845488000)/",32000,100,2053000,65883000000,-100,false,-0.31
"KDH",135055,"/Date(1701845488000)/",32000,200,2052900,65880000000,-100,false,-0.31
"KDH",135055,"/Date(1701845488000)/",32000,1200,2052700,65874000000,-100,false,-0.31
"KDH",135055,"/Date(1701845488000)/",32000,400,2051500,65835000000,-100,false,-0.31
"KDH",135055,"/Date(1701845488000)/",32000,1200,2051100,65822000000,-100,false,-0.31
"KDH",135055,"/Date(1701845488000)/",32000,4700,2049900,65784000000,-100,false,-0.31
"KDH",135048,"/Date(1701845479000)/",32000,300,2045200,65634000000,-100,false,-0.31
"KDH",135048,"/Date(1701845479000)/",32000,3400,2044900,65624000000,-100,false,-0.31
"KDH",135048,"/Date(1701845479000)/",32000,1000,2041500,65515000000,-100,false,-0.31
"KDH",135048,"/Date(1701845479000)/",32000,300,2040500,65483000000,-100,false,-0.31
"KDH",135045,"/Date(1701845478000)/",31950,900,2040200,65474000000,-150,true,-0.47
"KDH",135020,"/Date(1701845453000)/",32000,100,2039300,65445000000,-100,false,-0.31
"KDH",135013,"/Date(1701845445000)/",32000,1700,2039200,65442000000,-100,false,-0.31
"KDH",135013,"/Date(1701845445000)/",31950,1200,2037500,65387000000,-150,true,-0.47
"KDH",135010,"/Date(1701845442000)/",31950,100,2036300,65349000000,-150,true,-0.47
"KDH",135004,"/Date(1701845436000)/",31950,900,2036200,65346000000,-150,true,-0.47
"KDH",134954,"/Date(1701845425000)/",31950,500,2035300,65317000000,-150,true,-0.47
"KDH",134938,"/Date(1701845410000)/",31950,300,2034800,65301000000,-150,true,-0.47
"KDH",134935,"/Date(1701845406000)/",32000,1000,2034500,65291000000,-100,false,-0.31
"KDH",134932,"/Date(1701845405000)/",31950,1200,2033500,65259000000,-150,true,-0.47
"KDH",134929,"/Date(1701845401000)/",31950,100,2032300,65221000000,-150,true,-0.47
"KDH",134929,"/Date(1701845400000)/",32000,200,2032200,65218000000,-100,false,-0.31
"KDH",134926,"/Date(1701845398000)/",32000,1000,2032000,65211000000,-100,false,-0.31
"KDH",134922,"/Date(1701845395000)/",31950,100,2031000,65179000000,-150,true,-0.47
"KDH",134922,"/Date(1701845395000)/",31950,1100,2030900,65176000000,-150,true,-0.47
"KDH",134854,"/Date(1701845365000)/",31950,100,2029800,65141000000,-150,true,-0.47
"KDH",134854,"/Date(1701845365000)/",31950,1200,2029700,65138000000,-150,true,-0.47
"KDH",134844,"/Date(1701845357000)/",31950,100,2028500,65100000000,-150,true,-0.47
"KDH",134838,"/Date(1701845348000)/",31950,900,2028400,65096000000,-150,true,-0.47
"KDH",134835,"/Date(1701845347000)/",32000,100,2027500,65068000000,-100,false,-0.31
"KDH",134822,"/Date(1701845335000)/",31950,300,2027400,65064000000,-150,true,-0.47
"KDH",134812,"/Date(1701845326000)/",31950,300,2027100,65055000000,-150,true,-0.47
"KDH",134812,"/Date(1701845326000)/",31950,500,2026800,65045000000,-150,true,-0.47
"KDH",134812,"/Date(1701845326000)/",31950,400,2026300,65029000000,-150,true,-0.47
"KDH",134812,"/Date(1701845323000)/",31950,100,2025900,65016000000,-150,true,-0.47
"KDH",134806,"/Date(1701845319000)/",31950,300,2025800,65013000000,-150,true,-0.47
"KDH",134759,"/Date(1701845313000)/",32000,100,2025500,65004000000,-100,false,-0.31
"KDH",134756,"/Date(1701845309000)/",31950,500,2025400,65000000000,-150,true,-0.47
"KDH",134756,"/Date(1701845307000)/",31950,1000,2024900,64985000000,-150,true,-0.47
"KDH",134744,"/Date(1701845294000)/",32000,100,2023900,64953000000,-100,false,-0.31
"KDH",134734,"/Date(1701845286000)/",31950,700,2023800,64949000000,-150,true,-0.47
"KDH",134734,"/Date(1701845286000)/",31950,500,2023100,64927000000,-150,true,-0.47
"KDH",134724,"/Date(1701845275000)/",31950,300,2022600,64911000000,-150,true,-0.47
"KDH",134724,"/Date(1701845275000)/",31950,100,2022300,64901000000,-150,true,-0.47
"KDH",134712,"/Date(1701845262000)/",31950,1000,2022200,64898000000,-150,true,-0.47
"KDH",134702,"/Date(1701845254000)/",32000,400,2021200,64866000000,-100,false,-0.31
"KDH",134702,"/Date(1701845254000)/",32000,1600,2020800,64853000000,-100,false,-0.31
"KDH",134659,"/Date(1701845250000)/",32000,900,2019200,64802000000,-100,false,-0.31
"KDH",134649,"/Date(1701845241000)/",32000,200,2018300,64773000000,-100,false,-0.31
"KDH",134643,"/Date(1701845235000)/",31950,700,2018100,64767000000,-150,true,-0.47
"KDH",134636,"/Date(1701845230000)/",31950,100,2017400,64745000000,-150,true,-0.47
"KDH",134636,"/Date(1701845229000)/",31950,200,2017300,64742000000,-150,true,-0.47
"KDH",134627,"/Date(1701845218000)/",31950,100,2017100,64735000000,-150,true,-0.47
"KDH",134627,"/Date(1701845218000)/",31950,800,2017000,64732000000,-150,true,-0.47
"KDH",134555,"/Date(1701845188000)/",32000,100,2016200,64706000000,-100,false,-0.31
"KDH",134555,"/Date(1701845187000)/",32000,2200,2016100,64703000000,-100,false,-0.31
"KDH",134555,"/Date(1701845187000)/",32000,800,2013900,64633000000,-100,false,-0.31
"KDH",134555,"/Date(1701845185000)/",31950,200,2013100,64607000000,-150,true,-0.47
"KDH",134555,"/Date(1701845185000)/",31950,1100,2012900,64601000000,-150,true,-0.47
"KDH",134552,"/Date(1701845185000)/",31950,100,2011800,64566000000,-150,true,-0.47
"KDH",134545,"/Date(1701845176000)/",31950,1000,2011700,64562000000,-150,true,-0.47
"KDH",134542,"/Date(1701845175000)/",31950,700,2010700,64530000000,-150,true,-0.47
"KDH",134542,"/Date(1701845174000)/",31950,1200,2010000,64508000000,-150,true,-0.47
"KDH",134542,"/Date(1701845174000)/",31950,5900,2008800,64470000000,-150,true,-0.47
"KDH",134536,"/Date(1701845168000)/",31950,500,2002900,64281000000,-150,false,-0.47
"KDH",134533,"/Date(1701845165000)/",31950,1000,2002400,64265000000,-150,false,-0.47
"KDH",134533,"/Date(1701845164000)/",31950,800,2001400,64233000000,-150,false,-0.47
"KDH",134529,"/Date(1701845161000)/",31950,100,2000600,64208000000,-150,true,-0.47
"KDH",134523,"/Date(1701845156000)/",31950,900,2000500,64205000000,-150,true,-0.47
"KDH",134523,"/Date(1701845156000)/",31950,900,1999600,64176000000,-150,true,-0.47
"KDH",134514,"/Date(1701845145000)/",31950,200,1998700,64147000000,-150,false,-0.47
"KDH",134514,"/Date(1701845145000)/",31950,200,1998500,64141000000,-150,false,-0.47
"KDH",134514,"/Date(1701845145000)/",31950,3700,1998300,64134000000,-150,false,-0.47
"KDH",134510,"/Date(1701845143000)/",31900,100,1994600,64016000000,-200,true,-0.62
"KDH",134510,"/Date(1701845143000)/",31950,900,1994500,64013000000,-150,false,-0.47
"KDH",134507,"/Date(1701845140000)/",31950,500,1993600,63984000000,-150,false,-0.47
"KDH",134507,"/Date(1701845138000)/",31950,100,1993100,63968000000,-150,false,-0.47
"KDH",134507,"/Date(1701845138000)/",31900,200,1993000,63965000000,-200,true,-0.62
"KDH",134507,"/Date(1701845138000)/",31900,100,1992800,63959000000,-200,true,-0.62
"KDH",134504,"/Date(1701845135000)/",31950,200,1992700,63955000000,-150,true,-0.47
"KDH",134504,"/Date(1701845135000)/",31950,1500,1992500,63949000000,-150,true,-0.47
"KDH",134501,"/Date(1701845133000)/",31950,900,1991000,63901000000,-150,false,-0.47
"KDH",134501,"/Date(1701845132000)/",31950,1200,1990100,63872000000,-150,false,-0.47
"KDH",134501,"/Date(1701845132000)/",31950,1700,1988900,63834000000,-150,false,-0.47
"KDH",134501,"/Date(1701845132000)/",31950,1200,1987200,63780000000,-150,false,-0.47
"KDH",134501,"/Date(1701845132000)/",31950,3000,1986000,63741000000,-150,false,-0.47
"KDH",134501,"/Date(1701845132000)/",31950,500,1983000,63646000000,-150,false,-0.47
"KDH",134501,"/Date(1701845131000)/",31950,700,1982500,63630000000,-150,false,-0.47
"KDH",134501,"/Date(1701845131000)/",31950,300,1981800,63607000000,-150,false,-0.47
"KDH",134501,"/Date(1701845131000)/",31950,100,1981500,63598000000,-150,false,-0.47
"KDH",134501,"/Date(1701845131000)/",31950,900,1981400,63594000000,-150,false,-0.47
"KDH",134458,"/Date(1701845130000)/",31950,300,1980500,63566000000,-150,false,-0.47
"KDH",134458,"/Date(1701845130000)/",31950,200,1980200,63556000000,-150,false,-0.47
"KDH",134445,"/Date(1701845115000)/",31950,200,1980000,63550000000,-150,false,-0.47
"KDH",134445,"/Date(1701845115000)/",31950,7000,1979800,63543000000,-150,false,-0.47
"KDH",134445,"/Date(1701845115000)/",31950,8000,1972800,63320000000,-150,false,-0.47
"KDH",134442,"/Date(1701845114000)/",31900,200,1964800,63064000000,-200,true,-0.62
"KDH",134422,"/Date(1701845095000)/",31900,300,1964600,63058000000,-200,true,-0.62
"KDH",134422,"/Date(1701845095000)/",31900,300,1964300,63048000000,-200,true,-0.62
"KDH",134422,"/Date(1701845095000)/",31900,500,1964000,63038000000,-200,true,-0.62
"KDH",134422,"/Date(1701845095000)/",31900,700,1963500,63023000000,-200,true,-0.62
"KDH",134422,"/Date(1701845095000)/",31900,100,1962800,63000000000,-200,true,-0.62
"KDH",134419,"/Date(1701845092000)/",31900,100,1962700,62997000000,-200,true,-0.62
"KDH",134419,"/Date(1701845092000)/",31900,100,1962600,62994000000,-200,true,-0.62
"KDH",134419,"/Date(1701845092000)/",31900,100,1962500,62991000000,-200,true,-0.62
"KDH",134419,"/Date(1701845092000)/",31900,700,1962400,62987000000,-200,true,-0.62
"KDH",134419,"/Date(1701845092000)/",31900,300,1961700,62965000000,-200,true,-0.62
"KDH",134419,"/Date(1701845092000)/",31900,1700,1961400,62956000000,-200,true,-0.62
"KDH",134410,"/Date(1701845082000)/",31950,100,1959700,62901000000,-150,false,-0.47
"KDH",134354,"/Date(1701845065000)/",31900,300,1959600,62898000000,-200,true,-0.62
"KDH",134354,"/Date(1701845065000)/",31900,1000,1959300,62889000000,-200,true,-0.62
"KDH",134354,"/Date(1701845065000)/",31900,200,1958300,62857000000,-200,true,-0.62
"KDH",134354,"/Date(1701845065000)/",31900,3000,1958100,62850000000,-200,true,-0.62
"KDH",134354,"/Date(1701845065000)/",31900,1000,1955100,62755000000,-200,true,-0.62
"KDH",134354,"/Date(1701845065000)/",31900,100,1954100,62723000000,-200,true,-0.62
"KDH",134354,"/Date(1701845065000)/",31900,400,1954000,62719000000,-200,true,-0.62
"KDH",134354,"/Date(1701845065000)/",31900,500,1953600,62707000000,-200,true,-0.62
"KDH",134354,"/Date(1701845065000)/",31900,2100,1953100,62691000000,-200,true,-0.62
"KDH",134354,"/Date(1701845065000)/",31900,500,1951000,62624000000,-200,true,-0.62
"KDH",134354,"/Date(1701845065000)/",31900,2000,1950500,62608000000,-200,true,-0.62
"KDH",134354,"/Date(1701845065000)/",31900,1000,1948500,62544000000,-200,true,-0.62
"KDH",134354,"/Date(1701845065000)/",31900,100,1947500,62512000000,-200,true,-0.62
"KDH",134354,"/Date(1701845065000)/",31900,100,1947400,62509000000,-200,true,-0.62
"KDH",134354,"/Date(1701845065000)/",31900,100,1947300,62506000000,-200,true,-0.62
"KDH",134354,"/Date(1701845065000)/",31900,400,1947200,62503000000,-200,true,-0.62
"KDH",134354,"/Date(1701845065000)/",31900,100,1946800,62490000000,-200,true,-0.62
"KDH",134354,"/Date(1701845065000)/",31900,100,1946700,62487000000,-200,true,-0.62
"KDH",134354,"/Date(1701845065000)/",31900,200,1946600,62483000000,-200,true,-0.62
"KDH",134354,"/Date(1701845065000)/",31900,300,1946400,62477000000,-200,true,-0.62
"KDH",134354,"/Date(1701845065000)/",31900,1000,1946100,62467000000,-200,true,-0.62
"KDH",134354,"/Date(1701845065000)/",31900,100,1945100,62436000000,-200,true,-0.62
"KDH",134354,"/Date(1701845065000)/",31900,100,1945000,62432000000,-200,true,-0.62
"KDH",134354,"/Date(1701845065000)/",31900,100,1944900,62429000000,-200,true,-0.62
"KDH",134354,"/Date(1701845065000)/",31900,1700,1944800,62426000000,-200,true,-0.62
"KDH",134347,"/Date(1701845061000)/",31900,100,1943100,62372000000,-200,true,-0.62
"KDH",134347,"/Date(1701845060000)/",31900,1200,1943000,62369000000,-200,true,-0.62
"KDH",134347,"/Date(1701845060000)/",31900,2800,1941800,62330000000,-200,true,-0.62
"KDH",134338,"/Date(1701845049000)/",31900,900,1939000,62241000000,-200,true,-0.62
"KDH",134335,"/Date(1701845047000)/",31900,300,1938100,62212000000,-200,true,-0.62
"KDH",134331,"/Date(1701845044000)/",31950,500,1937800,62203000000,-150,false,-0.47
"KDH",134315,"/Date(1701845028000)/",31950,200,1937300,62187000000,-150,false,-0.47
"KDH",134312,"/Date(1701845024000)/",31950,1000,1937100,62180000000,-150,false,-0.47
"KDH",134309,"/Date(1701845020000)/",31950,200,1936100,62148000000,-150,false,-0.47
"KDH",134309,"/Date(1701845020000)/",31950,800,1935900,62142000000,-150,false,-0.47
"KDH",134309,"/Date(1701845020000)/",31900,100,1935100,62116000000,-200,true,-0.62
"KDH",134256,"/Date(1701845008000)/",31900,900,1935000,62113000000,-200,true,-0.62
"KDH",134247,"/Date(1701844998000)/",31950,200,1934100,62085000000,-150,false,-0.47
"KDH",134237,"/Date(1701844990000)/",31950,800,1933900,62078000000,-150,false,-0.47
"KDH",134234,"/Date(1701844986000)/",31950,2000,1933100,62053000000,-150,false,-0.47
"KDH",134234,"/Date(1701844986000)/",31950,1000,1931100,61989000000,-150,false,-0.47
"KDH",134224,"/Date(1701844977000)/",31950,200,1930100,61957000000,-150,false,-0.47
"KDH",134224,"/Date(1701844977000)/",31950,300,1929900,61950000000,-150,false,-0.47
"KDH",134224,"/Date(1701844977000)/",31900,100,1929600,61941000000,-200,true,-0.62
"KDH",134224,"/Date(1701844975000)/",31950,100,1929500,61938000000,-150,false,-0.47
"KDH",134218,"/Date(1701844971000)/",31950,800,1929400,61934000000,-150,false,-0.47
"KDH",134218,"/Date(1701844971000)/",31950,6700,1928600,61909000000,-150,false,-0.47
"KDH",134218,"/Date(1701844971000)/",31950,1600,1921900,61695000000,-150,false,-0.47
"KDH",134218,"/Date(1701844971000)/",31950,900,1920300,61644000000,-150,false,-0.47
"KDH",134215,"/Date(1701844967000)/",31950,100,1919400,61615000000,-150,false,-0.47
"KDH",134215,"/Date(1701844965000)/",31900,900,1919300,61612000000,-200,true,-0.62
"KDH",134215,"/Date(1701844965000)/",31950,1200,1918400,61583000000,-150,false,-0.47
"KDH",134205,"/Date(1701844957000)/",31950,100,1917200,61545000000,-150,false,-0.47
"KDH",134205,"/Date(1701844957000)/",31950,500,1917100,61541000000,-150,false,-0.47
"KDH",134153,"/Date(1701844943000)/",31950,100,1916600,61525000000,-150,true,-0.47
"KDH",134153,"/Date(1701844943000)/",31950,400,1916500,61522000000,-150,true,-0.47
"KDH",134153,"/Date(1701844943000)/",31950,800,1916100,61509000000,-150,true,-0.47
"KDH",134153,"/Date(1701844943000)/",31950,100,1915300,61484000000,-150,true,-0.47
"KDH",134153,"/Date(1701844943000)/",31950,1100,1915200,61481000000,-150,true,-0.47
"KDH",134153,"/Date(1701844943000)/",31950,100,1914100,61446000000,-150,true,-0.47
"KDH",134149,"/Date(1701844939000)/",31950,8800,1914000,61442000000,-150,true,-0.47
"KDH",134149,"/Date(1701844939000)/",31950,1000,1905200,61161000000,-150,true,-0.47
"KDH",134149,"/Date(1701844939000)/",31950,900,1904200,61129000000,-150,true,-0.47
"KDH",134149,"/Date(1701844939000)/",31950,1000,1903300,61101000000,-150,true,-0.47
"KDH",134149,"/Date(1701844939000)/",31950,500,1902300,61069000000,-150,true,-0.47
"KDH",134149,"/Date(1701844939000)/",31950,500,1901800,61053000000,-150,true,-0.47
"KDH",134149,"/Date(1701844939000)/",31950,4000,1901300,61037000000,-150,true,-0.47
"KDH",134149,"/Date(1701844939000)/",31950,2000,1897300,60909000000,-150,true,-0.47
"KDH",134143,"/Date(1701844934000)/",31950,100,1895300,60845000000,-150,true,-0.47
"KDH",134133,"/Date(1701844926000)/",31950,700,1895200,60842000000,-150,true,-0.47
"KDH",134133,"/Date(1701844926000)/",31950,500,1894500,60819000000,-150,true,-0.47
"KDH",134133,"/Date(1701844925000)/",31950,500,1894000,60803000000,-150,true,-0.47
"KDH",134133,"/Date(1701844925000)/",31950,500,1893500,60787000000,-150,true,-0.47
"KDH",134130,"/Date(1701844922000)/",32000,200,1893000,60771000000,-100,false,-0.31
"KDH",134124,"/Date(1701844914000)/",32000,2300,1892800,60765000000,-100,false,-0.31
"KDH",134124,"/Date(1701844914000)/",32000,1300,1890500,60691000000,-100,false,-0.31
"KDH",134124,"/Date(1701844914000)/",32000,600,1889200,60650000000,-100,false,-0.31
"KDH",134124,"/Date(1701844914000)/",32000,400,1888600,60631000000,-100,false,-0.31
"KDH",134124,"/Date(1701844914000)/",32000,400,1888200,60618000000,-100,false,-0.31
"KDH",134121,"/Date(1701844911000)/",31950,300,1887800,60605000000,-150,true,-0.47
"KDH",134121,"/Date(1701844911000)/",31950,200,1887500,60595000000,-150,true,-0.47
"KDH",134121,"/Date(1701844911000)/",31950,200,1887300,60589000000,-150,true,-0.47
"KDH",134121,"/Date(1701844911000)/",31950,100,1887100,60583000000,-150,true,-0.47
"KDH",134121,"/Date(1701844911000)/",31950,100,1887000,60579000000,-150,true,-0.47
"KDH",134121,"/Date(1701844911000)/",31950,100,1886900,60576000000,-150,true,-0.47
"KDH",134121,"/Date(1701844911000)/",31950,500,1886800,60573000000,-150,true,-0.47
"KDH",134121,"/Date(1701844911000)/",31950,100,1886300,60557000000,-150,true,-0.47
"KDH",134121,"/Date(1701844911000)/",31950,200,1886200,60554000000,-150,true,-0.47
"KDH",134121,"/Date(1701844911000)/",31950,1200,1886000,60548000000,-150,true,-0.47
"KDH",134117,"/Date(1701844907000)/",31950,300,1884800,60509000000,-150,true,-0.47
"KDH",134101,"/Date(1701844893000)/",31950,100,1884500,60500000000,-150,true,-0.47
"KDH",134055,"/Date(1701844886000)/",31950,1200,1884400,60496000000,-150,true,-0.47
"KDH",134055,"/Date(1701844885000)/",31950,200,1883200,60458000000,-150,true,-0.47
"KDH",134055,"/Date(1701844885000)/",31950,400,1883000,60452000000,-150,true,-0.47
"KDH",134052,"/Date(1701844883000)/",31950,600,1882600,60439000000,-150,true,-0.47
"KDH",134052,"/Date(1701844883000)/",31950,300,1882000,60420000000,-150,true,-0.47
"KDH",134042,"/Date(1701844875000)/",32000,100,1881700,60410000000,-100,false,-0.31
"KDH",134039,"/Date(1701844869000)/",32000,100,1881600,60407000000,-100,false,-0.31
"KDH",134023,"/Date(1701844856000)/",31950,200,1881500,60404000000,-150,true,-0.47
"KDH",134023,"/Date(1701844856000)/",31950,1000,1881300,60397000000,-150,true,-0.47
"KDH",134023,"/Date(1701844856000)/",31950,2000,1880300,60365000000,-150,true,-0.47
"KDH",134023,"/Date(1701844856000)/",31950,1600,1878300,60302000000,-150,true,-0.47
"KDH",134023,"/Date(1701844855000)/",31950,300,1876700,60250000000,-150,true,-0.47
"KDH",134017,"/Date(1701844847000)/",31950,1200,1876400,60241000000,-150,true,-0.47
"KDH",134010,"/Date(1701844840000)/",31950,700,1875200,60202000000,-150,true,-0.47
"KDH",134010,"/Date(1701844840000)/",32000,100,1874500,60180000000,-100,false,-0.31
"KDH",134010,"/Date(1701844840000)/",32000,100,1874400,60177000000,-100,false,-0.31
"KDH",133955,"/Date(1701844827000)/",32000,400,1874300,60174000000,-100,false,-0.31
"KDH",133955,"/Date(1701844827000)/",32000,500,1873900,60161000000,-100,false,-0.31
"KDH",133951,"/Date(1701844823000)/",32000,100,1873400,60145000000,-100,false,-0.31
"KDH",133945,"/Date(1701844816000)/",31950,500,1873300,60142000000,-150,true,-0.47
"KDH",133945,"/Date(1701844816000)/",32000,900,1872800,60126000000,-100,false,-0.31
"KDH",133945,"/Date(1701844816000)/",32000,1000,1871900,60097000000,-100,false,-0.31
"KDH",133945,"/Date(1701844816000)/",32000,100,1870900,60065000000,-100,false,-0.31
"KDH",133945,"/Date(1701844816000)/",32000,100,1870800,60062000000,-100,false,-0.31
"KDH",133945,"/Date(1701844816000)/",32000,100,1870700,60059000000,-100,false,-0.31
"KDH",133938,"/Date(1701844811000)/",31950,100,1870600,60055000000,-150,true,-0.47
"KDH",133935,"/Date(1701844807000)/",31950,1200,1870500,60052000000,-150,true,-0.47
"KDH",133926,"/Date(1701844797000)/",31950,200,1869300,60014000000,-150,true,-0.47
"KDH",133857,"/Date(1701844770000)/",31950,100,1869100,60007000000,-150,true,-0.47
"KDH",133851,"/Date(1701844763000)/",32050,100,1869000,60004000000,-50,false,-0.16
"KDH",133847,"/Date(1701844758000)/",31950,900,1868900,60001000000,-150,true,-0.47
"KDH",133841,"/Date(1701844753000)/",31950,3200,1868000,59972000000,-150,true,-0.47
"KDH",133841,"/Date(1701844753000)/",31950,8800,1864800,59870000000,-150,true,-0.47
"KDH",133841,"/Date(1701844753000)/",32000,100,1856000,59589000000,-100,true,-0.31
"KDH",133841,"/Date(1701844753000)/",32000,800,1855900,59586000000,-100,true,-0.31
"KDH",133841,"/Date(1701844753000)/",32000,100,1855100,59560000000,-100,true,-0.31
"KDH",133841,"/Date(1701844753000)/",32000,7000,1855000,59557000000,-100,true,-0.31
"KDH",133838,"/Date(1701844749000)/",32000,2300,1848000,59333000000,-100,true,-0.31
"KDH",133825,"/Date(1701844735000)/",32000,1200,1845700,59259000000,-100,true,-0.31
"KDH",133819,"/Date(1701844731000)/",32000,5000,1844500,59221000000,-100,true,-0.31
"KDH",133815,"/Date(1701844727000)/",32000,1200,1839500,59061000000,-100,true,-0.31
"KDH",133815,"/Date(1701844726000)/",32000,100,1838300,59022000000,-100,true,-0.31
"KDH",133806,"/Date(1701844718000)/",32000,2300,1838200,59019000000,-100,true,-0.31
"KDH",133803,"/Date(1701844714000)/",32000,900,1835900,58946000000,-100,true,-0.31
"KDH",133803,"/Date(1701844714000)/",32000,100,1835000,58917000000,-100,true,-0.31
"KDH",133803,"/Date(1701844713000)/",32000,600,1834900,58914000000,-100,true,-0.31
"KDH",133800,"/Date(1701844710000)/",32050,100,1834300,58894000000,-50,false,-0.16
"KDH",133753,"/Date(1701844705000)/",32000,1800,1834200,58891000000,-100,true,-0.31
"KDH",133753,"/Date(1701844704000)/",32000,600,1832400,58834000000,-100,true,-0.31
"KDH",133744,"/Date(1701844695000)/",32000,100,1831800,58814000000,-100,true,-0.31
"KDH",133737,"/Date(1701844688000)/",32000,2300,1831700,58811000000,-100,true,-0.31
"KDH",133737,"/Date(1701844687000)/",32000,1200,1829400,58738000000,-100,true,-0.31
"KDH",133734,"/Date(1701844686000)/",32000,100,1828200,58699000000,-100,true,-0.31
"KDH",133731,"/Date(1701844681000)/",32000,1500,1828100,58696000000,-100,false,-0.31
"KDH",133731,"/Date(1701844681000)/",32000,5000,1826600,58648000000,-100,false,-0.31
"KDH",133731,"/Date(1701844681000)/",32000,500,1821600,58488000000,-100,false,-0.31
"KDH",133731,"/Date(1701844681000)/",32000,1500,1821100,58472000000,-100,false,-0.31
"KDH",133731,"/Date(1701844681000)/",32000,100,1819600,58424000000,-100,false,-0.31
"KDH",133731,"/Date(1701844681000)/",32000,4000,1819500,58421000000,-100,false,-0.31
"KDH",133731,"/Date(1701844681000)/",32000,600,1815500,58293000000,-100,false,-0.31
"KDH",133728,"/Date(1701844679000)/",32000,600,1814900,58274000000,-100,false,-0.31
"KDH",133724,"/Date(1701844674000)/",32000,1700,1814300,58254000000,-100,false,-0.31
"KDH",133724,"/Date(1701844674000)/",32000,8000,1812600,58200000000,-100,false,-0.31
"KDH",133724,"/Date(1701844674000)/",32000,300,1804600,57944000000,-100,false,-0.31
"KDH",133721,"/Date(1701844673000)/",31950,900,1804300,57934000000,-150,true,-0.47
"KDH",133718,"/Date(1701844669000)/",32000,100,1803400,57906000000,-100,false,-0.31
"KDH",133715,"/Date(1701844667000)/",32000,300,1803300,57902000000,-100,false,-0.31
"KDH",133715,"/Date(1701844667000)/",32000,200,1803000,57893000000,-100,false,-0.31
"KDH",133715,"/Date(1701844665000)/",32000,300,1802800,57886000000,-100,false,-0.31
"KDH",133715,"/Date(1701844665000)/",32000,400,1802500,57877000000,-100,false,-0.31
"KDH",133708,"/Date(1701844657000)/",32000,200,1802100,57864000000,-100,false,-0.31
"KDH",133705,"/Date(1701844656000)/",31950,300,1801900,57858000000,-150,true,-0.47
"KDH",133705,"/Date(1701844656000)/",31950,100,1801600,57848000000,-150,true,-0.47
"KDH",133705,"/Date(1701844656000)/",31950,200,1801500,57845000000,-150,true,-0.47
"KDH",133705,"/Date(1701844656000)/",31950,100,1801300,57839000000,-150,true,-0.47
"KDH",133705,"/Date(1701844656000)/",31950,200,1801200,57835000000,-150,true,-0.47
"KDH",133705,"/Date(1701844656000)/",31950,700,1801000,57829000000,-150,true,-0.47
"KDH",133656,"/Date(1701844648000)/",32000,100,1800300,57807000000,-100,false,-0.31
"KDH",133656,"/Date(1701844647000)/",31950,300,1800200,57803000000,-150,true,-0.47
"KDH",133656,"/Date(1701844647000)/",31950,200,1799900,57794000000,-150,true,-0.47
"KDH",133656,"/Date(1701844647000)/",31950,200,1799700,57787000000,-150,true,-0.47
"KDH",133656,"/Date(1701844647000)/",31950,100,1799500,57781000000,-150,true,-0.47
"KDH",133656,"/Date(1701844647000)/",31950,400,1799400,57778000000,-150,true,-0.47
"KDH",133656,"/Date(1701844645000)/",31950,100,1799000,57765000000,-150,true,-0.47
"KDH",133640,"/Date(1701844630000)/",31950,500,1798900,57762000000,-150,true,-0.47
"KDH",133640,"/Date(1701844630000)/",31950,500,1798400,57746000000,-150,true,-0.47
"KDH",133627,"/Date(1701844617000)/",32000,400,1797900,57730000000,-100,false,-0.31
"KDH",133614,"/Date(1701844604000)/",32000,100,1797500,57717000000,-100,false,-0.31
"KDH",133611,"/Date(1701844602000)/",31950,500,1797400,57714000000,-150,true,-0.47
"KDH",133611,"/Date(1701844602000)/",31950,100,1796900,57698000000,-150,true,-0.47
"KDH",133555,"/Date(1701844587000)/",31950,900,1796800,57695000000,-150,true,-0.47
"KDH",133542,"/Date(1701844573000)/",32000,100,1795900,57666000000,-100,false,-0.31
"KDH",133533,"/Date(1701844562000)/",32000,800,1795800,57663000000,-100,true,-0.31
"KDH",133533,"/Date(1701844562000)/",32000,100,1795000,57637000000,-100,true,-0.31
"KDH",133533,"/Date(1701844562000)/",32000,5000,1794900,57634000000,-100,true,-0.31
"KDH",133533,"/Date(1701844562000)/",32000,500,1789900,57474000000,-100,true,-0.31
"KDH",133529,"/Date(1701844561000)/",32000,600,1789400,57458000000,-100,true,-0.31
"KDH",133529,"/Date(1701844560000)/",32000,100,1788800,57439000000,-100,true,-0.31
"KDH",133526,"/Date(1701844558000)/",32000,500,1788700,57436000000,-100,true,-0.31
"KDH",133526,"/Date(1701844556000)/",32000,100,1788200,57420000000,-100,true,-0.31
"KDH",133520,"/Date(1701844551000)/",32050,200,1788100,57416000000,-50,false,-0.16
"KDH",133513,"/Date(1701844546000)/",32000,2000,1787900,57410000000,-100,true,-0.31
"KDH",133513,"/Date(1701844545000)/",32000,1000,1785900,57346000000,-100,true,-0.31
"KDH",133513,"/Date(1701844543000)/",32000,200,1784900,57314000000,-100,true,-0.31
"KDH",133513,"/Date(1701844543000)/",32000,2000,1784700,57308000000,-100,true,-0.31
"KDH",133513,"/Date(1701844543000)/",32000,800,1782700,57244000000,-100,true,-0.31
"KDH",133513,"/Date(1701844543000)/",32000,2000,1781900,57218000000,-100,true,-0.31
"KDH",133504,"/Date(1701844534000)/",32000,2200,1779900,57154000000,-100,true,-0.31
"KDH",133457,"/Date(1701844527000)/",32000,1200,1777700,57084000000,-100,true,-0.31
"KDH",133454,"/Date(1701844525000)/",32000,1200,1776500,57045000000,-100,true,-0.31
"KDH",133445,"/Date(1701844515000)/",32000,100,1775300,57007000000,-100,true,-0.31
"KDH",133438,"/Date(1701844509000)/",32000,2200,1775200,57004000000,-100,true,-0.31
"KDH",133435,"/Date(1701844506000)/",32000,2500,1773000,56933000000,-100,true,-0.31
"KDH",133435,"/Date(1701844506000)/",32000,500,1770500,56853000000,-100,true,-0.31
"KDH",133432,"/Date(1701844503000)/",32000,500,1770000,56837000000,-100,true,-0.31
"KDH",133432,"/Date(1701844503000)/",32000,400,1769500,56821000000,-100,true,-0.31
"KDH",133429,"/Date(1701844499000)/",32050,500,1769100,56808000000,-50,false,-0.16
"KDH",133429,"/Date(1701844499000)/",32050,3000,1768600,56792000000,-50,false,-0.16
"KDH",133429,"/Date(1701844499000)/",32050,1000,1765600,56696000000,-50,false,-0.16
"KDH",133429,"/Date(1701844499000)/",32050,500,1764600,56664000000,-50,false,-0.16
"KDH",133429,"/Date(1701844499000)/",32000,700,1764100,56648000000,-100,true,-0.31
"KDH",133429,"/Date(1701844498000)/",32050,100,1763400,56626000000,-50,false,-0.16
"KDH",133426,"/Date(1701844495000)/",32000,400,1763300,56622000000,-100,true,-0.31
"KDH",133416,"/Date(1701844488000)/",32000,500,1762900,56610000000,-100,true,-0.31
"KDH",133416,"/Date(1701844488000)/",32000,100,1762400,56594000000,-100,true,-0.31
"KDH",133416,"/Date(1701844488000)/",32000,600,1762300,56590000000,-100,true,-0.31
"KDH",133403,"/Date(1701844473000)/",32000,100,1761700,56571000000,-100,true,-0.31
"KDH",133400,"/Date(1701844472000)/",32000,200,1761600,56568000000,-100,true,-0.31
"KDH",133400,"/Date(1701844472000)/",32000,100,1761400,56562000000,-100,true,-0.31
"KDH",133400,"/Date(1701844472000)/",32000,300,1761300,56558000000,-100,true,-0.31
"KDH",133400,"/Date(1701844472000)/",32000,800,1761000,56549000000,-100,true,-0.31
"KDH",133400,"/Date(1701844472000)/",32000,800,1760200,56523000000,-100,true,-0.31
"KDH",133400,"/Date(1701844471000)/",32050,300,1759400,56498000000,-50,false,-0.16
"KDH",133400,"/Date(1701844471000)/",32050,300,1759100,56488000000,-50,false,-0.16
"KDH",133400,"/Date(1701844471000)/",32050,200,1758800,56478000000,-50,false,-0.16
"KDH",133354,"/Date(1701844464000)/",32050,100,1758600,56472000000,-50,false,-0.16
"KDH",133350,"/Date(1701844463000)/",32000,1000,1758500,56469000000,-100,true,-0.31
"KDH",133334,"/Date(1701844445000)/",32050,200,1757500,56437000000,-50,false,-0.16
"KDH",133331,"/Date(1701844441000)/",32000,200,1757300,56430000000,-100,true,-0.31
"KDH",133331,"/Date(1701844441000)/",32000,500,1757100,56424000000,-100,true,-0.31
"KDH",133331,"/Date(1701844441000)/",32000,1000,1756600,56408000000,-100,true,-0.31
"KDH",133331,"/Date(1701844441000)/",32000,500,1755600,56376000000,-100,true,-0.31
"KDH",133322,"/Date(1701844433000)/",32050,300,1755100,56360000000,-50,false,-0.16
"KDH",133322,"/Date(1701844431000)/",32000,100,1754800,56350000000,-100,true,-0.31
"KDH",133315,"/Date(1701844425000)/",32050,100,1754700,56347000000,-50,false,-0.16
"KDH",133303,"/Date(1701844414000)/",32050,1200,1754600,56344000000,-50,false,-0.16
"KDH",133303,"/Date(1701844414000)/",32050,300,1753400,56306000000,-50,false,-0.16
"KDH",133303,"/Date(1701844414000)/",32050,1200,1753100,56296000000,-50,false,-0.16
"KDH",133303,"/Date(1701844414000)/",32050,2300,1751900,56257000000,-50,false,-0.16
"KDH",133259,"/Date(1701844410000)/",32000,400,1749600,56184000000,-100,true,-0.31
"KDH",133259,"/Date(1701844410000)/",32000,1800,1749200,56171000000,-100,true,-0.31
"KDH",133256,"/Date(1701844408000)/",32000,1200,1747400,56113000000,-100,true,-0.31
"KDH",133256,"/Date(1701844406000)/",32000,2000,1746200,56075000000,-100,true,-0.31
"KDH",133240,"/Date(1701844392000)/",32050,100,1744200,56011000000,-50,false,-0.16
"KDH",133228,"/Date(1701844380000)/",32000,2200,1744100,56008000000,-100,true,-0.31
"KDH",133228,"/Date(1701844377000)/",32000,900,1741900,55937000000,-100,true,-0.31
"KDH",133224,"/Date(1701844375000)/",32000,400,1741000,55909000000,-100,true,-0.31
"KDH",133218,"/Date(1701844368000)/",32000,1200,1740600,55896000000,-100,true,-0.31
"KDH",133159,"/Date(1701844349000)/",32000,2200,1739400,55857000000,-100,true,-0.31
"KDH",133156,"/Date(1701844348000)/",32000,100,1737200,55787000000,-100,true,-0.31
"KDH",133156,"/Date(1701844345000)/",32000,800,1737100,55784000000,-100,true,-0.31
"KDH",133152,"/Date(1701844344000)/",32000,3000,1736300,55758000000,-100,true,-0.31
"KDH",133149,"/Date(1701844339000)/",32050,200,1733300,55662000000,-50,false,-0.16
"KDH",133143,"/Date(1701844334000)/",32000,1000,1733100,55656000000,-100,true,-0.31
"KDH",133137,"/Date(1701844328000)/",32000,1200,1732100,55624000000,-100,true,-0.31
"KDH",133127,"/Date(1701844318000)/",32000,2000,1730900,55585000000,-100,true,-0.31
"KDH",133127,"/Date(1701844318000)/",32000,200,1728900,55521000000,-100,true,-0.31
"KDH",133124,"/Date(1701844315000)/",32000,400,1728700,55515000000,-100,true,-0.31
"KDH",133114,"/Date(1701844305000)/",32000,100,1728300,55502000000,-100,true,-0.31
"KDH",133101,"/Date(1701844291000)/",32000,300,1728200,55499000000,-100,true,-0.31
"KDH",133101,"/Date(1701844291000)/",32000,600,1727900,55489000000,-100,true,-0.31
"KDH",133058,"/Date(1701844288000)/",32000,200,1727300,55470000000,-100,true,-0.31
"KDH",133058,"/Date(1701844288000)/",32000,300,1727100,55464000000,-100,true,-0.31
"KDH",133058,"/Date(1701844288000)/",32000,500,1726800,55454000000,-100,true,-0.31
"KDH",133058,"/Date(1701844288000)/",32000,200,1726300,55438000000,-100,true,-0.31
"KDH",133055,"/Date(1701844287000)/",32000,800,1726100,55432000000,-100,true,-0.31
"KDH",133055,"/Date(1701844287000)/",32000,200,1725300,55406000000,-100,true,-0.31
"KDH",133055,"/Date(1701844287000)/",32000,1000,1725100,55400000000,-100,true,-0.31
"KDH",133055,"/Date(1701844287000)/",32000,200,1724100,55368000000,-100,true,-0.31
"KDH",133055,"/Date(1701844286000)/",32050,100,1723900,55361000000,-50,false,-0.16
