"Stockcode","Package","TradingDate","Price","Vol","TotalVol","TotalVal","Change","IsBuy","PerChange"
"LPB",144427,"/Date(1701848701000)/",15750,134200,10765300,170607000000,400,false,2.61
"LPB",142920,"/Date(1701847796000)/",15750,400,10631100,168494000000,400,true,2.61
"LPB",142920,"/Date(1701847795000)/",15800,500,10630700,168487000000,450,false,2.93
"LPB",142920,"/Date(1701847795000)/",15750,100,10630200,168479000000,400,true,2.61
"LPB",142908,"/Date(1701847782000)/",15800,200,10630100,168478000000,450,false,2.93
"LPB",142858,"/Date(1701847772000)/",15800,30000,10629900,168475000000,450,false,2.93
"LPB",142852,"/Date(1701847768000)/",15800,500,10599900,168001000000,450,false,2.93
"LPB",142839,"/Date(1701847755000)/",15800,7000,10599400,167993000000,450,false,2.93
"LPB",142823,"/Date(1701847740000)/",15750,1500,10592400,167882000000,400,true,2.61
"LPB",142823,"/Date(1701847740000)/",15750,500,10590900,167859000000,400,true,2.61
"LPB",142823,"/Date(1701847740000)/",15750,500,10590400,167851000000,400,true,2.61
"LPB",142823,"/Date(1701847740000)/",15750,200,10589900,167843000000,400,true,2.61
"LPB",142823,"/Date(1701847740000)/",15750,200,10589700,167840000000,400,true,2.61
"LPB",142823,"/Date(1701847740000)/",15750,4900,10589500,167837000000,400,true,2.61
"LPB",142807,"/Date(1701847721000)/",15750,100,10584600,167759000000,400,true,2.61
"LPB",142807,"/Date(1701847721000)/",15800,10000,10584500,167758000000,450,false,2.93
"LPB",142800,"/Date(1701847715000)/",15750,300,10574500,167600000000,400,true,2.61
"LPB",142757,"/Date(1701847712000)/",15750,200,10574200,167595000000,400,true,2.61
"LPB",142744,"/Date(1701847699000)/",15800,200,10574000,167592000000,450,false,2.93
"LPB",142722,"/Date(1701847677000)/",15800,500,10573800,167589000000,450,false,2.93
"LPB",142716,"/Date(1701847673000)/",15750,200,10573300,167581000000,400,true,2.61
"LPB",142716,"/Date(1701847670000)/",15750,300,10573100,167578000000,400,true,2.61
"LPB",142713,"/Date(1701847669000)/",15750,100,10572800,167573000000,400,true,2.61
"LPB",142709,"/Date(1701847665000)/",15750,900,10572700,167571000000,400,true,2.61
"LPB",142706,"/Date(1701847660000)/",15750,200,10571800,167557000000,400,true,2.61
"LPB",142703,"/Date(1701847659000)/",15750,400,10571600,167554000000,400,true,2.61
"LPB",142700,"/Date(1701847657000)/",15750,400,10571200,167548000000,400,true,2.61
"LPB",142700,"/Date(1701847657000)/",15750,100,10570800,167541000000,400,true,2.61
"LPB",142700,"/Date(1701847655000)/",15750,400,10570700,167540000000,400,true,2.61
"LPB",142700,"/Date(1701847655000)/",15800,500,10570300,167534000000,450,false,2.93
"LPB",142653,"/Date(1701847650000)/",15750,300,10569800,167526000000,400,true,2.61
"LPB",142653,"/Date(1701847648000)/",15750,200,10569500,167521000000,400,true,2.61
"LPB",142647,"/Date(1701847641000)/",15750,300,10569300,167518000000,400,true,2.61
"LPB",142644,"/Date(1701847639000)/",15750,200,10569000,167513000000,400,true,2.61
"LPB",142641,"/Date(1701847637000)/",15750,400,10568800,167510000000,400,true,2.61
"LPB",142637,"/Date(1701847634000)/",15750,300,10568400,167504000000,400,true,2.61
"LPB",142637,"/Date(1701847632000)/",15750,200,10568100,167499000000,400,true,2.61
"LPB",142634,"/Date(1701847630000)/",15750,100,10567900,167496000000,400,true,2.61
"LPB",142634,"/Date(1701847629000)/",15750,100,10567800,167494000000,400,true,2.61
"LPB",142631,"/Date(1701847628000)/",15750,200,10567700,167493000000,400,true,2.61
"LPB",142631,"/Date(1701847626000)/",15750,300,10567500,167489000000,400,true,2.61
"LPB",142628,"/Date(1701847624000)/",15750,200,10567200,167485000000,400,true,2.61
"LPB",142625,"/Date(1701847619000)/",15750,300,10567000,167482000000,400,true,2.61
"LPB",142621,"/Date(1701847616000)/",15750,600,10566700,167477000000,400,true,2.61
"LPB",142618,"/Date(1701847614000)/",15750,400,10566100,167467000000,400,true,2.61
"LPB",142618,"/Date(1701847613000)/",15750,300,10565700,167461000000,400,true,2.61
"LPB",142615,"/Date(1701847612000)/",15750,100,10565400,167456000000,400,true,2.61
"LPB",142615,"/Date(1701847612000)/",15750,100,10565300,167455000000,400,true,2.61
"LPB",142615,"/Date(1701847612000)/",15800,800,10565200,167453000000,450,false,2.93
"LPB",142615,"/Date(1701847610000)/",15750,300,10564400,167441000000,400,true,2.61
"LPB",142615,"/Date(1701847610000)/",15800,10000,10564100,167436000000,450,false,2.93
"LPB",142612,"/Date(1701847609000)/",15750,400,10554100,167278000000,400,true,2.61
"LPB",142609,"/Date(1701847605000)/",15750,200,10553700,167272000000,400,true,2.61
"LPB",142609,"/Date(1701847603000)/",15750,300,10553500,167268000000,400,true,2.61
"LPB",142605,"/Date(1701847601000)/",15750,500,10553200,167264000000,400,true,2.61
"LPB",142605,"/Date(1701847600000)/",15750,400,10552700,167256000000,400,true,2.61
"LPB",142602,"/Date(1701847598000)/",15750,200,10552300,167250000000,400,true,2.61
"LPB",142546,"/Date(1701847582000)/",15800,2400,10552100,167246000000,450,false,2.93
"LPB",142546,"/Date(1701847582000)/",15800,300,10549700,167208000000,450,false,2.93
"LPB",142537,"/Date(1701847571000)/",15800,500,10549400,167204000000,450,false,2.93
"LPB",142533,"/Date(1701847569000)/",15800,500,10548900,167196000000,450,false,2.93
"LPB",142533,"/Date(1701847569000)/",15800,22000,10548400,167188000000,450,false,2.93
"LPB",142533,"/Date(1701847569000)/",15750,500,10526400,166840000000,400,true,2.61
"LPB",142533,"/Date(1701847569000)/",15750,500,10525900,166832000000,400,true,2.61
"LPB",142524,"/Date(1701847560000)/",15750,100,10525400,166825000000,400,true,2.61
"LPB",142430,"/Date(1701847505000)/",15750,200,10525300,166823000000,400,true,2.61
"LPB",142430,"/Date(1701847504000)/",15750,200,10525100,166820000000,400,true,2.61
"LPB",142430,"/Date(1701847504000)/",15750,200,10524900,166817000000,400,true,2.61
"LPB",142423,"/Date(1701847499000)/",15750,200,10524700,166814000000,400,true,2.61
"LPB",142420,"/Date(1701847496000)/",15750,300,10524500,166810000000,400,true,2.61
"LPB",142420,"/Date(1701847494000)/",15750,200,10524200,166806000000,400,true,2.61
"LPB",142414,"/Date(1701847491000)/",15750,400,10524000,166803000000,400,true,2.61
"LPB",142414,"/Date(1701847489000)/",15750,300,10523600,166796000000,400,true,2.61
"LPB",142410,"/Date(1701847486000)/",15750,400,10523300,166792000000,400,true,2.61
"LPB",142407,"/Date(1701847483000)/",15750,200,10522900,166785000000,400,true,2.61
"LPB",142401,"/Date(1701847476000)/",15750,400,10522700,166782000000,400,true,2.61
"LPB",142358,"/Date(1701847474000)/",15750,200,10522300,166776000000,400,true,2.61
"LPB",142358,"/Date(1701847472000)/",15750,400,10522100,166773000000,400,true,2.61
"LPB",142355,"/Date(1701847470000)/",15750,200,10521700,166766000000,400,true,2.61
"LPB",142355,"/Date(1701847469000)/",15800,1000,10521500,166763000000,450,false,2.93
"LPB",142351,"/Date(1701847467000)/",15750,500,10520500,166747000000,400,true,2.61
"LPB",142348,"/Date(1701847465000)/",15750,400,10520000,166739000000,400,true,2.61
"LPB",142348,"/Date(1701847463000)/",15750,300,10519600,166733000000,400,true,2.61
"LPB",142348,"/Date(1701847462000)/",15750,400,10519300,166728000000,400,true,2.61
"LPB",142339,"/Date(1701847454000)/",15750,300,10518900,166722000000,400,true,2.61
"LPB",142339,"/Date(1701847452000)/",15750,500,10518600,166717000000,400,true,2.61
"LPB",142335,"/Date(1701847451000)/",15750,400,10518100,166710000000,400,true,2.61
"LPB",142335,"/Date(1701847449000)/",15750,300,10517700,166703000000,400,true,2.61
"LPB",142332,"/Date(1701847448000)/",15750,400,10517400,166699000000,400,true,2.61
"LPB",142329,"/Date(1701847445000)/",15750,500,10517000,166692000000,400,true,2.61
"LPB",142329,"/Date(1701847443000)/",15750,300,10516500,166684000000,400,true,2.61
"LPB",142326,"/Date(1701847441000)/",15800,500,10516200,166680000000,450,false,2.93
"LPB",142326,"/Date(1701847441000)/",15750,400,10515700,166672000000,400,true,2.61
"LPB",142316,"/Date(1701847431000)/",15800,300,10515300,166665000000,450,false,2.93
"LPB",142251,"/Date(1701847406000)/",15800,100,10515000,166661000000,450,false,2.93
"LPB",142200,"/Date(1701847356000)/",15750,2500,10514900,166659000000,400,true,2.61
"LPB",142147,"/Date(1701847342000)/",15800,1000,10512400,166620000000,450,false,2.93
"LPB",142118,"/Date(1701847313000)/",15750,2700,10511400,166604000000,400,true,2.61
"LPB",141933,"/Date(1701847207000)/",15750,400,10508700,166561000000,400,true,2.61
"LPB",141930,"/Date(1701847206000)/",15750,300,10508300,166555000000,400,true,2.61
"LPB",141930,"/Date(1701847204000)/",15750,500,10508000,166550000000,400,true,2.61
"LPB",141926,"/Date(1701847202000)/",15750,300,10507500,166543000000,400,true,2.61
"LPB",141926,"/Date(1701847201000)/",15750,100,10507200,166538000000,400,true,2.61
"LPB",141926,"/Date(1701847200000)/",15750,500,10507100,166536000000,400,true,2.61
"LPB",141923,"/Date(1701847199000)/",15750,400,10506600,166528000000,400,true,2.61
"LPB",141923,"/Date(1701847197000)/",15750,300,10506200,166522000000,400,true,2.61
"LPB",141920,"/Date(1701847195000)/",15750,600,10505900,166517000000,400,true,2.61
"LPB",141917,"/Date(1701847193000)/",15750,500,10505300,166508000000,400,true,2.61
"LPB",141917,"/Date(1701847191000)/",15750,400,10504800,166500000000,400,true,2.61
"LPB",141914,"/Date(1701847189000)/",15750,300,10504400,166494000000,400,true,2.61
"LPB",141904,"/Date(1701847178000)/",15800,4200,10504100,166489000000,450,true,2.93
"LPB",141858,"/Date(1701847172000)/",15850,100,10499900,166423000000,500,false,3.26
"LPB",141823,"/Date(1701847136000)/",15800,1000,10499800,166421000000,450,true,2.93
"LPB",141732,"/Date(1701847086000)/",15800,200,10498800,166405000000,450,false,2.93
"LPB",141732,"/Date(1701847086000)/",15800,2300,10498600,166402000000,450,false,2.93
"LPB",141732,"/Date(1701847086000)/",15800,2300,10496300,166366000000,450,false,2.93
"LPB",141644,"/Date(1701847037000)/",15800,200,10494000,166329000000,450,false,2.93
"LPB",141644,"/Date(1701847037000)/",15800,500,10493800,166326000000,450,false,2.93
"LPB",141644,"/Date(1701847037000)/",15800,1000,10493300,166318000000,450,false,2.93
"LPB",141644,"/Date(1701847037000)/",15800,800,10492300,166303000000,450,false,2.93
"LPB",141644,"/Date(1701847037000)/",15800,2000,10491500,166290000000,450,false,2.93
"LPB",141644,"/Date(1701847037000)/",15800,1400,10489500,166258000000,450,false,2.93
"LPB",141411,"/Date(1701846884000)/",15800,100,10488100,166236000000,450,true,2.93
"LPB",141339,"/Date(1701846853000)/",15800,200,10488000,166235000000,450,true,2.93
"LPB",141339,"/Date(1701846852000)/",15800,500,10487800,166231000000,450,true,2.93
"LPB",141329,"/Date(1701846843000)/",15800,100,10487300,166224000000,450,true,2.93
"LPB",141300,"/Date(1701846815000)/",15800,200,10487200,166222000000,450,true,2.93
"LPB",141157,"/Date(1701846751000)/",15800,1300,10487000,166219000000,450,true,2.93
"LPB",141128,"/Date(1701846722000)/",15800,100,10485700,166198000000,450,true,2.93
"LPB",141112,"/Date(1701846707000)/",15800,100,10485600,166197000000,450,true,2.93
"LPB",141109,"/Date(1701846702000)/",15800,1000,10485500,166195000000,450,true,2.93
"LPB",141053,"/Date(1701846685000)/",15850,22500,10484500,166179000000,500,false,3.26
"LPB",141053,"/Date(1701846685000)/",15850,1000,10462000,165823000000,500,false,3.26
"LPB",141053,"/Date(1701846685000)/",15850,800,10461000,165807000000,500,false,3.26
"LPB",141053,"/Date(1701846685000)/",15850,400,10460200,165794000000,500,false,3.26
"LPB",141053,"/Date(1701846685000)/",15800,300,10459800,165788000000,450,false,2.93
"LPB",140958,"/Date(1701846632000)/",15800,200,10459500,165783000000,450,false,2.93
"LPB",140949,"/Date(1701846623000)/",15800,500,10459300,165780000000,450,false,2.93
"LPB",140946,"/Date(1701846621000)/",15800,100,10458800,165772000000,450,false,2.93
"LPB",140946,"/Date(1701846621000)/",15800,200,10458700,165770000000,450,false,2.93
"LPB",140946,"/Date(1701846621000)/",15800,600,10458500,165767000000,450,false,2.93
"LPB",140911,"/Date(1701846583000)/",15800,20000,10457900,165758000000,450,false,2.93
"LPB",140907,"/Date(1701846580000)/",15750,100,10437900,165442000000,400,true,2.61
"LPB",140851,"/Date(1701846567000)/",15750,400,10437800,165440000000,400,true,2.61
"LPB",140851,"/Date(1701846565000)/",15750,500,10437400,165434000000,400,true,2.61
"LPB",140851,"/Date(1701846565000)/",15800,25000,10436900,165426000000,450,false,2.93
"LPB",140848,"/Date(1701846563000)/",15750,300,10411900,165031000000,400,true,2.61
"LPB",140848,"/Date(1701846561000)/",15750,400,10411600,165026000000,400,true,2.61
"LPB",140845,"/Date(1701846560000)/",15750,400,10411200,165020000000,400,true,2.61
"LPB",140845,"/Date(1701846560000)/",15750,200,10410800,165014000000,400,true,2.61
"LPB",140845,"/Date(1701846560000)/",15750,100,10410600,165011000000,400,true,2.61
"LPB",140845,"/Date(1701846557000)/",15750,100,10410500,165009000000,400,true,2.61
"LPB",140845,"/Date(1701846557000)/",15750,300,10410400,165007000000,400,true,2.61
"LPB",140842,"/Date(1701846555000)/",15750,600,10410100,165003000000,400,true,2.61
"LPB",140839,"/Date(1701846552000)/",15750,500,10409500,164993000000,400,true,2.61
"LPB",140835,"/Date(1701846549000)/",15750,200,10409000,164985000000,400,true,2.61
"LPB",140832,"/Date(1701846547000)/",15750,500,10408800,164982000000,400,true,2.61
"LPB",140832,"/Date(1701846546000)/",15750,300,10408300,164974000000,400,true,2.61
"LPB",140829,"/Date(1701846542000)/",15800,1000,10408000,164970000000,450,false,2.93
"LPB",140748,"/Date(1701846501000)/",15800,3400,10407000,164954000000,450,false,2.93
"LPB",140748,"/Date(1701846501000)/",15800,100,10403600,164900000000,450,false,2.93
"LPB",140748,"/Date(1701846501000)/",15800,100,10403500,164898000000,450,false,2.93
"LPB",140748,"/Date(1701846501000)/",15800,100,10403400,164897000000,450,false,2.93
"LPB",140748,"/Date(1701846501000)/",15800,400,10403300,164895000000,450,false,2.93
"LPB",140748,"/Date(1701846501000)/",15800,200,10402900,164889000000,450,false,2.93
"LPB",140748,"/Date(1701846501000)/",15800,100,10402700,164886000000,450,false,2.93
"LPB",140748,"/Date(1701846501000)/",15800,300,10402600,164884000000,450,false,2.93
"LPB",140748,"/Date(1701846501000)/",15800,300,10402300,164880000000,450,false,2.93
"LPB",140732,"/Date(1701846484000)/",15750,100,10402000,164875000000,400,true,2.61
"LPB",140716,"/Date(1701846470000)/",15750,300,10401900,164873000000,400,true,2.61
"LPB",140641,"/Date(1701846433000)/",15750,300,10401600,164868000000,400,true,2.61
"LPB",140637,"/Date(1701846432000)/",15750,200,10401300,164864000000,400,true,2.61
"LPB",140612,"/Date(1701846406000)/",15750,300,10401100,164861000000,400,true,2.61
"LPB",140609,"/Date(1701846404000)/",15750,500,10400800,164856000000,400,true,2.61
"LPB",140605,"/Date(1701846400000)/",15750,900,10400300,164848000000,400,true,2.61
"LPB",140605,"/Date(1701846400000)/",15750,600,10399400,164834000000,400,true,2.61
"LPB",140605,"/Date(1701846400000)/",15750,5000,10398800,164824000000,400,true,2.61
"LPB",140605,"/Date(1701846400000)/",15750,200,10393800,164746000000,400,true,2.61
"LPB",140605,"/Date(1701846400000)/",15750,500,10393600,164742000000,400,true,2.61
"LPB",140605,"/Date(1701846400000)/",15750,400,10393100,164735000000,400,true,2.61
"LPB",140605,"/Date(1701846400000)/",15750,500,10392700,164728000000,400,true,2.61
"LPB",140605,"/Date(1701846400000)/",15750,1000,10392200,164720000000,400,true,2.61
"LPB",140605,"/Date(1701846400000)/",15750,2000,10391200,164705000000,400,true,2.61
"LPB",140605,"/Date(1701846400000)/",15750,200,10389200,164673000000,400,true,2.61
"LPB",140605,"/Date(1701846400000)/",15750,3700,10389000,164670000000,400,true,2.61
"LPB",140605,"/Date(1701846399000)/",15750,5000,10385300,164612000000,400,true,2.61
"LPB",140559,"/Date(1701846393000)/",15750,1300,10380300,164533000000,400,true,2.61
"LPB",140559,"/Date(1701846393000)/",15750,8700,10379000,164513000000,400,true,2.61
"LPB",140556,"/Date(1701846391000)/",15750,100,10370300,164376000000,400,true,2.61
"LPB",140556,"/Date(1701846390000)/",15750,1000,10370200,164374000000,400,true,2.61
"LPB",140556,"/Date(1701846389000)/",15750,200,10369200,164358000000,400,true,2.61
"LPB",140556,"/Date(1701846389000)/",15750,300,10369000,164355000000,400,true,2.61
"LPB",140553,"/Date(1701846387000)/",15750,200,10368700,164350000000,400,true,2.61
"LPB",140553,"/Date(1701846387000)/",15750,200,10368500,164347000000,400,true,2.61
"LPB",140549,"/Date(1701846383000)/",15750,300,10368300,164344000000,400,true,2.61
"LPB",140546,"/Date(1701846376000)/",15750,100,10368000,164339000000,400,true,2.61
"LPB",140537,"/Date(1701846369000)/",15750,500,10367900,164338000000,400,true,2.61
"LPB",140534,"/Date(1701846367000)/",15750,300,10367400,164330000000,400,true,2.61
"LPB",140530,"/Date(1701846366000)/",15750,500,10367100,164325000000,400,true,2.61
"LPB",140530,"/Date(1701846364000)/",15750,100,10366600,164317000000,400,true,2.61
"LPB",140530,"/Date(1701846363000)/",15750,400,10366500,164316000000,400,true,2.61
"LPB",140508,"/Date(1701846342000)/",15800,300,10366100,164309000000,450,false,2.93
"LPB",140508,"/Date(1701846342000)/",15800,400,10365800,164305000000,450,false,2.93
"LPB",140508,"/Date(1701846342000)/",15800,500,10365400,164298000000,450,false,2.93
"LPB",140508,"/Date(1701846342000)/",15800,3800,10364900,164290000000,450,false,2.93
"LPB",140449,"/Date(1701846323000)/",15800,1000,10361100,164230000000,450,true,2.93
"LPB",140449,"/Date(1701846323000)/",15800,1600,10360100,164215000000,450,true,2.93
"LPB",140449,"/Date(1701846323000)/",15800,100,10358500,164189000000,450,true,2.93
"LPB",140449,"/Date(1701846323000)/",15800,5000,10358400,164188000000,450,true,2.93
"LPB",140449,"/Date(1701846323000)/",15800,200,10353400,164109000000,450,true,2.93
"LPB",140449,"/Date(1701846323000)/",15800,30000,10353200,164106000000,450,true,2.93
"LPB",140449,"/Date(1701846323000)/",15800,1000,10323200,163632000000,450,true,2.93
"LPB",140449,"/Date(1701846323000)/",15800,1500,10322200,163616000000,450,true,2.93
"LPB",140449,"/Date(1701846323000)/",15800,5000,10320700,163592000000,450,true,2.93
"LPB",140449,"/Date(1701846323000)/",15800,25000,10315700,163513000000,450,true,2.93
"LPB",140449,"/Date(1701846323000)/",15800,3000,10290700,163118000000,450,true,2.93
"LPB",140449,"/Date(1701846323000)/",15800,500,10287700,163071000000,450,true,2.93
"LPB",140449,"/Date(1701846323000)/",15800,5000,10287200,163063000000,450,true,2.93
"LPB",140449,"/Date(1701846323000)/",15800,900,10282200,162984000000,450,true,2.93
"LPB",140449,"/Date(1701846323000)/",15800,200,10281300,162970000000,450,true,2.93
"LPB",140449,"/Date(1701846323000)/",15800,200,10281100,162966000000,450,true,2.93
"LPB",140449,"/Date(1701846323000)/",15800,1000,10280900,162963000000,450,true,2.93
"LPB",140449,"/Date(1701846323000)/",15800,1000,10279900,162947000000,450,true,2.93
"LPB",140449,"/Date(1701846323000)/",15800,100,10278900,162932000000,450,true,2.93
"LPB",140449,"/Date(1701846323000)/",15800,10000,10278800,162930000000,450,true,2.93
"LPB",140449,"/Date(1701846323000)/",15800,100,10268800,162772000000,450,true,2.93
"LPB",140449,"/Date(1701846323000)/",15800,3800,10268700,162770000000,450,true,2.93
"LPB",140449,"/Date(1701846322000)/",15800,400,10264900,162710000000,450,true,2.93
"LPB",140446,"/Date(1701846320000)/",15800,600,10264500,162704000000,450,true,2.93
"LPB",140446,"/Date(1701846318000)/",15800,200,10263900,162695000000,450,true,2.93
"LPB",140446,"/Date(1701846318000)/",15800,300,10263700,162691000000,450,true,2.93
"LPB",140442,"/Date(1701846316000)/",15800,200,10263400,162687000000,450,true,2.93
"LPB",140442,"/Date(1701846316000)/",15800,300,10263200,162684000000,450,true,2.93
"LPB",140427,"/Date(1701846299000)/",15850,5000,10262900,162679000000,500,true,3.26
"LPB",140427,"/Date(1701846299000)/",15850,100,10257900,162600000000,500,true,3.26
"LPB",140427,"/Date(1701846299000)/",15850,100,10257800,162598000000,500,true,3.26
"LPB",140427,"/Date(1701846299000)/",15850,100,10257700,162596000000,500,true,3.26
"LPB",140427,"/Date(1701846299000)/",15850,800,10257600,162595000000,500,true,3.26
"LPB",140351,"/Date(1701846265000)/",15850,200,10256800,162582000000,500,true,3.26
"LPB",140351,"/Date(1701846265000)/",15850,600,10256600,162579000000,500,true,3.26
"LPB",140351,"/Date(1701846265000)/",15850,400,10256000,162569000000,500,true,3.26
"LPB",140332,"/Date(1701846246000)/",15850,200,10255600,162563000000,500,true,3.26
"LPB",140332,"/Date(1701846246000)/",15850,2500,10255400,162560000000,500,true,3.26
"LPB",140300,"/Date(1701846215000)/",15850,500,10252900,162520000000,500,true,3.26
"LPB",140202,"/Date(1701846155000)/",15850,2000,10252400,162512000000,500,true,3.26
"LPB",140202,"/Date(1701846155000)/",15850,100,10250400,162481000000,500,true,3.26
"LPB",140202,"/Date(1701846155000)/",15850,400,10250300,162479000000,500,true,3.26
"LPB",140202,"/Date(1701846155000)/",15850,5000,10249900,162473000000,500,true,3.26
"LPB",140202,"/Date(1701846155000)/",15850,300,10244900,162394000000,500,true,3.26
"LPB",140134,"/Date(1701846126000)/",15850,100,10244600,162389000000,500,true,3.26
"LPB",140124,"/Date(1701846118000)/",15850,4600,10244500,162387000000,500,true,3.26
"LPB",140124,"/Date(1701846118000)/",15850,500,10239900,162314000000,500,true,3.26
"LPB",140124,"/Date(1701846118000)/",15850,2700,10239400,162306000000,500,true,3.26
"LPB",135958,"/Date(1701846031000)/",15850,700,10236700,162264000000,500,true,3.26
"LPB",135955,"/Date(1701846028000)/",15850,100,10236000,162252000000,500,true,3.26
"LPB",135936,"/Date(1701846009000)/",15850,7800,10235900,162251000000,500,true,3.26
"LPB",135932,"/Date(1701846004000)/",15850,300,10228100,162127000000,500,true,3.26
"LPB",135907,"/Date(1701845978000)/",15850,2000,10227800,162122000000,500,true,3.26
"LPB",135854,"/Date(1701845966000)/",15850,100,10225800,162091000000,500,true,3.26
"LPB",135851,"/Date(1701845963000)/",15850,100,10225700,162089000000,500,true,3.26
"LPB",135819,"/Date(1701845933000)/",15850,500,10225600,162088000000,500,true,3.26
"LPB",135806,"/Date(1701845920000)/",15850,800,10225100,162080000000,500,true,3.26
"LPB",135803,"/Date(1701845916000)/",15850,400,10224300,162067000000,500,true,3.26
"LPB",135753,"/Date(1701845905000)/",15850,7800,10223900,162061000000,500,true,3.26
"LPB",135753,"/Date(1701845905000)/",15850,1000,10216100,161937000000,500,true,3.26
"LPB",135747,"/Date(1701845900000)/",15850,500,10215100,161921000000,500,true,3.26
"LPB",135747,"/Date(1701845898000)/",15850,200,10214600,161913000000,500,true,3.26
"LPB",135747,"/Date(1701845898000)/",15850,100,10214400,161910000000,500,true,3.26
"LPB",135744,"/Date(1701845897000)/",15850,300,10214300,161909000000,500,true,3.26
"LPB",135744,"/Date(1701845897000)/",15850,5000,10214000,161904000000,500,true,3.26
"LPB",135744,"/Date(1701845897000)/",15850,300,10209000,161824000000,500,true,3.26
"LPB",135744,"/Date(1701845897000)/",15850,600,10208700,161820000000,500,true,3.26
"LPB",135744,"/Date(1701845897000)/",15850,100,10208100,161810000000,500,true,3.26
"LPB",135744,"/Date(1701845897000)/",15850,1500,10208000,161809000000,500,true,3.26
"LPB",135744,"/Date(1701845896000)/",15850,400,10206500,161785000000,500,true,3.26
"LPB",135740,"/Date(1701845894000)/",15850,100,10206100,161779000000,500,true,3.26
"LPB",135740,"/Date(1701845894000)/",15850,100,10206000,161777000000,500,true,3.26
"LPB",135737,"/Date(1701845891000)/",15850,1000,10205900,161775000000,500,true,3.26
"LPB",135737,"/Date(1701845889000)/",15850,1500,10204900,161760000000,500,true,3.26
"LPB",135737,"/Date(1701845889000)/",15850,1000,10203400,161736000000,500,true,3.26
"LPB",135737,"/Date(1701845889000)/",15850,100,10202400,161720000000,500,true,3.26
"LPB",135737,"/Date(1701845889000)/",15850,5200,10202300,161718000000,500,true,3.26
"LPB",135734,"/Date(1701845887000)/",15850,800,10197100,161636000000,500,true,3.26
"LPB",135731,"/Date(1701845885000)/",15850,300,10196300,161623000000,500,true,3.26
"LPB",135731,"/Date(1701845883000)/",15850,600,10196000,161618000000,500,true,3.26
"LPB",135724,"/Date(1701845879000)/",15850,400,10195400,161609000000,500,true,3.26
"LPB",135724,"/Date(1701845877000)/",15850,600,10195000,161603000000,500,true,3.26
"LPB",135724,"/Date(1701845876000)/",15900,2600,10194400,161593000000,550,false,3.58
"LPB",135721,"/Date(1701845874000)/",15850,500,10191800,161552000000,500,true,3.26
"LPB",135718,"/Date(1701845871000)/",15850,300,10191300,161544000000,500,true,3.26
"LPB",135718,"/Date(1701845870000)/",15850,400,10191000,161539000000,500,true,3.26
"LPB",135715,"/Date(1701845868000)/",15850,600,10190600,161533000000,500,true,3.26
"LPB",135712,"/Date(1701845866000)/",15850,300,10190000,161523000000,500,true,3.26
"LPB",135712,"/Date(1701845866000)/",15850,100,10189700,161518000000,500,true,3.26
"LPB",135712,"/Date(1701845863000)/",15850,500,10189600,161517000000,500,true,3.26
"LPB",135709,"/Date(1701845861000)/",15850,400,10189100,161509000000,500,true,3.26
"LPB",135656,"/Date(1701845850000)/",15900,200,10188700,161503000000,550,false,3.58
"LPB",135643,"/Date(1701845837000)/",15900,5000,10188500,161499000000,550,false,3.58
"LPB",135636,"/Date(1701845828000)/",15900,700,10183500,161420000000,550,true,3.58
"LPB",135636,"/Date(1701845828000)/",15900,100,10182800,161409000000,550,true,3.58
"LPB",135636,"/Date(1701845828000)/",15900,4000,10182700,161407000000,550,true,3.58
"LPB",135636,"/Date(1701845828000)/",15900,5000,10178700,161344000000,550,true,3.58
"LPB",135636,"/Date(1701845828000)/",15900,1000,10173700,161264000000,550,true,3.58
"LPB",135636,"/Date(1701845828000)/",15900,500,10172700,161248000000,550,true,3.58
"LPB",135636,"/Date(1701845828000)/",15900,10000,10172200,161240000000,550,true,3.58
"LPB",135636,"/Date(1701845828000)/",15900,4500,10162200,161081000000,550,true,3.58
"LPB",135614,"/Date(1701845807000)/",15900,500,10157700,161010000000,550,true,3.58
"LPB",135614,"/Date(1701845807000)/",15900,1500,10157200,161002000000,550,true,3.58
"LPB",135552,"/Date(1701845786000)/",15900,100,10155700,160978000000,550,true,3.58
"LPB",135536,"/Date(1701845767000)/",15900,100,10155600,160976000000,550,true,3.58
"LPB",135520,"/Date(1701845753000)/",15900,700,10155500,160975000000,550,true,3.58
"LPB",135457,"/Date(1701845731000)/",15900,500,10154800,160964000000,550,true,3.58
"LPB",135448,"/Date(1701845720000)/",15900,100,10154300,160956000000,550,true,3.58
"LPB",135422,"/Date(1701845696000)/",15900,400,10154200,160954000000,550,true,3.58
"LPB",135422,"/Date(1701845694000)/",15900,300,10153800,160948000000,550,true,3.58
"LPB",135419,"/Date(1701845692000)/",15900,1300,10153500,160943000000,550,true,3.58
"LPB",135419,"/Date(1701845692000)/",15900,100,10152200,160922000000,550,true,3.58
"LPB",135419,"/Date(1701845692000)/",15900,1100,10152100,160921000000,550,true,3.58
"LPB",135419,"/Date(1701845692000)/",15900,2000,10151000,160903000000,550,true,3.58
"LPB",135419,"/Date(1701845692000)/",15900,20500,10149000,160871000000,550,true,3.58
"LPB",135419,"/Date(1701845691000)/",15900,400,10128500,160545000000,550,true,3.58
"LPB",135413,"/Date(1701845685000)/",15900,300,10128100,160539000000,550,true,3.58
"LPB",135403,"/Date(1701845676000)/",15900,3500,10127800,160534000000,550,true,3.58
"LPB",135400,"/Date(1701845673000)/",15900,600,10124300,160479000000,550,true,3.58
"LPB",135357,"/Date(1701845671000)/",15900,500,10123700,160469000000,550,true,3.58
"LPB",135354,"/Date(1701845668000)/",15900,400,10123200,160461000000,550,true,3.58
"LPB",135354,"/Date(1701845668000)/",15900,5000,10122800,160455000000,550,true,3.58
"LPB",135354,"/Date(1701845666000)/",15900,300,10117800,160375000000,550,true,3.58
"LPB",135354,"/Date(1701845664000)/",15900,400,10117500,160371000000,550,true,3.58
"LPB",135350,"/Date(1701845663000)/",15900,600,10117100,160364000000,550,true,3.58
"LPB",135347,"/Date(1701845661000)/",15950,2200,10116500,160355000000,600,false,3.91
"LPB",135347,"/Date(1701845660000)/",15900,400,10114300,160320000000,550,true,3.58
"LPB",135347,"/Date(1701845658000)/",15900,300,10113900,160313000000,550,true,3.58
"LPB",135344,"/Date(1701845656000)/",15900,400,10113600,160308000000,550,true,3.58
"LPB",135341,"/Date(1701845655000)/",15900,500,10113200,160302000000,550,true,3.58
"LPB",135341,"/Date(1701845652000)/",15900,400,10112700,160294000000,550,true,3.58
"LPB",135312,"/Date(1701845626000)/",15900,900,10112300,160288000000,550,true,3.58
"LPB",135253,"/Date(1701845606000)/",15900,100,10111400,160273000000,550,true,3.58
"LPB",135202,"/Date(1701845553000)/",15900,2000,10111300,160272000000,550,true,3.58
"LPB",135120,"/Date(1701845514000)/",15900,400,10109300,160240000000,550,true,3.58
"LPB",135120,"/Date(1701845512000)/",15900,500,10108900,160234000000,550,true,3.58
"LPB",135117,"/Date(1701845510000)/",15900,500,10108400,160226000000,550,true,3.58
"LPB",135114,"/Date(1701845507000)/",15900,200,10107900,160218000000,550,false,3.58
"LPB",135114,"/Date(1701845506000)/",15900,1000,10107700,160215000000,550,false,3.58
"LPB",135114,"/Date(1701845506000)/",15900,2900,10106700,160199000000,550,false,3.58
"LPB",135048,"/Date(1701845482000)/",15900,200,10103800,160153000000,550,false,3.58
"LPB",135045,"/Date(1701845477000)/",15900,1900,10103600,160149000000,550,true,3.58
"LPB",135023,"/Date(1701845456000)/",15900,200,10101700,160119000000,550,true,3.58
"LPB",134954,"/Date(1701845428000)/",15900,500,10101500,160116000000,550,true,3.58
"LPB",134951,"/Date(1701845424000)/",15900,400,10101000,160108000000,550,true,3.58
"LPB",134948,"/Date(1701845421000)/",15900,300,10100600,160102000000,550,true,3.58
"LPB",134948,"/Date(1701845420000)/",15900,6700,10100300,160097000000,550,true,3.58
"LPB",134948,"/Date(1701845420000)/",15900,100,10093600,159990000000,550,true,3.58
"LPB",134948,"/Date(1701845420000)/",15900,1000,10093500,159989000000,550,true,3.58
"LPB",134948,"/Date(1701845419000)/",15900,600,10092500,159973000000,550,true,3.58
"LPB",134945,"/Date(1701845416000)/",15900,500,10091900,159963000000,550,true,3.58
"LPB",134941,"/Date(1701845414000)/",15900,200,10091400,159955000000,550,true,3.58
"LPB",134941,"/Date(1701845414000)/",15900,200,10091200,159952000000,550,true,3.58
"LPB",134941,"/Date(1701845413000)/",15900,100,10091000,159949000000,550,true,3.58
"LPB",134941,"/Date(1701845412000)/",15900,300,10090900,159947000000,550,true,3.58
"LPB",134938,"/Date(1701845409000)/",15900,100,10090600,159943000000,550,true,3.58
"LPB",134938,"/Date(1701845409000)/",15900,600,10090500,159941000000,550,true,3.58
"LPB",134932,"/Date(1701845405000)/",15900,500,10089900,159932000000,550,true,3.58
"LPB",134932,"/Date(1701845403000)/",15900,300,10089400,159924000000,550,true,3.58
"LPB",134929,"/Date(1701845402000)/",15900,7800,10089100,159919000000,550,true,3.58
"LPB",134929,"/Date(1701845401000)/",15900,600,10081300,159795000000,550,true,3.58
"LPB",134926,"/Date(1701845399000)/",15900,1000,10080700,159785000000,550,true,3.58
"LPB",134926,"/Date(1701845398000)/",15900,300,10079700,159769000000,550,true,3.58
"LPB",134926,"/Date(1701845398000)/",15900,200,10079400,159765000000,550,true,3.58
"LPB",134926,"/Date(1701845397000)/",15900,400,10079200,159761000000,550,true,3.58
"LPB",134922,"/Date(1701845394000)/",15900,300,10078800,159755000000,550,true,3.58
"LPB",134903,"/Date(1701845375000)/",15900,1000,10078500,159750000000,550,true,3.58
"LPB",134854,"/Date(1701845366000)/",15900,500,10077500,159734000000,550,true,3.58
"LPB",134838,"/Date(1701845350000)/",15900,5000,10077000,159726000000,550,false,3.58
"LPB",134838,"/Date(1701845350000)/",15900,500,10072000,159647000000,550,false,3.58
"LPB",134838,"/Date(1701845350000)/",15900,17100,10071500,159639000000,550,false,3.58
"LPB",134822,"/Date(1701845335000)/",15900,1000,10054400,159367000000,550,false,3.58
"LPB",134819,"/Date(1701845329000)/",15900,1000,10053400,159351000000,550,false,3.58
"LPB",134815,"/Date(1701845327000)/",15900,500,10052400,159335000000,550,false,3.58
"LPB",134815,"/Date(1701845327000)/",15900,1300,10051900,159327000000,550,false,3.58
"LPB",134815,"/Date(1701845327000)/",15900,2000,10050600,159307000000,550,false,3.58
"LPB",134815,"/Date(1701845327000)/",15900,200,10048600,159275000000,550,false,3.58
"LPB",134815,"/Date(1701845327000)/",15900,100,10048400,159272000000,550,false,3.58
"LPB",134815,"/Date(1701845327000)/",15900,200,10048300,159270000000,550,false,3.58
"LPB",134815,"/Date(1701845327000)/",15900,900,10048100,159267000000,550,false,3.58
"LPB",134812,"/Date(1701845324000)/",15900,1000,10047200,159253000000,550,true,3.58
"LPB",134809,"/Date(1701845321000)/",15900,200,10046200,159237000000,550,true,3.58
"LPB",134759,"/Date(1701845311000)/",15900,400,10046000,159234000000,550,true,3.58
"LPB",134756,"/Date(1701845310000)/",15900,500,10045600,159227000000,550,true,3.58
"LPB",134756,"/Date(1701845310000)/",15900,100,10045100,159219000000,550,true,3.58
"LPB",134756,"/Date(1701845310000)/",15900,1200,10045000,159218000000,550,true,3.58
"LPB",134756,"/Date(1701845309000)/",15900,300,10043800,159199000000,550,true,3.58
"LPB",134756,"/Date(1701845307000)/",15900,800,10043500,159194000000,550,true,3.58
"LPB",134756,"/Date(1701845307000)/",15900,600,10042700,159181000000,550,true,3.58
"LPB",134753,"/Date(1701845305000)/",15900,500,10042100,159172000000,550,true,3.58
"LPB",134750,"/Date(1701845302000)/",15900,400,10041600,159164000000,550,true,3.58
"LPB",134747,"/Date(1701845299000)/",15900,300,10041200,159157000000,550,true,3.58
"LPB",134744,"/Date(1701845297000)/",15900,700,10040900,159152000000,550,true,3.58
"LPB",134744,"/Date(1701845295000)/",15900,600,10040200,159141000000,550,true,3.58
"LPB",134740,"/Date(1701845293000)/",15900,500,10039600,159132000000,550,true,3.58
"LPB",134740,"/Date(1701845291000)/",15900,300,10039100,159124000000,550,true,3.58
"LPB",134737,"/Date(1701845289000)/",15900,600,10038800,159119000000,550,true,3.58
"LPB",134734,"/Date(1701845287000)/",15900,500,10038200,159110000000,550,true,3.58
"LPB",134734,"/Date(1701845285000)/",15900,400,10037700,159102000000,550,true,3.58
"LPB",134731,"/Date(1701845283000)/",15900,200,10037300,159095000000,550,true,3.58
"LPB",134731,"/Date(1701845283000)/",15900,100,10037100,159092000000,550,true,3.58
"LPB",134731,"/Date(1701845283000)/",15900,200,10037000,159090000000,550,true,3.58
"LPB",134724,"/Date(1701845276000)/",15900,100,10036800,159087000000,550,true,3.58
"LPB",134652,"/Date(1701845245000)/",15900,1700,10036700,159086000000,550,true,3.58
"LPB",134652,"/Date(1701845245000)/",15900,1000,10035000,159059000000,550,true,3.58
"LPB",134652,"/Date(1701845245000)/",15900,1200,10034000,159043000000,550,true,3.58
"LPB",134652,"/Date(1701845245000)/",15900,600,10032800,159024000000,550,true,3.58
"LPB",134608,"/Date(1701845201000)/",15950,400,10032200,159014000000,600,false,3.91
"LPB",134549,"/Date(1701845179000)/",16000,2800,10031800,159008000000,650,false,4.23
"LPB",134549,"/Date(1701845179000)/",15950,200,10029000,158963000000,600,false,3.91
"LPB",134545,"/Date(1701845177000)/",15950,1800,10028800,158960000000,600,true,3.91
"LPB",134545,"/Date(1701845176000)/",16000,5000,10027000,158931000000,650,false,4.23
"LPB",134533,"/Date(1701845165000)/",15950,600,10022000,158851000000,600,true,3.91
"LPB",134533,"/Date(1701845164000)/",15950,200,10021400,158842000000,600,true,3.91
"LPB",134526,"/Date(1701845158000)/",15950,2400,10021200,158838000000,600,false,3.91
"LPB",134523,"/Date(1701845155000)/",15950,3500,10018800,158800000000,600,true,3.91
"LPB",134523,"/Date(1701845155000)/",15950,100,10015300,158744000000,600,true,3.91
"LPB",134523,"/Date(1701845155000)/",15950,1300,10015200,158743000000,600,true,3.91
"LPB",134523,"/Date(1701845155000)/",15950,500,10013900,158722000000,600,true,3.91
"LPB",134517,"/Date(1701845148000)/",15950,2500,10013400,158714000000,600,true,3.91
"LPB",134517,"/Date(1701845148000)/",15950,1000,10010900,158674000000,600,true,3.91
"LPB",134517,"/Date(1701845148000)/",15950,100,10009900,158658000000,600,true,3.91
"LPB",134517,"/Date(1701845148000)/",15950,4200,10009800,158656000000,600,true,3.91
"LPB",134517,"/Date(1701845147000)/",15950,1000,10005600,158589000000,600,true,3.91
"LPB",134458,"/Date(1701845130000)/",15950,900,10004600,158574000000,600,true,3.91
"LPB",134454,"/Date(1701845126000)/",15950,800,10003700,158559000000,600,true,3.91
"LPB",134451,"/Date(1701845124000)/",15950,700,10002900,158546000000,600,true,3.91
"LPB",134451,"/Date(1701845124000)/",16000,3000,10002200,158535000000,650,false,4.23
"LPB",134451,"/Date(1701845121000)/",15950,200,9999200,158487000000,600,true,3.91
"LPB",134451,"/Date(1701845121000)/",15950,200,9999000,158484000000,600,true,3.91
"LPB",134451,"/Date(1701845121000)/",15950,100,9998800,158481000000,600,true,3.91
"LPB",134448,"/Date(1701845119000)/",15950,400,9998700,158479000000,600,true,3.91
"LPB",134448,"/Date(1701845118000)/",15950,200,9998300,158473000000,600,true,3.91
"LPB",134445,"/Date(1701845115000)/",15950,600,9998100,158470000000,600,true,3.91
"LPB",134442,"/Date(1701845112000)/",15950,300,9997500,158460000000,600,true,3.91
"LPB",134435,"/Date(1701845108000)/",15950,200,9997200,158455000000,600,true,3.91
"LPB",134435,"/Date(1701845107000)/",15950,1200,9997000,158452000000,600,true,3.91
"LPB",134435,"/Date(1701845107000)/",15950,100,9995800,158433000000,600,true,3.91
"LPB",134435,"/Date(1701845107000)/",15950,200,9995700,158431000000,600,true,3.91
"LPB",134435,"/Date(1701845106000)/",15950,800,9995500,158428000000,600,true,3.91
"LPB",134435,"/Date(1701845106000)/",15950,200,9994700,158415000000,600,true,3.91
"LPB",134432,"/Date(1701845105000)/",15950,700,9994500,158412000000,600,true,3.91
"LPB",134432,"/Date(1701845103000)/",15950,100,9993800,158401000000,600,true,3.91
"LPB",134432,"/Date(1701845103000)/",15950,500,9993700,158400000000,600,true,3.91
"LPB",134429,"/Date(1701845100000)/",15950,300,9993200,158392000000,600,true,3.91
"LPB",134426,"/Date(1701845097000)/",15950,200,9992900,158387000000,600,true,3.91
"LPB",134422,"/Date(1701845095000)/",15950,1000,9992700,158384000000,600,true,3.91
"LPB",134422,"/Date(1701845094000)/",15950,1500,9991700,158368000000,600,true,3.91
"LPB",134419,"/Date(1701845089000)/",15950,800,9990200,158344000000,600,true,3.91
"LPB",134416,"/Date(1701845087000)/",15950,500,9989400,158331000000,600,true,3.91
"LPB",134413,"/Date(1701845085000)/",15950,400,9988900,158323000000,600,true,3.91
"LPB",134403,"/Date(1701845074000)/",15950,1000,9988500,158317000000,600,true,3.91
"LPB",134338,"/Date(1701845050000)/",15950,100,9987500,158301000000,600,true,3.91
"LPB",134335,"/Date(1701845046000)/",15950,2000,9987400,158299000000,600,true,3.91
"LPB",134328,"/Date(1701845037000)/",15950,300,9985400,158267000000,600,true,3.91
"LPB",134306,"/Date(1701845018000)/",15950,100,9985100,158262000000,600,true,3.91
"LPB",134240,"/Date(1701844992000)/",15950,100,9985000,158261000000,600,true,3.91
"LPB",134228,"/Date(1701844978000)/",15950,200,9984900,158259000000,600,true,3.91
"LPB",134228,"/Date(1701844978000)/",15950,100,9984700,158256000000,600,true,3.91
"LPB",134218,"/Date(1701844970000)/",16000,1000,9984600,158254000000,650,false,4.23
"LPB",134212,"/Date(1701844962000)/",16000,5000,9983600,158238000000,650,false,4.23
"LPB",134149,"/Date(1701844940000)/",16000,41000,9978600,158158000000,650,false,4.23
"LPB",134149,"/Date(1701844940000)/",16000,2000,9937600,157502000000,650,false,4.23
"LPB",134149,"/Date(1701844940000)/",16000,1500,9935600,157470000000,650,false,4.23
"LPB",134149,"/Date(1701844940000)/",16000,3000,9934100,157446000000,650,false,4.23
"LPB",134149,"/Date(1701844940000)/",16000,100,9931100,157398000000,650,false,4.23
"LPB",134149,"/Date(1701844940000)/",16000,200,9931000,157397000000,650,false,4.23
"LPB",134149,"/Date(1701844940000)/",16000,200,9930800,157394000000,650,false,4.23
"LPB",134149,"/Date(1701844940000)/",16000,100,9930600,157390000000,650,false,4.23
"LPB",134149,"/Date(1701844940000)/",16000,100,9930500,157389000000,650,false,4.23
"LPB",134149,"/Date(1701844940000)/",16000,200,9930400,157387000000,650,false,4.23
"LPB",134149,"/Date(1701844940000)/",16000,300,9930200,157384000000,650,false,4.23
"LPB",134149,"/Date(1701844940000)/",16000,200,9929900,157379000000,650,false,4.23
"LPB",134149,"/Date(1701844940000)/",16000,5000,9929700,157376000000,650,false,4.23
"LPB",134149,"/Date(1701844940000)/",16000,300,9924700,157296000000,650,false,4.23
"LPB",134149,"/Date(1701844940000)/",16000,700,9924400,157291000000,650,false,4.23
"LPB",134149,"/Date(1701844940000)/",16000,1000,9923700,157280000000,650,false,4.23
"LPB",134149,"/Date(1701844940000)/",16000,100000,9922700,157264000000,650,false,4.23
"LPB",134149,"/Date(1701844940000)/",16000,200,9822700,155664000000,650,false,4.23
"LPB",134149,"/Date(1701844940000)/",16000,1100,9822500,155661000000,650,false,4.23
"LPB",134149,"/Date(1701844940000)/",16000,2000,9821400,155643000000,650,false,4.23
"LPB",134149,"/Date(1701844940000)/",16000,1000,9819400,155611000000,650,false,4.23
"LPB",134149,"/Date(1701844940000)/",16000,700,9818400,155595000000,650,false,4.23
"LPB",134149,"/Date(1701844940000)/",16000,500,9817700,155584000000,650,false,4.23
"LPB",134149,"/Date(1701844940000)/",16000,2800,9817200,155576000000,650,false,4.23
"LPB",134149,"/Date(1701844940000)/",16000,1000,9814400,155531000000,650,false,4.23
"LPB",134149,"/Date(1701844940000)/",16000,4000,9813400,155515000000,650,false,4.23
"LPB",134149,"/Date(1701844940000)/",16000,900,9809400,155451000000,650,false,4.23
"LPB",134149,"/Date(1701844940000)/",16000,500,9808500,155437000000,650,false,4.23
"LPB",134149,"/Date(1701844940000)/",16000,2000,9808000,155429000000,650,false,4.23
"LPB",134149,"/Date(1701844940000)/",16000,100,9806000,155397000000,650,false,4.23
"LPB",134149,"/Date(1701844940000)/",16000,100,9805900,155395000000,650,false,4.23
"LPB",134149,"/Date(1701844940000)/",16000,300,9805800,155394000000,650,false,4.23
"LPB",134149,"/Date(1701844940000)/",16000,1000,9805500,155389000000,650,false,4.23
"LPB",134149,"/Date(1701844940000)/",16000,600,9804500,155373000000,650,false,4.23
"LPB",134149,"/Date(1701844940000)/",16000,200,9803900,155363000000,650,false,4.23
"LPB",134149,"/Date(1701844940000)/",16000,100,9803700,155360000000,650,false,4.23
"LPB",134149,"/Date(1701844940000)/",16000,3000,9803600,155358000000,650,false,4.23
"LPB",134149,"/Date(1701844940000)/",16000,2000,9800600,155310000000,650,false,4.23
"LPB",134149,"/Date(1701844940000)/",16000,200,9798600,155278000000,650,false,4.23
"LPB",134149,"/Date(1701844940000)/",16000,100,9798400,155275000000,650,false,4.23
"LPB",134149,"/Date(1701844940000)/",16000,400,9798300,155274000000,650,false,4.23
"LPB",134149,"/Date(1701844940000)/",16000,2700,9797900,155267000000,650,false,4.23
"LPB",134149,"/Date(1701844940000)/",16000,400,9795200,155224000000,650,false,4.23
"LPB",134149,"/Date(1701844940000)/",16000,100,9794800,155218000000,650,false,4.23
"LPB",134149,"/Date(1701844940000)/",16000,100,9794700,155216000000,650,false,4.23
"LPB",134149,"/Date(1701844940000)/",16000,600,9794600,155214000000,650,false,4.23
"LPB",134149,"/Date(1701844940000)/",16000,300,9794000,155205000000,650,false,4.23
"LPB",134149,"/Date(1701844940000)/",16000,1000,9793700,155200000000,650,false,4.23
"LPB",134149,"/Date(1701844940000)/",16000,100,9792700,155184000000,650,false,4.23
"LPB",134149,"/Date(1701844940000)/",16000,200,9792600,155182000000,650,false,4.23
"LPB",134149,"/Date(1701844940000)/",16000,3400,9792400,155179000000,650,false,4.23
"LPB",134149,"/Date(1701844940000)/",16000,10000,9789000,155125000000,650,false,4.23
"LPB",134149,"/Date(1701844940000)/",16000,20400,9779000,154965000000,650,false,4.23
"LPB",134143,"/Date(1701844933000)/",16000,179600,9758600,154638000000,650,false,4.23
"LPB",134143,"/Date(1701844933000)/",16000,103900,9579000,151765000000,650,false,4.23
"LPB",134143,"/Date(1701844933000)/",15950,60000,9475100,150102000000,600,false,3.91
"LPB",134143,"/Date(1701844933000)/",15950,10000,9415100,149145000000,600,false,3.91
"LPB",134143,"/Date(1701844933000)/",15950,1200,9405100,148986000000,600,false,3.91
"LPB",134143,"/Date(1701844933000)/",15950,10000,9403900,148967000000,600,false,3.91
"LPB",134143,"/Date(1701844933000)/",15950,1000,9393900,148807000000,600,false,3.91
"LPB",134143,"/Date(1701844933000)/",15950,500,9392900,148791000000,600,false,3.91
"LPB",134143,"/Date(1701844933000)/",15950,2000,9392400,148783000000,600,false,3.91
"LPB",134143,"/Date(1701844933000)/",15950,1000,9390400,148751000000,600,false,3.91
"LPB",134143,"/Date(1701844933000)/",15950,800,9389400,148735000000,600,false,3.91
"LPB",134143,"/Date(1701844933000)/",15950,10000,9388600,148723000000,600,false,3.91
"LPB",134114,"/Date(1701844907000)/",15950,1000,9378600,148563000000,600,false,3.91
"LPB",134111,"/Date(1701844901000)/",15950,500,9377600,148547000000,600,false,3.91
"LPB",134052,"/Date(1701844884000)/",15950,1000,9377100,148539000000,600,true,3.91
"LPB",134052,"/Date(1701844884000)/",15950,1000,9376100,148523000000,600,true,3.91
"LPB",134052,"/Date(1701844884000)/",15950,2000,9375100,148507000000,600,true,3.91
"LPB",134052,"/Date(1701844884000)/",15950,4500,9373100,148475000000,600,true,3.91
"LPB",134052,"/Date(1701844883000)/",15950,400,9368600,148404000000,600,true,3.91
"LPB",134049,"/Date(1701844881000)/",15950,600,9368200,148397000000,600,true,3.91
"LPB",134049,"/Date(1701844879000)/",15950,500,9367600,148388000000,600,true,3.91
"LPB",134046,"/Date(1701844877000)/",15950,400,9367100,148380000000,600,true,3.91
"LPB",134046,"/Date(1701844877000)/",15950,100,9366700,148373000000,600,true,3.91
"LPB",134046,"/Date(1701844876000)/",15950,300,9366600,148372000000,600,true,3.91
"LPB",134023,"/Date(1701844854000)/",15950,100,9366300,148367000000,600,true,3.91
"LPB",134017,"/Date(1701844849000)/",15950,100,9366200,148365000000,600,true,3.91
"LPB",134010,"/Date(1701844840000)/",15950,1000,9366100,148364000000,600,true,3.91
"LPB",134004,"/Date(1701844834000)/",15950,1000,9365100,148348000000,600,true,3.91
"LPB",133951,"/Date(1701844821000)/",15950,1000,9364100,148332000000,600,true,3.91
"LPB",133951,"/Date(1701844821000)/",15950,3000,9363100,148316000000,600,true,3.91
"LPB",133948,"/Date(1701844819000)/",15950,400,9360100,148268000000,600,true,3.91
"LPB",133922,"/Date(1701844794000)/",15950,500,9359700,148262000000,600,true,3.91
"LPB",133913,"/Date(1701844786000)/",15950,300,9359200,148254000000,600,true,3.91
"LPB",133910,"/Date(1701844779000)/",15950,800,9358900,148249000000,600,true,3.91
"LPB",133910,"/Date(1701844779000)/",15950,1000,9358100,148236000000,600,true,3.91
"LPB",133910,"/Date(1701844779000)/",15950,1000,9357100,148220000000,600,true,3.91
"LPB",133910,"/Date(1701844779000)/",15950,200,9356100,148204000000,600,true,3.91
"LPB",133900,"/Date(1701844771000)/",15950,700,9355900,148201000000,600,true,3.91
"LPB",133857,"/Date(1701844767000)/",15950,500,9355200,148190000000,600,true,3.91
"LPB",133854,"/Date(1701844765000)/",15950,400,9354700,148182000000,600,true,3.91
"LPB",133851,"/Date(1701844760000)/",15950,500,9354300,148176000000,600,true,3.91
"LPB",133851,"/Date(1701844760000)/",15950,2400,9353800,148168000000,600,true,3.91
"LPB",133847,"/Date(1701844759000)/",15950,300,9351400,148129000000,600,true,3.91
"LPB",133847,"/Date(1701844759000)/",15950,700,9351100,148125000000,600,true,3.91
"LPB",133847,"/Date(1701844757000)/",15950,200,9350400,148113000000,600,true,3.91
"LPB",133844,"/Date(1701844755000)/",15950,1100,9350200,148110000000,600,true,3.91
"LPB",133844,"/Date(1701844755000)/",15950,5000,9349100,148093000000,600,true,3.91
"LPB",133844,"/Date(1701844755000)/",15950,2000,9344100,148013000000,600,true,3.91
"LPB",133844,"/Date(1701844755000)/",15950,500,9342100,147981000000,600,true,3.91
"LPB",133844,"/Date(1701844755000)/",15950,1000,9341600,147973000000,600,true,3.91
"LPB",133844,"/Date(1701844755000)/",15950,400,9340600,147957000000,600,true,3.91
"LPB",133825,"/Date(1701844735000)/",15950,400,9340200,147951000000,600,true,3.91
"LPB",133822,"/Date(1701844734000)/",15950,500,9339800,147944000000,600,true,3.91
"LPB",133819,"/Date(1701844731000)/",15950,300,9339300,147936000000,600,true,3.91
"LPB",133812,"/Date(1701844724000)/",15950,100,9339000,147932000000,600,true,3.91
"LPB",133812,"/Date(1701844723000)/",15950,400,9338900,147930000000,600,true,3.91
"LPB",133809,"/Date(1701844721000)/",15950,200,9338500,147924000000,600,true,3.91
"LPB",133806,"/Date(1701844718000)/",15950,400,9338300,147920000000,600,true,3.91
"LPB",133806,"/Date(1701844717000)/",16000,1000,9337900,147914000000,650,false,4.23
"LPB",133803,"/Date(1701844715000)/",15950,300,9336900,147898000000,600,true,3.91
"LPB",133803,"/Date(1701844715000)/",15950,200,9336600,147893000000,600,true,3.91
"LPB",133803,"/Date(1701844713000)/",15950,400,9336400,147890000000,600,true,3.91
"LPB",133800,"/Date(1701844711000)/",15950,200,9336000,147884000000,600,true,3.91
"LPB",133800,"/Date(1701844710000)/",15950,600,9335800,147881000000,600,true,3.91
"LPB",133756,"/Date(1701844708000)/",15950,500,9335200,147871000000,600,true,3.91
"LPB",133756,"/Date(1701844707000)/",16000,2000,9334700,147863000000,650,false,4.23
"LPB",133756,"/Date(1701844706000)/",15950,400,9332700,147831000000,600,true,3.91
"LPB",133753,"/Date(1701844704000)/",15950,300,9332300,147825000000,600,true,3.91
"LPB",133750,"/Date(1701844701000)/",15950,1800,9332000,147820000000,600,true,3.91
"LPB",133747,"/Date(1701844699000)/",16000,1000,9330200,147791000000,650,false,4.23
"LPB",133740,"/Date(1701844692000)/",15950,100,9329200,147775000000,600,true,3.91
"LPB",133740,"/Date(1701844690000)/",16000,6000,9329100,147773000000,650,false,4.23
"LPB",133737,"/Date(1701844690000)/",16000,1000,9323100,147677000000,650,false,4.23
"LPB",133724,"/Date(1701844675000)/",16000,500,9322100,147661000000,650,false,4.23
"LPB",133724,"/Date(1701844674000)/",16000,2000,9321600,147653000000,650,false,4.23
"LPB",133705,"/Date(1701844656000)/",16000,10000,9319600,147621000000,650,false,4.23
"LPB",133659,"/Date(1701844651000)/",16000,50000,9309600,147461000000,650,false,4.23
"LPB",133656,"/Date(1701844648000)/",16000,30000,9259600,146661000000,650,false,4.23
"LPB",133649,"/Date(1701844640000)/",16000,292600,9229600,146181000000,650,false,4.23
"LPB",133649,"/Date(1701844640000)/",16000,207400,8937000,141500000000,650,false,4.23
"LPB",133649,"/Date(1701844640000)/",15950,500,8729600,138181000000,600,false,3.91
"LPB",133637,"/Date(1701844628000)/",16000,292600,8729100,138174000000,650,false,4.23
"LPB",133637,"/Date(1701844628000)/",16000,200,8436500,133492000000,650,false,4.23
"LPB",133637,"/Date(1701844628000)/",16000,7400,8436300,133489000000,650,false,4.23
"LPB",133637,"/Date(1701844628000)/",16000,30000,8428900,133370000000,650,false,4.23
"LPB",133637,"/Date(1701844628000)/",16000,400,8398900,132890000000,650,false,4.23
"LPB",133637,"/Date(1701844628000)/",16000,500,8398500,132884000000,650,false,4.23
"LPB",133637,"/Date(1701844628000)/",16000,200,8398000,132876000000,650,false,4.23
"LPB",133637,"/Date(1701844628000)/",16000,200,8397800,132873000000,650,false,4.23
"LPB",133637,"/Date(1701844628000)/",16000,200,8397600,132870000000,650,false,4.23
"LPB",133637,"/Date(1701844628000)/",16000,200,8397400,132866000000,650,false,4.23
"LPB",133637,"/Date(1701844628000)/",16000,200,8397200,132863000000,650,false,4.23
"LPB",133637,"/Date(1701844628000)/",16000,100,8397000,132860000000,650,false,4.23
"LPB",133637,"/Date(1701844628000)/",16000,1000,8396900,132858000000,650,false,4.23
"LPB",133637,"/Date(1701844628000)/",16000,6700,8395900,132842000000,650,false,4.23
"LPB",133637,"/Date(1701844628000)/",16000,3500,8389200,132735000000,650,false,4.23
"LPB",133637,"/Date(1701844628000)/",16000,100,8385700,132679000000,650,false,4.23
"LPB",133637,"/Date(1701844628000)/",16000,2000,8385600,132678000000,650,false,4.23
"LPB",133637,"/Date(1701844628000)/",16000,1000,8383600,132646000000,650,false,4.23
"LPB",133637,"/Date(1701844628000)/",16000,1600,8382600,132630000000,650,false,4.23
"LPB",133637,"/Date(1701844628000)/",16000,10000,8381000,132604000000,650,false,4.23
"LPB",133637,"/Date(1701844628000)/",16000,500,8371000,132444000000,650,false,4.23
"LPB",133637,"/Date(1701844628000)/",16000,500,8370500,132436000000,650,false,4.23
"LPB",133637,"/Date(1701844628000)/",16000,7000,8370000,132428000000,650,false,4.23
"LPB",133637,"/Date(1701844628000)/",16000,100,8363000,132316000000,650,false,4.23
"LPB",133637,"/Date(1701844628000)/",16000,300,8362900,132314000000,650,false,4.23
"LPB",133637,"/Date(1701844628000)/",16000,100,8362600,132310000000,650,false,4.23
"LPB",133637,"/Date(1701844628000)/",16000,500,8362500,132308000000,650,false,4.23
"LPB",133637,"/Date(1701844628000)/",16000,100,8362000,132300000000,650,false,4.23
"LPB",133637,"/Date(1701844628000)/",16000,1000,8361900,132298000000,650,false,4.23
"LPB",133637,"/Date(1701844628000)/",16000,200,8360900,132282000000,650,false,4.23
"LPB",133637,"/Date(1701844628000)/",16000,100,8360700,132279000000,650,false,4.23
"LPB",133637,"/Date(1701844628000)/",16000,200,8360600,132278000000,650,false,4.23
"LPB",133637,"/Date(1701844628000)/",16000,200,8360400,132274000000,650,false,4.23
"LPB",133637,"/Date(1701844628000)/",16000,20300,8360200,132271000000,650,false,4.23
"LPB",133637,"/Date(1701844628000)/",16000,100,8339900,131946000000,650,false,4.23
"LPB",133637,"/Date(1701844628000)/",16000,300,8339800,131945000000,650,false,4.23
"LPB",133637,"/Date(1701844628000)/",16000,1300,8339500,131940000000,650,false,4.23
"LPB",133637,"/Date(1701844628000)/",16000,100,8338200,131919000000,650,false,4.23
"LPB",133637,"/Date(1701844628000)/",16000,200,8338100,131918000000,650,false,4.23
"LPB",133637,"/Date(1701844628000)/",16000,100,8337900,131914000000,650,false,4.23
"LPB",133637,"/Date(1701844628000)/",16000,500,8337800,131913000000,650,false,4.23
"LPB",133637,"/Date(1701844628000)/",16000,1000,8337300,131905000000,650,false,4.23
"LPB",133637,"/Date(1701844628000)/",16000,200,8336300,131889000000,650,false,4.23
"LPB",133637,"/Date(1701844628000)/",16000,1000,8336100,131886000000,650,false,4.23
"LPB",133637,"/Date(1701844628000)/",16000,10000,8335100,131870000000,650,false,4.23
"LPB",133637,"/Date(1701844628000)/",16000,100,8325100,131710000000,650,false,4.23
"LPB",133637,"/Date(1701844628000)/",16000,1000,8325000,131708000000,650,false,4.23
"LPB",133637,"/Date(1701844628000)/",16000,500,8324000,131692000000,650,false,4.23
"LPB",133637,"/Date(1701844628000)/",16000,3000,8323500,131684000000,650,false,4.23
"LPB",133637,"/Date(1701844628000)/",16000,300,8320500,131636000000,650,false,4.23
"LPB",133637,"/Date(1701844628000)/",16000,500,8320200,131631000000,650,false,4.23
"LPB",133637,"/Date(1701844628000)/",16000,100,8319700,131623000000,650,false,4.23
"LPB",133637,"/Date(1701844628000)/",16000,100,8319600,131622000000,650,false,4.23
"LPB",133637,"/Date(1701844628000)/",16000,1000,8319500,131620000000,650,false,4.23
"LPB",133637,"/Date(1701844628000)/",16000,2000,8318500,131604000000,650,false,4.23
"LPB",133637,"/Date(1701844628000)/",16000,100,8316500,131572000000,650,false,4.23
"LPB",133637,"/Date(1701844628000)/",16000,1500,8316400,131570000000,650,false,4.23
"LPB",133637,"/Date(1701844628000)/",16000,100,8314900,131546000000,650,false,4.23
"LPB",133637,"/Date(1701844628000)/",16000,800,8314800,131545000000,650,false,4.23
"LPB",133637,"/Date(1701844628000)/",16000,100,8314000,131532000000,650,false,4.23
"LPB",133637,"/Date(1701844628000)/",16000,600,8313900,131530000000,650,false,4.23
"LPB",133637,"/Date(1701844628000)/",16000,500,8313300,131521000000,650,false,4.23
"LPB",133637,"/Date(1701844628000)/",16000,2400,8312800,131513000000,650,false,4.23
"LPB",133637,"/Date(1701844628000)/",16000,1600,8310400,131474000000,650,false,4.23
"LPB",133637,"/Date(1701844628000)/",16000,3100,8308800,131449000000,650,false,4.23
"LPB",133637,"/Date(1701844628000)/",16000,100,8305700,131399000000,650,false,4.23
"LPB",133637,"/Date(1701844628000)/",16000,900,8305600,131398000000,650,false,4.23
"LPB",133637,"/Date(1701844628000)/",16000,500,8304700,131383000000,650,false,4.23
"LPB",133637,"/Date(1701844628000)/",16000,200,8304200,131375000000,650,false,4.23
"LPB",133637,"/Date(1701844628000)/",16000,3000,8304000,131372000000,650,false,4.23
"LPB",133637,"/Date(1701844628000)/",16000,500,8301000,131324000000,650,false,4.23
"LPB",133637,"/Date(1701844628000)/",16000,100,8300500,131316000000,650,false,4.23
"LPB",133637,"/Date(1701844628000)/",16000,1000,8300400,131314000000,650,false,4.23
"LPB",133637,"/Date(1701844628000)/",16000,1000,8299400,131298000000,650,false,4.23
"LPB",133637,"/Date(1701844628000)/",16000,1400,8298400,131282000000,650,false,4.23
"LPB",133637,"/Date(1701844628000)/",16000,300,8297000,131260000000,650,false,4.23
"LPB",133637,"/Date(1701844628000)/",16000,300,8296700,131255000000,650,false,4.23
"LPB",133637,"/Date(1701844628000)/",16000,3000,8296400,131250000000,650,false,4.23
"LPB",133637,"/Date(1701844628000)/",16000,4000,8293400,131202000000,650,false,4.23
"LPB",133637,"/Date(1701844628000)/",16000,3400,8289400,131138000000,650,false,4.23
"LPB",133637,"/Date(1701844628000)/",16000,100,8286000,131084000000,650,false,4.23
"LPB",133637,"/Date(1701844628000)/",16000,300,8285900,131082000000,650,false,4.23
"LPB",133637,"/Date(1701844628000)/",16000,10000,8285600,131078000000,650,false,4.23
"LPB",133637,"/Date(1701844628000)/",16000,400,8275600,130918000000,650,false,4.23
"LPB",133637,"/Date(1701844628000)/",16000,200,8275200,130911000000,650,false,4.23
"LPB",133637,"/Date(1701844628000)/",16000,400,8275000,130908000000,650,false,4.23
"LPB",133637,"/Date(1701844628000)/",16000,100,8274600,130902000000,650,false,4.23
"LPB",133637,"/Date(1701844628000)/",16000,3100,8274500,130900000000,650,false,4.23
"LPB",133637,"/Date(1701844628000)/",15950,1000,8271400,130850000000,600,false,3.91
"LPB",133637,"/Date(1701844628000)/",15950,200,8270400,130834000000,600,false,3.91
"LPB",133637,"/Date(1701844628000)/",15950,41100,8270200,130831000000,600,false,3.91
"LPB",133627,"/Date(1701844618000)/",15950,8900,8229100,130176000000,600,false,3.91
"LPB",133627,"/Date(1701844618000)/",15950,1100,8220200,130034000000,600,false,3.91
"LPB",133621,"/Date(1701844612000)/",15950,13900,8219100,130016000000,600,false,3.91
"LPB",133621,"/Date(1701844612000)/",15950,100,8205200,129794000000,600,false,3.91
"LPB",133608,"/Date(1701844599000)/",15900,100,8205100,129793000000,550,true,3.58
"LPB",133604,"/Date(1701844594000)/",15950,900,8205000,129791000000,600,true,3.91
"LPB",133552,"/Date(1701844582000)/",15950,400,8204100,129777000000,600,true,3.91
"LPB",133552,"/Date(1701844582000)/",15950,100,8203700,129771000000,600,true,3.91
"LPB",133552,"/Date(1701844582000)/",15950,5000,8203600,129769000000,600,true,3.91
"LPB",133552,"/Date(1701844582000)/",15950,500,8198600,129689000000,600,true,3.91
"LPB",133552,"/Date(1701844582000)/",15950,1500,8198100,129681000000,600,true,3.91
"LPB",133552,"/Date(1701844582000)/",15950,300,8196600,129657000000,600,true,3.91
"LPB",133552,"/Date(1701844582000)/",15950,7200,8196300,129652000000,600,true,3.91
"LPB",133549,"/Date(1701844580000)/",15950,1000,8189100,129538000000,600,true,3.91
"LPB",133545,"/Date(1701844576000)/",15950,1800,8188100,129522000000,600,true,3.91
"LPB",133545,"/Date(1701844576000)/",15950,200,8186300,129493000000,600,true,3.91
"LPB",133529,"/Date(1701844560000)/",15950,1000,8186100,129490000000,600,true,3.91
"LPB",133513,"/Date(1701844543000)/",15950,1000,8185100,129474000000,600,true,3.91
"LPB",133501,"/Date(1701844530000)/",15950,800,8184100,129458000000,600,true,3.91
"LPB",133501,"/Date(1701844530000)/",15950,20000,8183300,129445000000,600,true,3.91
"LPB",133501,"/Date(1701844530000)/",15950,2000,8163300,129126000000,600,true,3.91
"LPB",133501,"/Date(1701844530000)/",15950,1000,8161300,129094000000,600,true,3.91
"LPB",133501,"/Date(1701844530000)/",15950,100,8160300,129078000000,600,true,3.91
"LPB",133501,"/Date(1701844530000)/",15950,300,8160200,129077000000,600,true,3.91
"LPB",133445,"/Date(1701844515000)/",15950,5000,8159900,129072000000,600,true,3.91
"LPB",133435,"/Date(1701844507000)/",15950,20000,8154900,128992000000,600,true,3.91
"LPB",133406,"/Date(1701844477000)/",15950,100,8134900,128673000000,600,true,3.91
"LPB",133403,"/Date(1701844474000)/",15950,500,8134800,128672000000,600,true,3.91
"LPB",133403,"/Date(1701844473000)/",15950,1000,8134300,128664000000,600,true,3.91
"LPB",133338,"/Date(1701844449000)/",15950,100,8133300,128648000000,600,true,3.91
"LPB",133325,"/Date(1701844437000)/",16000,100,8133200,128646000000,650,false,4.23
"LPB",133322,"/Date(1701844431000)/",15950,300,8133100,128644000000,600,true,3.91
"LPB",133309,"/Date(1701844419000)/",15950,1000,8132800,128640000000,600,true,3.91
"LPB",133253,"/Date(1701844404000)/",15950,500,8131800,128624000000,600,true,3.91
"LPB",133247,"/Date(1701844399000)/",15950,1000,8131300,128616000000,600,true,3.91
"LPB",133244,"/Date(1701844393000)/",15950,1000,8130300,128600000000,600,true,3.91
"LPB",133237,"/Date(1701844389000)/",15950,300,8129300,128584000000,600,true,3.91
"LPB",133237,"/Date(1701844387000)/",15950,2000,8129000,128579000000,600,true,3.91
"LPB",133234,"/Date(1701844386000)/",15950,1000,8127000,128547000000,600,true,3.91
"LPB",133212,"/Date(1701844363000)/",15950,300,8126000,128531000000,600,true,3.91
"LPB",133212,"/Date(1701844362000)/",15950,1000,8125700,128526000000,600,true,3.91
"LPB",133159,"/Date(1701844349000)/",15950,5000,8124700,128510000000,600,true,3.91
"LPB",133149,"/Date(1701844339000)/",15950,500,8119700,128431000000,600,false,3.91
"LPB",133149,"/Date(1701844339000)/",15950,600,8119200,128423000000,600,false,3.91
"LPB",133149,"/Date(1701844339000)/",15950,5000,8118600,128413000000,600,false,3.91
"LPB",133149,"/Date(1701844339000)/",15950,100,8113600,128333000000,600,false,3.91
"LPB",133149,"/Date(1701844339000)/",15950,7500,8113500,128332000000,600,false,3.91
"LPB",133149,"/Date(1701844339000)/",15950,100,8106000,128212000000,600,false,3.91
"LPB",133149,"/Date(1701844339000)/",15950,10000,8105900,128211000000,600,false,3.91
"LPB",133149,"/Date(1701844339000)/",15950,100,8095900,128051000000,600,false,3.91
"LPB",133149,"/Date(1701844339000)/",15950,1000,8095800,128049000000,600,false,3.91
"LPB",133149,"/Date(1701844339000)/",15950,1100,8094800,128034000000,600,false,3.91
"LPB",133149,"/Date(1701844339000)/",15950,10700,8093700,128016000000,600,false,3.91
"LPB",133143,"/Date(1701844333000)/",15900,100,8083000,127845000000,550,true,3.58
"LPB",133108,"/Date(1701844299000)/",15950,1200,8082900,127844000000,600,true,3.91
"LPB",133108,"/Date(1701844299000)/",15950,1000,8081700,127825000000,600,true,3.91
"LPB",133108,"/Date(1701844299000)/",15950,2000,8080700,127809000000,600,true,3.91
"LPB",133108,"/Date(1701844299000)/",15950,1000,8078700,127777000000,600,true,3.91
"LPB",133108,"/Date(1701844299000)/",15950,4100,8077700,127761000000,600,true,3.91
"LPB",133101,"/Date(1701844293000)/",15950,2000,8073600,127695000000,600,true,3.91
"LPB",133058,"/Date(1701844288000)/",15950,13900,8071600,127664000000,600,true,3.91
"LPB",133058,"/Date(1701844288000)/",15950,200,8057700,127442000000,600,true,3.91
"LPB",133058,"/Date(1701844288000)/",15950,1000,8057500,127439000000,600,true,3.91
"LPB",133058,"/Date(1701844288000)/",15950,5000,8056500,127423000000,600,true,3.91
"LPB",133058,"/Date(1701844288000)/",15950,5000,8051500,127343000000,600,true,3.91
"LPB",133058,"/Date(1701844288000)/",15950,24900,8046500,127263000000,600,true,3.91
"LPB",133052,"/Date(1701844283000)/",15950,1000,8021600,126866000000,600,true,3.91
"LPB",133049,"/Date(1701844281000)/",15950,5000,8020600,126850000000,600,true,3.91
"LPB",133049,"/Date(1701844278000)/",15950,400,8015600,126770000000,600,true,3.91
"LPB",133049,"/Date(1701844278000)/",15950,200,8015200,126764000000,600,true,3.91
"LPB",133039,"/Date(1701844268000)/",15950,21700,8015000,126761000000,600,true,3.91
"LPB",133033,"/Date(1701844262000)/",15950,1000,7993300,126415000000,600,true,3.91
"LPB",133029,"/Date(1701844260000)/",15950,20000,7992300,126399000000,600,true,3.91
"LPB",133010,"/Date(1701844240000)/",15950,700,7972300,126080000000,600,true,3.91
"LPB",133010,"/Date(1701844239000)/",15950,1000,7971600,126069000000,600,true,3.91
"LPB",132951,"/Date(1701844221000)/",15950,100,7970600,126053000000,600,true,3.91
"LPB",132948,"/Date(1701844217000)/",15950,300,7970500,126051000000,600,true,3.91
"LPB",132929,"/Date(1701844200000)/",15950,1000,7970200,126046000000,600,true,3.91
"LPB",132926,"/Date(1701844195000)/",15950,10000,7969200,126030000000,600,true,3.91
"LPB",132926,"/Date(1701844194000)/",15950,100,7959200,125871000000,600,true,3.91
"LPB",132919,"/Date(1701844188000)/",15950,100,7959100,125869000000,600,true,3.91
"LPB",132900,"/Date(1701844172000)/",15950,5000,7959000,125868000000,600,true,3.91
"LPB",132847,"/Date(1701844159000)/",15950,5000,7954000,125788000000,600,true,3.91
"LPB",132831,"/Date(1701844141000)/",15950,6500,7949000,125708000000,600,true,3.91
"LPB",132828,"/Date(1701844138000)/",15950,10000,7942500,125604000000,600,true,3.91
"LPB",132825,"/Date(1701844135000)/",15950,5000,7932500,125445000000,600,true,3.91
"LPB",132806,"/Date(1701844117000)/",15950,5000,7927500,125365000000,600,true,3.91
"LPB",132737,"/Date(1701844087000)/",15950,4600,7922500,125285000000,600,true,3.91
"LPB",132734,"/Date(1701844085000)/",15950,1000,7917900,125212000000,600,true,3.91
"LPB",132731,"/Date(1701844082000)/",16000,100,7916900,125196000000,650,false,4.23
"LPB",132725,"/Date(1701844074000)/",15950,1000,7916800,125194000000,600,true,3.91
"LPB",132715,"/Date(1701844066000)/",15950,100,7915800,125178000000,600,true,3.91
"LPB",132656,"/Date(1701844047000)/",15950,1000,7915700,125177000000,600,true,3.91
"LPB",132637,"/Date(1701844028000)/",15950,100,7914700,125161000000,600,true,3.91
"LPB",132637,"/Date(1701844026000)/",16000,1700,7914600,125159000000,650,false,4.23
"LPB",132637,"/Date(1701844026000)/",16000,600,7912900,125132000000,650,false,4.23
"LPB",132637,"/Date(1701844026000)/",16000,200,7912300,125123000000,650,false,4.23
"LPB",132637,"/Date(1701844026000)/",16000,500,7912100,125119000000,650,false,4.23
"LPB",132637,"/Date(1701844026000)/",16000,900,7911600,125111000000,650,false,4.23
"LPB",132611,"/Date(1701844002000)/",15950,300,7910700,125097000000,600,true,3.91
"LPB",132611,"/Date(1701844000000)/",15950,2500,7910400,125092000000,600,true,3.91
"LPB",132608,"/Date(1701843999000)/",15950,400,7907900,125052000000,600,true,3.91
"LPB",132608,"/Date(1701843998000)/",15950,100,7907500,125046000000,600,true,3.91
"LPB",132602,"/Date(1701843990000)/",15950,4000,7907400,125044000000,600,true,3.91
"LPB",132558,"/Date(1701843988000)/",15950,1000,7903400,124981000000,600,true,3.91
"LPB",132546,"/Date(1701843976000)/",15950,100,7902400,124965000000,600,true,3.91
"LPB",132546,"/Date(1701843974000)/",15950,100,7902300,124963000000,600,true,3.91
"LPB",132542,"/Date(1701843973000)/",15950,1000,7902200,124961000000,600,true,3.91
"LPB",132536,"/Date(1701843965000)/",15950,300,7901200,124945000000,600,true,3.91
"LPB",132533,"/Date(1701843961000)/",15950,1000,7900900,124941000000,600,true,3.91
"LPB",132527,"/Date(1701843957000)/",15950,100,7899900,124925000000,600,true,3.91
"LPB",132517,"/Date(1701843946000)/",15950,1000,7899800,124923000000,600,true,3.91
"LPB",132511,"/Date(1701843940000)/",15950,10000,7898800,124907000000,600,false,3.91
"LPB",132511,"/Date(1701843940000)/",15950,100,7888800,124748000000,600,false,3.91
"LPB",132511,"/Date(1701843940000)/",15950,500,7888700,124746000000,600,false,3.91
"LPB",132511,"/Date(1701843940000)/",15950,400,7888200,124738000000,600,false,3.91
"LPB",132511,"/Date(1701843940000)/",15950,200,7887800,124732000000,600,false,3.91
"LPB",132511,"/Date(1701843940000)/",15950,1000,7887600,124729000000,600,false,3.91
"LPB",132511,"/Date(1701843940000)/",15950,1000,7886600,124713000000,600,false,3.91
"LPB",132511,"/Date(1701843940000)/",15950,500,7885600,124697000000,600,false,3.91
"LPB",132511,"/Date(1701843940000)/",15950,100,7885100,124689000000,600,false,3.91
"LPB",132511,"/Date(1701843940000)/",15950,1000,7885000,124687000000,600,false,3.91
"LPB",132511,"/Date(1701843940000)/",15950,200,7884000,124671000000,600,false,3.91
"LPB",132511,"/Date(1701843940000)/",15950,3000,7883800,124668000000,600,false,3.91
"LPB",132511,"/Date(1701843940000)/",15950,100,7880800,124620000000,600,false,3.91
"LPB",132511,"/Date(1701843940000)/",15950,100,7880700,124618000000,600,false,3.91
"LPB",132511,"/Date(1701843940000)/",15950,500,7880600,124617000000,600,false,3.91
"LPB",132511,"/Date(1701843940000)/",15950,200,7880100,124609000000,600,false,3.91
"LPB",132511,"/Date(1701843940000)/",15950,400,7879900,124606000000,600,false,3.91
"LPB",132511,"/Date(1701843940000)/",15950,1000,7879500,124599000000,600,false,3.91
"LPB",132511,"/Date(1701843940000)/",15950,1000,7878500,124583000000,600,false,3.91
"LPB",132511,"/Date(1701843940000)/",15950,600,7877500,124567000000,600,false,3.91
"LPB",132511,"/Date(1701843940000)/",15950,500,7876900,124558000000,600,false,3.91
"LPB",132511,"/Date(1701843940000)/",15950,7400,7876400,124550000000,600,false,3.91
"LPB",132511,"/Date(1701843940000)/",15950,500,7869000,124432000000,600,false,3.91
"LPB",132511,"/Date(1701843940000)/",15950,5000,7868500,124424000000,600,false,3.91
"LPB",132511,"/Date(1701843940000)/",15950,100,7863500,124344000000,600,false,3.91
"LPB",132511,"/Date(1701843940000)/",15950,1000,7863400,124343000000,600,false,3.91
"LPB",132511,"/Date(1701843940000)/",15950,500,7862400,124327000000,600,false,3.91
"LPB",132511,"/Date(1701843940000)/",15950,300,7861900,124319000000,600,false,3.91
"LPB",132511,"/Date(1701843940000)/",15950,100,7861600,124314000000,600,false,3.91
"LPB",132511,"/Date(1701843940000)/",15950,300,7861500,124312000000,600,false,3.91
"LPB",132511,"/Date(1701843940000)/",15950,3000,7861200,124307000000,600,false,3.91
"LPB",132511,"/Date(1701843940000)/",15950,1000,7858200,124260000000,600,false,3.91
"LPB",132511,"/Date(1701843940000)/",15950,100,7857200,124244000000,600,false,3.91
"LPB",132511,"/Date(1701843940000)/",15950,12300,7857100,124242000000,600,false,3.91
"LPB",132511,"/Date(1701843940000)/",15950,2000,7844800,124046000000,600,false,3.91
"LPB",132511,"/Date(1701843940000)/",15950,300,7842800,124014000000,600,false,3.91
"LPB",132507,"/Date(1701843937000)/",15950,1700,7842500,124009000000,600,false,3.91
"LPB",132507,"/Date(1701843937000)/",15950,300,7840800,123982000000,600,false,3.91
"LPB",132458,"/Date(1701843928000)/",15900,1000,7840500,123977000000,550,true,3.58
"LPB",132452,"/Date(1701843922000)/",15950,700,7839500,123961000000,600,false,3.91
"LPB",132452,"/Date(1701843922000)/",15950,100,7838800,123950000000,600,false,3.91
"LPB",132452,"/Date(1701843922000)/",15950,1000,7838700,123949000000,600,false,3.91
"LPB",132452,"/Date(1701843922000)/",15950,500,7837700,123933000000,600,false,3.91
"LPB",132452,"/Date(1701843922000)/",15950,300,7837200,123925000000,600,false,3.91
"LPB",132452,"/Date(1701843922000)/",15950,400,7836900,123920000000,600,false,3.91
"LPB",132452,"/Date(1701843920000)/",15950,8900,7836500,123914000000,600,false,3.91
"LPB",132452,"/Date(1701843920000)/",15950,10000,7827600,123772000000,600,false,3.91
"LPB",132452,"/Date(1701843920000)/",15950,1100,7817600,123612000000,600,false,3.91
"LPB",132432,"/Date(1701843903000)/",15900,20000,7816500,123595000000,550,true,3.58
"LPB",132423,"/Date(1701843893000)/",15950,3000,7796500,123277000000,600,false,3.91
"LPB",132410,"/Date(1701843880000)/",15950,263500,7793500,123229000000,600,false,3.91
"LPB",132410,"/Date(1701843880000)/",15950,100,7530000,119026000000,600,false,3.91
"LPB",132410,"/Date(1701843880000)/",15950,900,7529900,119024000000,600,false,3.91
"LPB",132410,"/Date(1701843880000)/",15950,200,7529000,119010000000,600,false,3.91
"LPB",132410,"/Date(1701843880000)/",15950,100,7528800,119007000000,600,false,3.91
"LPB",132410,"/Date(1701843880000)/",15950,200,7528700,119005000000,600,false,3.91
"LPB",132410,"/Date(1701843880000)/",15950,2000,7528500,119002000000,600,false,3.91
"LPB",132410,"/Date(1701843880000)/",15950,2000,7526500,118970000000,600,false,3.91
"LPB",132410,"/Date(1701843880000)/",15950,100,7524500,118938000000,600,false,3.91
"LPB",132410,"/Date(1701843880000)/",15950,1000,7524400,118937000000,600,false,3.91
"LPB",132410,"/Date(1701843880000)/",15950,100,7523400,118921000000,600,false,3.91
"LPB",132410,"/Date(1701843880000)/",15950,20000,7523300,118919000000,600,false,3.91
"LPB",132410,"/Date(1701843880000)/",15950,3000,7503300,118600000000,600,false,3.91
"LPB",132410,"/Date(1701843880000)/",15950,2000,7500300,118552000000,600,false,3.91
"LPB",132410,"/Date(1701843880000)/",15950,300,7498300,118520000000,600,false,3.91
"LPB",132410,"/Date(1701843880000)/",15950,100,7498000,118515000000,600,false,3.91
"LPB",132410,"/Date(1701843880000)/",15950,10000,7497900,118514000000,600,false,3.91
"LPB",132410,"/Date(1701843880000)/",15950,100,7487900,118354000000,600,false,3.91
"LPB",132410,"/Date(1701843880000)/",15950,300,7487800,118353000000,600,false,3.91
"LPB",132410,"/Date(1701843880000)/",15950,500,7487500,118348000000,600,false,3.91
"LPB",132410,"/Date(1701843880000)/",15950,1000,7487000,118340000000,600,false,3.91
"LPB",132410,"/Date(1701843880000)/",15950,5000,7486000,118324000000,600,false,3.91
"LPB",132410,"/Date(1701843880000)/",15950,100,7481000,118244000000,600,false,3.91
"LPB",132410,"/Date(1701843880000)/",15950,5000,7480900,118243000000,600,false,3.91
"LPB",132410,"/Date(1701843880000)/",15950,500,7475900,118163000000,600,false,3.91
"LPB",132410,"/Date(1701843880000)/",15950,100,7475400,118155000000,600,false,3.91
"LPB",132410,"/Date(1701843880000)/",15950,200,7475300,118153000000,600,false,3.91
"LPB",132410,"/Date(1701843880000)/",15950,1000,7475100,118150000000,600,false,3.91
"LPB",132410,"/Date(1701843880000)/",15950,1000,7474100,118134000000,600,false,3.91
"LPB",132410,"/Date(1701843880000)/",15950,200,7473100,118118000000,600,false,3.91
"LPB",132410,"/Date(1701843880000)/",15950,3000,7472900,118115000000,600,false,3.91
"LPB",132410,"/Date(1701843880000)/",15950,200,7469900,118067000000,600,false,3.91
"LPB",132410,"/Date(1701843880000)/",15950,500,7469700,118064000000,600,false,3.91
"LPB",132410,"/Date(1701843880000)/",15950,3000,7469200,118056000000,600,false,3.91
"LPB",132410,"/Date(1701843880000)/",15950,4000,7466200,118008000000,600,false,3.91
"LPB",132410,"/Date(1701843880000)/",15950,100,7462200,117944000000,600,false,3.91
"LPB",132410,"/Date(1701843880000)/",15950,1500,7462100,117943000000,600,false,3.91
"LPB",132410,"/Date(1701843880000)/",15950,6000,7460600,117919000000,600,false,3.91
"LPB",132410,"/Date(1701843880000)/",15950,3000,7454600,117823000000,600,false,3.91
"LPB",132410,"/Date(1701843880000)/",15950,2000,7451600,117775000000,600,false,3.91
"LPB",132410,"/Date(1701843880000)/",15950,100,7449600,117743000000,600,false,3.91
"LPB",132410,"/Date(1701843880000)/",15950,500,7449500,117742000000,600,false,3.91
"LPB",132410,"/Date(1701843880000)/",15950,5000,7449000,117734000000,600,false,3.91
"LPB",132410,"/Date(1701843880000)/",15950,300,7444000,117654000000,600,false,3.91
"LPB",132410,"/Date(1701843880000)/",15950,1000,7443700,117649000000,600,false,3.91
"LPB",132410,"/Date(1701843880000)/",15950,300,7442700,117633000000,600,false,3.91
"LPB",132410,"/Date(1701843880000)/",15950,600,7442400,117629000000,600,false,3.91
"LPB",132410,"/Date(1701843880000)/",15950,300,7441800,117619000000,600,false,3.91
"LPB",132410,"/Date(1701843880000)/",15950,15000,7441500,117614000000,600,false,3.91
"LPB",132410,"/Date(1701843880000)/",15950,200,7426500,117375000000,600,false,3.91
"LPB",132410,"/Date(1701843880000)/",15950,100,7426300,117372000000,600,false,3.91
"LPB",132410,"/Date(1701843880000)/",15950,3000,7426200,117370000000,600,false,3.91
"LPB",132410,"/Date(1701843880000)/",15950,500,7423200,117322000000,600,false,3.91
"LPB",132410,"/Date(1701843880000)/",15950,500,7422700,117314000000,600,false,3.91
"LPB",132410,"/Date(1701843880000)/",15950,2000,7422200,117306000000,600,false,3.91
"LPB",132410,"/Date(1701843880000)/",15950,10000,7420200,117275000000,600,false,3.91
"LPB",132410,"/Date(1701843880000)/",15950,600,7410200,117115000000,600,false,3.91
"LPB",132410,"/Date(1701843880000)/",15950,200,7409600,117105000000,600,false,3.91
"LPB",132410,"/Date(1701843880000)/",15950,100,7409400,117102000000,600,false,3.91
"LPB",132410,"/Date(1701843880000)/",15950,3000,7409300,117101000000,600,false,3.91
"LPB",132410,"/Date(1701843880000)/",15950,800,7406300,117053000000,600,false,3.91
"LPB",132410,"/Date(1701843880000)/",15950,100,7405500,117040000000,600,false,3.91
"LPB",132410,"/Date(1701843880000)/",15950,200,7405400,117038000000,600,false,3.91
"LPB",132410,"/Date(1701843880000)/",15950,100,7405200,117035000000,600,false,3.91
"LPB",132410,"/Date(1701843880000)/",15950,3700,7405100,117034000000,600,false,3.91
"LPB",132410,"/Date(1701843880000)/",15950,100,7401400,116975000000,600,false,3.91
"LPB",132410,"/Date(1701843880000)/",15950,100,7401300,116973000000,600,false,3.91
"LPB",132410,"/Date(1701843880000)/",15950,1000,7401200,116971000000,600,false,3.91
"LPB",132410,"/Date(1701843880000)/",15950,500,7400200,116956000000,600,false,3.91
"LPB",132410,"/Date(1701843880000)/",15950,100000,7399700,116948000000,600,false,3.91
"LPB",132410,"/Date(1701843880000)/",15950,100,7299700,115353000000,600,false,3.91
"LPB",132410,"/Date(1701843880000)/",15950,100,7299600,115351000000,600,false,3.91
"LPB",132410,"/Date(1701843880000)/",15950,100,7299500,115349000000,600,false,3.91
"LPB",132410,"/Date(1701843880000)/",15950,5900,7299400,115348000000,600,false,3.91
"LPB",132357,"/Date(1701843866000)/",15900,600,7293500,115254000000,550,true,3.58
"LPB",132335,"/Date(1701843846000)/",15900,900,7292900,115244000000,550,true,3.58
"LPB",132329,"/Date(1701843838000)/",15900,2900,7292000,115230000000,550,true,3.58
"LPB",132319,"/Date(1701843830000)/",15900,9800,7289100,115184000000,550,false,3.58
"LPB",132319,"/Date(1701843830000)/",15900,400,7279300,115028000000,550,false,3.58
"LPB",132319,"/Date(1701843830000)/",15900,600,7278900,115022000000,550,false,3.58
"LPB",132319,"/Date(1701843830000)/",15900,8000,7278300,115012000000,550,false,3.58
"LPB",132319,"/Date(1701843830000)/",15900,700,7270300,114885000000,550,false,3.58
"LPB",132319,"/Date(1701843830000)/",15900,2000,7269600,114874000000,550,false,3.58
"LPB",132319,"/Date(1701843830000)/",15900,500,7267600,114842000000,550,false,3.58
"LPB",132319,"/Date(1701843830000)/",15900,15000,7267100,114834000000,550,false,3.58
"LPB",132319,"/Date(1701843830000)/",15900,3000,7252100,114595000000,550,false,3.58
"LPB",132319,"/Date(1701843830000)/",15900,5200,7249100,114548000000,550,false,3.58
"LPB",132319,"/Date(1701843830000)/",15900,4000,7243900,114465000000,550,false,3.58
"LPB",132319,"/Date(1701843830000)/",15900,1800,7239900,114401000000,550,false,3.58
"LPB",132228,"/Date(1701843778000)/",15900,1000,7238100,114373000000,550,false,3.58
"LPB",132215,"/Date(1701843765000)/",15900,100,7237100,114357000000,550,false,3.58
"LPB",132202,"/Date(1701843753000)/",15850,1800,7237000,114355000000,500,true,3.26
"LPB",132159,"/Date(1701843750000)/",15850,3200,7235200,114327000000,500,true,3.26
"LPB",132137,"/Date(1701843726000)/",15900,100,7232000,114276000000,550,false,3.58
"LPB",132134,"/Date(1701843723000)/",15900,10000,7231900,114274000000,550,false,3.58
"LPB",132134,"/Date(1701843722000)/",15900,500,7221900,114115000000,550,false,3.58
"LPB",132115,"/Date(1701843705000)/",15900,5000,7221400,114108000000,550,true,3.58
"LPB",132115,"/Date(1701843705000)/",15900,6000,7216400,114028000000,550,true,3.58
"LPB",132115,"/Date(1701843705000)/",15900,1000,7210400,113933000000,550,true,3.58
"LPB",132115,"/Date(1701843705000)/",15900,3000,7209400,113917000000,550,true,3.58
"LPB",132115,"/Date(1701843705000)/",15900,20000,7206400,113869000000,550,true,3.58
"LPB",132115,"/Date(1701843705000)/",15900,1500,7186400,113551000000,550,true,3.58
"LPB",132105,"/Date(1701843694000)/",15950,500,7184900,113527000000,600,false,3.91
"LPB",132055,"/Date(1701843686000)/",15900,500,7184400,113519000000,550,true,3.58
"LPB",132046,"/Date(1701843675000)/",15900,100,7183900,113511000000,550,true,3.58
"LPB",132030,"/Date(1701843659000)/",15900,2900,7183800,113510000000,550,true,3.58
"LPB",132030,"/Date(1701843659000)/",15900,15000,7180900,113464000000,550,true,3.58
"LPB",132030,"/Date(1701843659000)/",15900,2100,7165900,113225000000,550,true,3.58
"LPB",132017,"/Date(1701843645000)/",15900,200,7163800,113192000000,550,true,3.58
"LPB",132011,"/Date(1701843639000)/",15900,1500,7163600,113188000000,550,true,3.58
"LPB",131945,"/Date(1701843616000)/",15900,100,7162100,113165000000,550,true,3.58
"LPB",131933,"/Date(1701843603000)/",15900,1100,7162000,113163000000,550,true,3.58
"LPB",131933,"/Date(1701843603000)/",15900,3900,7160900,113146000000,550,true,3.58
"LPB",131907,"/Date(1701843576000)/",15900,100,7157000,113084000000,550,true,3.58
"LPB",131904,"/Date(1701843573000)/",15900,1000,7156900,113082000000,550,true,3.58
"LPB",131845,"/Date(1701843554000)/",15900,6000,7155900,113066000000,550,true,3.58
"LPB",131835,"/Date(1701843543000)/",15900,500,7149900,112971000000,550,true,3.58
"LPB",131832,"/Date(1701843541000)/",15900,3300,7149400,112963000000,550,true,3.58
"LPB",131832,"/Date(1701843540000)/",15900,25200,7146100,112910000000,550,true,3.58
"LPB",131832,"/Date(1701843540000)/",15900,100,7120900,112510000000,550,true,3.58
"LPB",131832,"/Date(1701843540000)/",15900,1000,7120800,112508000000,550,true,3.58
"LPB",131832,"/Date(1701843540000)/",15900,200,7119800,112492000000,550,true,3.58
"LPB",131832,"/Date(1701843540000)/",15900,3500,7119600,112489000000,550,true,3.58
"LPB",131829,"/Date(1701843537000)/",15900,500,7116100,112433000000,550,true,3.58
"LPB",131829,"/Date(1701843537000)/",15900,100,7115600,112425000000,550,true,3.58
"LPB",131819,"/Date(1701843529000)/",15900,30000,7115500,112424000000,550,true,3.58
"LPB",131819,"/Date(1701843528000)/",15900,100,7085500,111947000000,550,true,3.58
"LPB",131810,"/Date(1701843519000)/",15900,100,7085400,111945000000,550,true,3.58
"LPB",131744,"/Date(1701843492000)/",15900,3000,7085300,111944000000,550,true,3.58
"LPB",131653,"/Date(1701843441000)/",15900,300,7082300,111896000000,550,true,3.58
"LPB",131559,"/Date(1701843388000)/",15900,1600,7082000,111891000000,550,true,3.58
"LPB",131540,"/Date(1701843370000)/",15900,300,7080400,111866000000,550,true,3.58
"LPB",131530,"/Date(1701843361000)/",15900,1000,7080100,111861000000,550,true,3.58
"LPB",131518,"/Date(1701843347000)/",15950,1400,7079100,111845000000,600,false,3.91
"LPB",131449,"/Date(1701843319000)/",15950,100,7077700,111823000000,600,false,3.91
"LPB",131446,"/Date(1701843314000)/",15900,100,7077600,111821000000,550,true,3.58
"LPB",131414,"/Date(1701843283000)/",15900,1000,7077500,111819000000,550,true,3.58
"LPB",131348,"/Date(1701843257000)/",15900,100,7076500,111804000000,550,true,3.58
"LPB",131339,"/Date(1701843248000)/",15900,5000,7076400,111802000000,550,true,3.58
"LPB",131339,"/Date(1701843247000)/",15900,1900,7071400,111722000000,550,true,3.58
"LPB",131339,"/Date(1701843246000)/",15900,3000,7069500,111692000000,550,true,3.58
"LPB",131333,"/Date(1701843241000)/",15900,19500,7066500,111645000000,550,true,3.58
"LPB",131323,"/Date(1701843233000)/",15900,3000,7047000,111334000000,550,true,3.58
"LPB",131320,"/Date(1701843228000)/",15900,100,7044000,111287000000,550,true,3.58
"LPB",131310,"/Date(1701843220000)/",15900,200,7043900,111285000000,550,true,3.58
"LPB",131301,"/Date(1701843210000)/",15900,300,7043700,111282000000,550,true,3.58
"LPB",131301,"/Date(1701843208000)/",15900,1900,7043400,111277000000,550,true,3.58
"LPB",131301,"/Date(1701843208000)/",15900,1000,7041500,111247000000,550,true,3.58
"LPB",131301,"/Date(1701843208000)/",15900,1200,7040500,111231000000,550,true,3.58
"LPB",131301,"/Date(1701843208000)/",15900,11600,7039300,111212000000,550,true,3.58
"LPB",131301,"/Date(1701843208000)/",15900,100,7027700,111028000000,550,true,3.58
"LPB",131301,"/Date(1701843208000)/",15900,500,7027600,111026000000,550,true,3.58
"LPB",131301,"/Date(1701843208000)/",15900,1000,7027100,111018000000,550,true,3.58
"LPB",131301,"/Date(1701843208000)/",15900,5000,7026100,111002000000,550,true,3.58
"LPB",131301,"/Date(1701843208000)/",15900,200,7021100,110923000000,550,true,3.58
"LPB",131301,"/Date(1701843208000)/",15900,3900,7020900,110919000000,550,true,3.58
"LPB",131301,"/Date(1701843208000)/",15900,100,7017000,110857000000,550,true,3.58
"LPB",131301,"/Date(1701843208000)/",15900,2000,7016900,110856000000,550,true,3.58
"LPB",131301,"/Date(1701843208000)/",15900,13000,7014900,110824000000,550,true,3.58
"LPB",131301,"/Date(1701843208000)/",15900,100,7001900,110617000000,550,true,3.58
"LPB",131301,"/Date(1701843208000)/",15900,100,7001800,110616000000,550,true,3.58
"LPB",131301,"/Date(1701843208000)/",15900,400,7001700,110614000000,550,true,3.58
"LPB",131301,"/Date(1701843208000)/",15900,2000,7001300,110608000000,550,true,3.58
"LPB",131301,"/Date(1701843208000)/",15900,1200,6999300,110576000000,550,true,3.58
"LPB",131235,"/Date(1701843185000)/",15900,10000,6998100,110557000000,550,false,3.58
"LPB",131222,"/Date(1701843172000)/",15900,1000,6988100,110398000000,550,false,3.58
"LPB",131222,"/Date(1701843172000)/",15900,5000,6987100,110382000000,550,false,3.58
"LPB",131138,"/Date(1701843128000)/",15900,500,6982100,110303000000,550,false,3.58
"LPB",131109,"/Date(1701843096000)/",15900,200,6981600,110295000000,550,false,3.58
"LPB",131053,"/Date(1701843083000)/",15900,3200,6981400,110291000000,550,true,3.58
"LPB",131053,"/Date(1701843083000)/",15900,3000,6978200,110241000000,550,true,3.58
"LPB",131053,"/Date(1701843083000)/",15900,600,6975200,110193000000,550,true,3.58
"LPB",131053,"/Date(1701843083000)/",15900,200,6974600,110183000000,550,true,3.58
"LPB",131053,"/Date(1701843083000)/",15900,5000,6974400,110180000000,550,true,3.58
"LPB",131053,"/Date(1701843083000)/",15900,800,6969400,110101000000,550,true,3.58
"LPB",131053,"/Date(1701843083000)/",15900,19300,6968600,110088000000,550,true,3.58
"LPB",131050,"/Date(1701843078000)/",15900,700,6949300,109781000000,550,true,3.58
"LPB",131050,"/Date(1701843078000)/",15900,800,6948600,109770000000,550,true,3.58
"LPB",131044,"/Date(1701843073000)/",15900,2000,6947800,109757000000,550,true,3.58
"LPB",131044,"/Date(1701843073000)/",15900,40000,6945800,109725000000,550,true,3.58
"LPB",131044,"/Date(1701843073000)/",15900,1000,6905800,109089000000,550,true,3.58
"LPB",131044,"/Date(1701843073000)/",15900,7000,6904800,109073000000,550,true,3.58
"LPB",131044,"/Date(1701843072000)/",15900,100,6897800,108962000000,550,true,3.58
"LPB",131040,"/Date(1701843069000)/",15900,1000,6897700,108961000000,550,true,3.58
"LPB",131028,"/Date(1701843058000)/",15900,15000,6896700,108945000000,550,true,3.58
"LPB",131021,"/Date(1701843049000)/",15900,4000,6881700,108706000000,550,true,3.58
"LPB",131005,"/Date(1701843035000)/",15950,500,6877700,108643000000,600,false,3.91
"LPB",131005,"/Date(1701843033000)/",15900,900,6877200,108635000000,550,true,3.58
"LPB",130927,"/Date(1701842996000)/",15900,100,6876300,108620000000,550,true,3.58
"LPB",130927,"/Date(1701842995000)/",15900,100,6876200,108619000000,550,true,3.58
"LPB",130914,"/Date(1701842983000)/",15950,2000,6876100,108617000000,600,false,3.91
"LPB",130852,"/Date(1701842960000)/",15900,4900,6874100,108585000000,550,true,3.58
"LPB",130836,"/Date(1701842945000)/",15900,1000,6869200,108507000000,550,true,3.58
"LPB",130830,"/Date(1701842938000)/",15900,1600,6868200,108491000000,550,true,3.58
"LPB",130808,"/Date(1701842916000)/",15900,5000,6866600,108466000000,550,true,3.58
"LPB",130801,"/Date(1701842911000)/",15950,100,6861600,108386000000,600,false,3.91
"LPB",130752,"/Date(1701842899000)/",15900,100,6861500,108385000000,550,true,3.58
"LPB",130748,"/Date(1701842898000)/",15900,500,6861400,108383000000,550,true,3.58
"LPB",130729,"/Date(1701842879000)/",15950,3500,6860900,108375000000,600,false,3.91
"LPB",130713,"/Date(1701842862000)/",15900,3000,6857400,108320000000,550,true,3.58
"LPB",130713,"/Date(1701842861000)/",15900,100,6854400,108272000000,550,true,3.58
"LPB",130707,"/Date(1701842856000)/",15900,400,6854300,108270000000,550,true,3.58
"LPB",130704,"/Date(1701842853000)/",15900,200,6853900,108264000000,550,true,3.58
"LPB",130657,"/Date(1701842846000)/",15900,100,6853700,108261000000,550,true,3.58
"LPB",130654,"/Date(1701842843000)/",15900,1500,6853600,108259000000,550,true,3.58
"LPB",130645,"/Date(1701842832000)/",15900,100,6852100,108235000000,550,true,3.58
"LPB",130641,"/Date(1701842830000)/",15900,500,6852000,108234000000,550,true,3.58
"LPB",130641,"/Date(1701842830000)/",15950,2000,6851500,108226000000,600,false,3.91
"LPB",130619,"/Date(1701842807000)/",15900,4000,6849500,108194000000,550,true,3.58
"LPB",130616,"/Date(1701842805000)/",15950,4000,6845500,108130000000,600,false,3.91
"LPB",130613,"/Date(1701842800000)/",15900,5000,6841500,108066000000,550,true,3.58
"LPB",130610,"/Date(1701842797000)/",15900,200,6836500,107987000000,550,true,3.58
"LPB",130600,"/Date(1701842789000)/",15900,100,6836300,107984000000,550,true,3.58
"LPB",130600,"/Date(1701842789000)/",15900,2500,6836200,107982000000,550,true,3.58
"LPB",130600,"/Date(1701842789000)/",15900,2600,6833700,107942000000,550,true,3.58
"LPB",130600,"/Date(1701842789000)/",15900,100,6831100,107901000000,550,true,3.58
"LPB",130600,"/Date(1701842789000)/",15900,6000,6831000,107899000000,550,true,3.58
"LPB",130600,"/Date(1701842789000)/",15900,100,6825000,107804000000,550,true,3.58
"LPB",130600,"/Date(1701842789000)/",15900,10000,6824900,107802000000,550,true,3.58
"LPB",130600,"/Date(1701842789000)/",15900,1000,6814900,107643000000,550,true,3.58
"LPB",130600,"/Date(1701842789000)/",15900,1000,6813900,107628000000,550,true,3.58
"LPB",130600,"/Date(1701842789000)/",15900,1900,6812900,107612000000,550,true,3.58
"LPB",130600,"/Date(1701842789000)/",15900,100,6811000,107581000000,550,true,3.58
"LPB",130600,"/Date(1701842789000)/",15900,300,6810900,107580000000,550,true,3.58
"LPB",130600,"/Date(1701842789000)/",15900,200,6810600,107575000000,550,true,3.58
"LPB",130600,"/Date(1701842789000)/",15900,100,6810400,107572000000,550,true,3.58
"LPB",130600,"/Date(1701842789000)/",15900,600,6810300,107570000000,550,true,3.58
"LPB",130600,"/Date(1701842789000)/",15900,2000,6809700,107561000000,550,true,3.58
"LPB",130600,"/Date(1701842789000)/",15900,500,6807700,107529000000,550,true,3.58
"LPB",130600,"/Date(1701842789000)/",15900,10000,6807200,107521000000,550,true,3.58
"LPB",130600,"/Date(1701842789000)/",15900,200,6797200,107362000000,550,true,3.58
"LPB",130600,"/Date(1701842789000)/",15900,200,6797000,107359000000,550,true,3.58
"LPB",130600,"/Date(1701842789000)/",15900,500,6796800,107356000000,550,true,3.58
"LPB",130600,"/Date(1701842789000)/",15900,2000,6796300,107348000000,550,true,3.58
"LPB",130600,"/Date(1701842789000)/",15900,200,6794300,107316000000,550,true,3.58
"LPB",130600,"/Date(1701842789000)/",15900,1000,6794100,107313000000,550,true,3.58
"LPB",130600,"/Date(1701842789000)/",15900,20100,6793100,107297000000,550,true,3.58
"LPB",130600,"/Date(1701842789000)/",15900,200,6773000,106977000000,550,true,3.58
"LPB",130600,"/Date(1701842789000)/",15900,100,6772800,106974000000,550,true,3.58
"LPB",130557,"/Date(1701842785000)/",15900,400,6772700,106972000000,550,false,3.58
"LPB",130557,"/Date(1701842785000)/",15900,1500,6772300,106966000000,550,false,3.58
"LPB",130557,"/Date(1701842785000)/",15900,200,6770800,106942000000,550,false,3.58
"LPB",130557,"/Date(1701842785000)/",15900,1400,6770600,106939000000,550,false,3.58
"LPB",130557,"/Date(1701842785000)/",15900,100,6769200,106917000000,550,false,3.58
"LPB",130557,"/Date(1701842785000)/",15900,5000,6769100,106915000000,550,false,3.58
"LPB",130557,"/Date(1701842785000)/",15900,3000,6764100,106836000000,550,false,3.58
"LPB",130557,"/Date(1701842785000)/",15900,100,6761100,106788000000,550,false,3.58
"LPB",130557,"/Date(1701842785000)/",15900,500,6761000,106786000000,550,false,3.58
"LPB",130557,"/Date(1701842785000)/",15900,7000,6760500,106779000000,550,false,3.58
"LPB",130557,"/Date(1701842785000)/",15900,2000,6753500,106667000000,550,false,3.58
"LPB",130557,"/Date(1701842785000)/",15900,100,6751500,106635000000,550,false,3.58
"LPB",130557,"/Date(1701842785000)/",15900,2000,6751400,106634000000,550,false,3.58
"LPB",130557,"/Date(1701842785000)/",15900,100,6749400,106602000000,550,false,3.58
"LPB",130557,"/Date(1701842785000)/",15900,5000,6749300,106600000000,550,false,3.58
"LPB",130557,"/Date(1701842785000)/",15900,400,6744300,106521000000,550,false,3.58
"LPB",130557,"/Date(1701842785000)/",15900,100,6743900,106515000000,550,false,3.58
"LPB",130557,"/Date(1701842785000)/",15900,100,6743800,106513000000,550,false,3.58
"LPB",130557,"/Date(1701842785000)/",15900,3000,6743700,106511000000,550,false,3.58
"LPB",130557,"/Date(1701842785000)/",15900,600,6740700,106464000000,550,false,3.58
"LPB",130557,"/Date(1701842785000)/",15900,1900,6740100,106454000000,550,false,3.58
"LPB",130557,"/Date(1701842785000)/",15900,100,6738200,106424000000,550,false,3.58
"LPB",130557,"/Date(1701842785000)/",15900,32000,6738100,106422000000,550,false,3.58
"LPB",130557,"/Date(1701842785000)/",15900,1100,6706100,105914000000,550,false,3.58
"LPB",130557,"/Date(1701842785000)/",15900,100,6705000,105896000000,550,false,3.58
"LPB",130557,"/Date(1701842785000)/",15900,12200,6704900,105894000000,550,false,3.58
"LPB",130550,"/Date(1701842779000)/",15900,20000,6692700,105700000000,550,false,3.58
"LPB",130531,"/Date(1701842758000)/",15850,4000,6672700,105382000000,500,true,3.26
"LPB",130437,"/Date(1701842704000)/",15850,500,6668700,105319000000,500,true,3.26
"LPB",130418,"/Date(1701842686000)/",15850,5000,6668200,105311000000,500,true,3.26
"LPB",130359,"/Date(1701842665000)/",15850,1600,6663200,105232000000,500,true,3.26
"LPB",130353,"/Date(1701842661000)/",15850,500,6661600,105207000000,500,false,3.26
"LPB",130353,"/Date(1701842661000)/",15850,10000,6661100,105199000000,500,false,3.26
"LPB",130353,"/Date(1701842661000)/",15850,2000,6651100,105040000000,500,false,3.26
"LPB",130353,"/Date(1701842661000)/",15850,500,6649100,105008000000,500,false,3.26
"LPB",130353,"/Date(1701842661000)/",15850,100,6648600,105001000000,500,false,3.26
"LPB",130353,"/Date(1701842661000)/",15850,100,6648500,104999000000,500,false,3.26
"LPB",130353,"/Date(1701842661000)/",15850,10000,6648400,104997000000,500,false,3.26
"LPB",130353,"/Date(1701842661000)/",15850,25000,6638400,104839000000,500,false,3.26
"LPB",130353,"/Date(1701842661000)/",15850,6000,6613400,104443000000,500,false,3.26
"LPB",130353,"/Date(1701842661000)/",15850,200,6607400,104347000000,500,false,3.26
"LPB",130353,"/Date(1701842661000)/",15850,1600,6607200,104344000000,500,false,3.26
"LPB",130353,"/Date(1701842661000)/",15850,36200,6605600,104319000000,500,false,3.26
"LPB",130349,"/Date(1701842656000)/",15850,1300,6569400,103745000000,500,false,3.26
"LPB",130349,"/Date(1701842656000)/",15850,3500,6568100,103725000000,500,false,3.26
"LPB",130349,"/Date(1701842656000)/",15850,300,6564600,103669000000,500,false,3.26
"LPB",130349,"/Date(1701842656000)/",15850,100,6564300,103664000000,500,false,3.26
"LPB",130349,"/Date(1701842656000)/",15850,100,6564200,103663000000,500,false,3.26
"LPB",130349,"/Date(1701842656000)/",15850,1500,6564100,103661000000,500,false,3.26
"LPB",130349,"/Date(1701842656000)/",15850,500,6562600,103637000000,500,false,3.26
"LPB",130346,"/Date(1701842656000)/",15850,10100,6562100,103629000000,500,false,3.26
"LPB",130346,"/Date(1701842656000)/",15850,5000,6552000,103469000000,500,false,3.26
"LPB",130346,"/Date(1701842656000)/",15850,3200,6547000,103390000000,500,false,3.26
"LPB",130346,"/Date(1701842656000)/",15850,100,6543800,103339000000,500,false,3.26
"LPB",130346,"/Date(1701842656000)/",15850,500,6543700,103338000000,500,false,3.26
"LPB",130346,"/Date(1701842656000)/",15850,500,6543200,103330000000,500,false,3.26
"LPB",130346,"/Date(1701842656000)/",15850,100,6542700,103322000000,500,false,3.26
"LPB",130346,"/Date(1701842656000)/",15850,1500,6542600,103320000000,500,false,3.26
"LPB",130346,"/Date(1701842656000)/",15850,100,6541100,103297000000,500,false,3.26
"LPB",130346,"/Date(1701842656000)/",15850,500,6541000,103295000000,500,false,3.26
"LPB",130346,"/Date(1701842656000)/",15850,2000,6540500,103287000000,500,false,3.26
"LPB",130346,"/Date(1701842656000)/",15850,500,6538500,103255000000,500,false,3.26
"LPB",130346,"/Date(1701842656000)/",15850,300,6538000,103247000000,500,false,3.26
"LPB",130346,"/Date(1701842656000)/",15850,500,6537700,103243000000,500,false,3.26
"LPB",130346,"/Date(1701842656000)/",15850,3500,6537200,103235000000,500,false,3.26
"LPB",130346,"/Date(1701842656000)/",15850,34300,6533700,103179000000,500,false,3.26
"LPB",130327,"/Date(1701842635000)/",15800,500,6499400,102636000000,450,true,2.93
"LPB",130327,"/Date(1701842634000)/",15800,500,6498900,102628000000,450,true,2.93
"LPB",130321,"/Date(1701842630000)/",15800,500,6498400,102620000000,450,true,2.93
"LPB",130314,"/Date(1701842624000)/",15800,200,6497900,102612000000,450,true,2.93
"LPB",130246,"/Date(1701842586000)/",15850,200,6497700,102609000000,500,false,3.26
"LPB",130246,"/Date(1701842585000)/",15800,12300,6497500,102606000000,450,true,2.93
"LPB",130246,"/Date(1701842585000)/",15800,400,6485200,102411000000,450,true,2.93
"LPB",130246,"/Date(1701842585000)/",15800,200,6484800,102405000000,450,true,2.93
"LPB",130151,"/Date(1701842540000)/",15800,100,6484600,102402000000,450,true,2.93
"LPB",130116,"/Date(1701842505000)/",15850,1700,6484500,102400000000,500,false,3.26
"LPB",130116,"/Date(1701842505000)/",15800,200,6482800,102373000000,450,true,2.93
"LPB",130116,"/Date(1701842505000)/",15800,500,6482600,102370000000,450,true,2.93
"LPB",130116,"/Date(1701842505000)/",15800,300,6482100,102362000000,450,true,2.93
"LPB",130100,"/Date(1701842488000)/",15800,10000,6481800,102358000000,450,true,2.93
"LPB",130100,"/Date(1701842488000)/",15800,3000,6471800,102200000000,450,true,2.93
"LPB",130048,"/Date(1701842477000)/",15800,2000,6468800,102152000000,450,true,2.93
"LPB",130025,"/Date(1701842454000)/",15800,200,6466800,102121000000,450,true,2.93
"LPB",130019,"/Date(1701842445000)/",15800,2300,6466600,102117000000,450,true,2.93
"LPB",130019,"/Date(1701842445000)/",15800,100,6464300,102081000000,450,true,2.93
"LPB",130019,"/Date(1701842445000)/",15800,200,6464200,102079000000,450,true,2.93
"LPB",130019,"/Date(1701842445000)/",15800,3000,6464000,102076000000,450,true,2.93
"LPB",130019,"/Date(1701842445000)/",15800,100,6461000,102029000000,450,true,2.93
"LPB",130019,"/Date(1701842445000)/",15800,500,6460900,102027000000,450,true,2.93
"LPB",130019,"/Date(1701842445000)/",15800,100,6460400,102019000000,450,true,2.93
"LPB",130019,"/Date(1701842445000)/",15800,3700,6460300,102018000000,450,true,2.93
"LPB",130012,"/Date(1701842424000)/",15850,300,6456600,101959000000,500,false,3.26
"LPB",130009,"/Date(1701842420000)/",15850,1000,6456300,101955000000,500,false,3.26
"LPB",130009,"/Date(1701842418000)/",15800,100,6455300,101939000000,450,true,2.93
"LPB",130006,"/Date(1701842413000)/",15850,100,6455200,101937000000,500,false,3.26
"LPB",130000,"/Date(1701842404000)/",15800,1100,6455100,101936000000,450,true,2.93
"LPB",130000,"/Date(1701842404000)/",15800,2000,6454000,101918000000,450,true,2.93
"LPB",125957,"/Date(1701842403000)/",15850,2400,6452000,101887000000,500,false,3.26
"LPB",125953,"/Date(1701842402000)/",15850,1000,6449600,101849000000,500,false,3.26
"LPB",125953,"/Date(1701842402000)/",15800,3100,6448600,101833000000,450,true,2.93
"LPB",125953,"/Date(1701842402000)/",15800,100,6445500,101784000000,450,true,2.93
"LPB",125953,"/Date(1701842402000)/",15800,500,6445400,101782000000,450,true,2.93
"LPB",125953,"/Date(1701842402000)/",15800,200,6444900,101774000000,450,true,2.93
"LPB",125953,"/Date(1701842402000)/",15800,300,6444700,101771000000,450,true,2.93
"LPB",125953,"/Date(1701842402000)/",15800,500,6444400,101766000000,450,true,2.93
"LPB",125953,"/Date(1701842402000)/",15800,2000,6443900,101758000000,450,true,2.93
"LPB",125953,"/Date(1701842402000)/",15800,2000,6441900,101727000000,450,true,2.93
