"Stockcode","Package","TradingDate","Price","Vol","TotalVol","TotalVal","Change","IsBuy","PerChange"
"PTB",144430,"/Date(1701848701000)/",59000,25400,113400,6644000000,400,true,0.68
"PTB",142832,"/Date(1701847748000)/",58600,1200,88000,5146000000,0,true,0
"PTB",142751,"/Date(1701847705000)/",58600,100,86800,5075000000,0,false,0
"PTB",142719,"/Date(1701847675000)/",58400,600,86700,5069000000,-200,true,-0.34
"PTB",142719,"/Date(1701847675000)/",58400,1000,86100,5034000000,-200,true,-0.34
"PTB",142206,"/Date(1701847361000)/",58500,1000,85100,4976000000,-100,false,-0.17
"PTB",142053,"/Date(1701847287000)/",58700,100,84100,4918000000,100,false,0.17
"PTB",142011,"/Date(1701847246000)/",58500,500,84000,4912000000,-100,false,-0.17
"PTB",141958,"/Date(1701847234000)/",58500,700,83500,4882000000,-100,false,-0.17
"PTB",141917,"/Date(1701847193000)/",58500,800,82800,4841000000,-100,true,-0.17
"PTB",141744,"/Date(1701847100000)/",58500,200,82000,4795000000,-100,true,-0.17
"PTB",141744,"/Date(1701847100000)/",58500,1700,81800,4783000000,-100,true,-0.17
"PTB",141534,"/Date(1701846969000)/",58600,100,80100,4683000000,0,false,0
"PTB",141534,"/Date(1701846969000)/",58600,800,80000,4678000000,0,false,0
"PTB",141458,"/Date(1701846932000)/",58600,200,79200,4631000000,0,true,0
"PTB",141011,"/Date(1701846644000)/",58600,500,79000,4619000000,0,true,0
"PTB",140914,"/Date(1701846586000)/",58600,200,78500,4590000000,0,true,0
"PTB",140650,"/Date(1701846443000)/",58700,100,78300,4578000000,100,false,0.17
"PTB",140502,"/Date(1701846334000)/",58600,300,78200,4572000000,0,true,0
"PTB",140358,"/Date(1701846271000)/",58600,400,77900,4555000000,0,true,0
"PTB",140323,"/Date(1701846237000)/",58600,100,77500,4531000000,0,true,0
"PTB",140222,"/Date(1701846175000)/",58600,500,77400,4525000000,0,true,0
"PTB",140222,"/Date(1701846174000)/",58600,200,76900,4496000000,0,true,0
"PTB",140143,"/Date(1701846137000)/",58600,100,76700,4484000000,0,true,0
"PTB",140131,"/Date(1701846125000)/",58700,200,76600,4478000000,100,false,0.17
"PTB",140108,"/Date(1701846103000)/",58600,300,76400,4467000000,0,true,0
"PTB",135939,"/Date(1701846012000)/",58600,100,76100,4449000000,0,true,0
"PTB",135939,"/Date(1701846012000)/",58600,300,76000,4443000000,0,true,0
"PTB",135841,"/Date(1701845954000)/",58600,300,75700,4426000000,0,true,0
"PTB",135841,"/Date(1701845954000)/",58600,100,75400,4408000000,0,true,0
"PTB",135558,"/Date(1701845791000)/",58600,100,75300,4402000000,0,false,0
"PTB",135558,"/Date(1701845791000)/",58600,4000,75200,4396000000,0,false,0
"PTB",135558,"/Date(1701845791000)/",58600,500,71200,4162000000,0,false,0
"PTB",135558,"/Date(1701845791000)/",58600,1300,70700,4133000000,0,false,0
"PTB",135539,"/Date(1701845771000)/",58500,1000,69400,4056000000,-100,false,-0.17
"PTB",135539,"/Date(1701845771000)/",58500,500,68400,3998000000,-100,false,-0.17
"PTB",135539,"/Date(1701845771000)/",58500,500,67900,3969000000,-100,false,-0.17
"PTB",135539,"/Date(1701845771000)/",58500,200,67400,3939000000,-100,false,-0.17
"PTB",135539,"/Date(1701845771000)/",58400,100,67200,3928000000,-200,false,-0.34
"PTB",135539,"/Date(1701845771000)/",58400,1000,67100,3922000000,-200,false,-0.34
"PTB",135425,"/Date(1701845698000)/",58300,1400,66100,3864000000,-300,true,-0.51
"PTB",134913,"/Date(1701845386000)/",58400,500,64700,3782000000,-200,true,-0.34
"PTB",134215,"/Date(1701844966000)/",58400,100,64200,3753000000,-200,false,-0.34
"PTB",134105,"/Date(1701844896000)/",58400,400,64100,3747000000,-200,false,-0.34
"PTB",133900,"/Date(1701844772000)/",58400,500,63700,3723000000,-200,false,-0.34
"PTB",133857,"/Date(1701844769000)/",58300,100,63200,3694000000,-300,true,-0.51
"PTB",133841,"/Date(1701844753000)/",58300,200,63100,3688000000,-300,true,-0.51
"PTB",133520,"/Date(1701844549000)/",58400,1000,62900,3677000000,-200,false,-0.34
"PTB",132659,"/Date(1701844051000)/",58300,1000,61900,3618000000,-300,true,-0.51
"PTB",132442,"/Date(1701843910000)/",58300,1000,60900,3560000000,-300,true,-0.51
"PTB",131712,"/Date(1701843462000)/",58300,600,59900,3502000000,-300,false,-0.51
"PTB",131712,"/Date(1701843462000)/",58300,1000,59300,3467000000,-300,false,-0.51
"PTB",131712,"/Date(1701843462000)/",58300,900,58300,3409000000,-300,false,-0.51
"PTB",131005,"/Date(1701843035000)/",58300,200,57400,3356000000,-300,false,-0.51
"PTB",130736,"/Date(1701842885000)/",58200,100,57200,3344000000,-400,false,-0.68
"PTB",130648,"/Date(1701842836000)/",58100,300,57100,3339000000,-500,true,-0.85
"PTB",130600,"/Date(1701842787000)/",58100,100,56800,3321000000,-500,true,-0.85
"PTB",130550,"/Date(1701842779000)/",58100,300,56700,3315000000,-500,true,-0.85
"PTB",130541,"/Date(1701842769000)/",58100,300,56400,3298000000,-500,false,-0.85
"PTB",130503,"/Date(1701842730000)/",58100,500,56100,3280000000,-500,true,-0.85
"PTB",130503,"/Date(1701842730000)/",58100,100,55600,3251000000,-500,true,-0.85
"PTB",130503,"/Date(1701842730000)/",58100,100,55500,3246000000,-500,true,-0.85
"PTB",130456,"/Date(1701842724000)/",58100,100,55400,3240000000,-500,true,-0.85
"PTB",130456,"/Date(1701842724000)/",58100,100,55300,3234000000,-500,true,-0.85
"PTB",130456,"/Date(1701842724000)/",58100,500,55200,3228000000,-500,true,-0.85
"PTB",130437,"/Date(1701842706000)/",58200,200,54700,3199000000,-400,true,-0.68
"PTB",130437,"/Date(1701842706000)/",58200,100,54500,3187000000,-400,true,-0.68
"PTB",130437,"/Date(1701842706000)/",58200,500,54400,3182000000,-400,true,-0.68
"PTB",130437,"/Date(1701842706000)/",58200,100,53900,3153000000,-400,true,-0.68
"PTB",130006,"/Date(1701842414000)/",58300,1000,53800,3147000000,-300,true,-0.51
"PTB",130006,"/Date(1701842414000)/",58300,100,52800,3088000000,-300,true,-0.51
"PTB",112412,"/Date(1701836671000)/",58300,700,52700,3083000000,-300,false,-0.51
"PTB",112321,"/Date(1701836619000)/",58300,100,52000,3042000000,-300,false,-0.51
"PTB",112321,"/Date(1701836619000)/",58300,100,51900,3036000000,-300,false,-0.51
"PTB",112321,"/Date(1701836619000)/",58300,100,51800,3030000000,-300,false,-0.51
"PTB",110757,"/Date(1701835695000)/",58300,100,51700,3024000000,-300,true,-0.51
"PTB",110703,"/Date(1701835642000)/",58300,200,51600,3018000000,-300,false,-0.51
"PTB",110340,"/Date(1701835436000)/",58300,100,51400,3007000000,-300,false,-0.51
"PTB",110314,"/Date(1701835411000)/",58300,1000,51300,3001000000,-300,false,-0.51
"PTB",110314,"/Date(1701835411000)/",58300,700,50300,2943000000,-300,false,-0.51
"PTB",110233,"/Date(1701835370000)/",58400,300,49600,2902000000,-200,false,-0.34
"PTB",110138,"/Date(1701835314000)/",58300,300,49300,2884000000,-300,true,-0.51
"PTB",110019,"/Date(1701835235000)/",58300,100,49000,2867000000,-300,false,-0.51
"PTB",110019,"/Date(1701835235000)/",58300,100,48900,2861000000,-300,false,-0.51
"PTB",110019,"/Date(1701835235000)/",58300,1000,48800,2855000000,-300,false,-0.51
"PTB",110019,"/Date(1701835235000)/",58300,100,47800,2797000000,-300,false,-0.51
"PTB",110019,"/Date(1701835235000)/",58300,1000,47700,2791000000,-300,false,-0.51
"PTB",110019,"/Date(1701835235000)/",58300,1000,46700,2733000000,-300,false,-0.51
"PTB",110019,"/Date(1701835235000)/",58300,1200,45700,2674000000,-300,false,-0.51
"PTB",110019,"/Date(1701835235000)/",58300,500,44500,2605000000,-300,false,-0.51
"PTB",110006,"/Date(1701835224000)/",58400,100,44000,2575000000,-200,true,-0.34
"PTB",110006,"/Date(1701835224000)/",58400,1000,43900,2570000000,-200,true,-0.34
"PTB",110006,"/Date(1701835224000)/",58400,900,42900,2511000000,-200,true,-0.34
"PTB",105623,"/Date(1701834998000)/",58400,100,42000,2459000000,-200,true,-0.34
"PTB",105234,"/Date(1701834769000)/",58500,500,41900,2453000000,-100,false,-0.17
"PTB",105234,"/Date(1701834769000)/",58500,800,41400,2423000000,-100,false,-0.17
"PTB",105234,"/Date(1701834769000)/",58400,500,40600,2377000000,-200,false,-0.34
"PTB",105136,"/Date(1701834714000)/",58400,100,40100,2347000000,-200,true,-0.34
"PTB",105136,"/Date(1701834714000)/",58400,1000,40000,2342000000,-200,true,-0.34
"PTB",105136,"/Date(1701834714000)/",58400,400,39000,2283000000,-200,true,-0.34
"PTB",105127,"/Date(1701834703000)/",58400,600,38600,2260000000,-200,true,-0.34
"PTB",105127,"/Date(1701834703000)/",58400,100,38000,2225000000,-200,true,-0.34
"PTB",105127,"/Date(1701834703000)/",58400,100,37900,2219000000,-200,true,-0.34
"PTB",105127,"/Date(1701834703000)/",58400,200,37800,2213000000,-200,true,-0.34
"PTB",104844,"/Date(1701834538000)/",58400,100,37600,2201000000,-200,true,-0.34
"PTB",104831,"/Date(1701834527000)/",58500,200,37500,2196000000,-100,false,-0.17
"PTB",104831,"/Date(1701834527000)/",58500,800,37300,2184000000,-100,false,-0.17
"PTB",104303,"/Date(1701834198000)/",58500,100,36500,2137000000,-100,false,-0.17
"PTB",104254,"/Date(1701834188000)/",58500,100,36400,2131000000,-100,false,-0.17
"PTB",104250,"/Date(1701834185000)/",58400,100,36300,2125000000,-200,true,-0.34
"PTB",104250,"/Date(1701834185000)/",58400,900,36200,2120000000,-200,true,-0.34
"PTB",104105,"/Date(1701834081000)/",58500,100,35300,2067000000,-100,false,-0.17
"PTB",104043,"/Date(1701834057000)/",58500,100,35200,2061000000,-100,false,-0.17
"PTB",104040,"/Date(1701834054000)/",58400,100,35100,2055000000,-200,true,-0.34
"PTB",104024,"/Date(1701834039000)/",58400,100,35000,2050000000,-200,true,-0.34
"PTB",104011,"/Date(1701834027000)/",58500,100,34900,2044000000,-100,false,-0.17
"PTB",103839,"/Date(1701833934000)/",58400,200,34800,2038000000,-200,false,-0.34
"PTB",103826,"/Date(1701833919000)/",58400,100,34600,2026000000,-200,false,-0.34
"PTB",103742,"/Date(1701833876000)/",58400,500,34500,2020000000,-200,false,-0.34
"PTB",103742,"/Date(1701833876000)/",58400,100,34000,1991000000,-200,false,-0.34
"PTB",103742,"/Date(1701833876000)/",58400,100,33900,1985000000,-200,false,-0.34
"PTB",103547,"/Date(1701833763000)/",58500,200,33800,1979000000,-100,false,-0.17
"PTB",103425,"/Date(1701833679000)/",58500,100,33600,1968000000,-100,false,-0.17
"PTB",102841,"/Date(1701833335000)/",58500,200,33500,1962000000,-100,false,-0.17
"PTB",102803,"/Date(1701833297000)/",58500,100,33300,1950000000,-100,false,-0.17
"PTB",102803,"/Date(1701833297000)/",58500,800,33200,1944000000,-100,false,-0.17
"PTB",102803,"/Date(1701833297000)/",58500,300,32400,1898000000,-100,false,-0.17
"PTB",102747,"/Date(1701833280000)/",58500,700,32100,1880000000,-100,true,-0.17
"PTB",102747,"/Date(1701833280000)/",58500,1000,31400,1839000000,-100,true,-0.17
"PTB",102747,"/Date(1701833280000)/",58500,1000,30400,1781000000,-100,true,-0.17
"PTB",102747,"/Date(1701833280000)/",58500,1300,29400,1722000000,-100,true,-0.17
"PTB",102602,"/Date(1701833176000)/",58500,100,28100,1646000000,-100,true,-0.17
"PTB",102414,"/Date(1701833067000)/",58500,100,28000,1640000000,-100,true,-0.17
"PTB",101911,"/Date(1701832766000)/",58500,200,27900,1634000000,-100,true,-0.17
"PTB",101503,"/Date(1701832515000)/",58500,300,27700,1623000000,-100,true,-0.17
"PTB",101447,"/Date(1701832501000)/",58600,500,27400,1605000000,0,false,0
"PTB",101344,"/Date(1701832437000)/",58600,500,26900,1576000000,0,false,0
"PTB",101318,"/Date(1701832411000)/",58600,1000,26400,1546000000,0,false,0
"PTB",101309,"/Date(1701832401000)/",58500,100,25400,1488000000,-100,true,-0.17
"PTB",101117,"/Date(1701832290000)/",58500,2000,25300,1482000000,-100,true,-0.17
"PTB",100948,"/Date(1701832201000)/",58500,900,23300,1365000000,-100,true,-0.17
"PTB",100929,"/Date(1701832181000)/",58500,800,22400,1312000000,-100,true,-0.17
"PTB",100929,"/Date(1701832181000)/",58500,100,21600,1266000000,-100,true,-0.17
"PTB",100929,"/Date(1701832181000)/",58500,100,21500,1260000000,-100,true,-0.17
"PTB",100929,"/Date(1701832181000)/",58500,100,21400,1254000000,-100,true,-0.17
"PTB",100929,"/Date(1701832181000)/",58500,200,21300,1248000000,-100,true,-0.17
"PTB",100929,"/Date(1701832181000)/",58500,700,21100,1236000000,-100,true,-0.17
"PTB",100747,"/Date(1701832080000)/",58500,300,20400,1195000000,-100,true,-0.17
"PTB",100615,"/Date(1701831986000)/",58600,1200,20100,1178000000,0,false,0
"PTB",100518,"/Date(1701831928000)/",58600,500,18900,1107000000,0,false,0
"PTB",100452,"/Date(1701831906000)/",58600,100,18400,1078000000,0,true,0
"PTB",100123,"/Date(1701831695000)/",58600,3000,18300,1072000000,0,true,0
"PTB",95944,"/Date(1701831593000)/",58600,100,15300,896000000,0,true,0
"PTB",95646,"/Date(1701831416000)/",58600,100,15200,891000000,0,false,0
"PTB",95646,"/Date(1701831416000)/",58600,100,15100,885000000,0,false,0
"PTB",95439,"/Date(1701831291000)/",58600,400,15000,879000000,0,false,0
"PTB",95439,"/Date(1701831291000)/",58600,100,14600,855000000,0,false,0
"PTB",95410,"/Date(1701831261000)/",58600,800,14500,850000000,0,false,0
"PTB",94934,"/Date(1701830985000)/",58600,100,13700,803000000,0,false,0
"PTB",94934,"/Date(1701830985000)/",58600,600,13600,797000000,0,false,0
"PTB",94636,"/Date(1701830806000)/",58600,400,13000,762000000,0,true,0
"PTB",94630,"/Date(1701830798000)/",58600,600,12600,738000000,0,false,0
"PTB",94627,"/Date(1701830796000)/",58600,400,12000,703000000,0,false,0
"PTB",94627,"/Date(1701830796000)/",58600,100,11600,680000000,0,false,0
"PTB",94455,"/Date(1701830706000)/",58600,100,11500,674000000,0,true,0
"PTB",94455,"/Date(1701830706000)/",58600,900,11400,668000000,0,true,0
"PTB",94413,"/Date(1701830663000)/",58800,100,10500,615000000,200,true,0.34
"PTB",94338,"/Date(1701830627000)/",58800,300,10400,609000000,200,false,0.34
"PTB",94326,"/Date(1701830616000)/",58800,100,10100,592000000,200,false,0.34
"PTB",94244,"/Date(1701830574000)/",58700,300,10000,586000000,100,false,0.17
"PTB",94241,"/Date(1701830571000)/",58800,300,9700,568000000,200,false,0.34
"PTB",94206,"/Date(1701830535000)/",58900,100,9400,551000000,300,false,0.51
"PTB",94106,"/Date(1701830475000)/",58900,100,9300,545000000,300,false,0.51
"PTB",94034,"/Date(1701830444000)/",58800,100,9200,539000000,200,false,0.34
"PTB",93928,"/Date(1701830377000)/",58800,100,9100,533000000,200,false,0.34
"PTB",93928,"/Date(1701830377000)/",58800,400,9000,527000000,200,false,0.34
"PTB",93903,"/Date(1701830352000)/",58800,100,8600,503000000,200,false,0.34
"PTB",93828,"/Date(1701830318000)/",58700,100,8500,498000000,100,true,0.17
"PTB",93423,"/Date(1701830071000)/",58600,100,8400,492000000,0,false,0
"PTB",93423,"/Date(1701830071000)/",58600,1000,8300,486000000,0,false,0
"PTB",93423,"/Date(1701830071000)/",58600,600,7300,427000000,0,false,0
"PTB",93232,"/Date(1701829962000)/",58600,200,6700,392000000,0,false,0
"PTB",92903,"/Date(1701829753000)/",58600,200,6500,380000000,0,false,0
"PTB",92903,"/Date(1701829753000)/",58600,300,6300,369000000,0,false,0
"PTB",92450,"/Date(1701829497000)/",58600,300,6000,351000000,0,true,0
"PTB",92450,"/Date(1701829497000)/",58600,400,5700,334000000,0,true,0
"PTB",92431,"/Date(1701829480000)/",58600,1600,5300,310000000,0,true,0
"PTB",92431,"/Date(1701829480000)/",58600,300,3700,216000000,0,true,0
"PTB",92431,"/Date(1701829480000)/",58600,100,3400,199000000,0,true,0
"PTB",92431,"/Date(1701829480000)/",58600,3000,3300,193000000,0,true,0
"PTB",91457,"/Date(1701828900000)/",58600,300,300,17000000,0,true,0
