"Stockcode","Package","TradingDate","Price","Vol","TotalVol","TotalVal","Change","IsBuy","PerChange"
"PVD",144423,"/Date(1701848700000)/",29100,383200,5331400,152806000000,350,false,1.22
"PVD",142920,"/Date(1701847797000)/",29000,100,4948200,141655000000,250,false,0.87
"PVD",142917,"/Date(1701847793000)/",29000,500,4948100,141652000000,250,true,0.87
"PVD",142917,"/Date(1701847793000)/",29000,900,4947600,141637000000,250,true,0.87
"PVD",142911,"/Date(1701847786000)/",29000,200,4946700,141611000000,250,false,0.87
"PVD",142911,"/Date(1701847785000)/",29000,200,4946500,141606000000,250,false,0.87
"PVD",142911,"/Date(1701847785000)/",29000,200,4946300,141600000000,250,false,0.87
"PVD",142911,"/Date(1701847785000)/",29000,2100,4946100,141594000000,250,false,0.87
"PVD",142908,"/Date(1701847784000)/",28950,100,4944000,141533000000,200,true,0.7
"PVD",142904,"/Date(1701847779000)/",29000,500,4943900,141530000000,250,false,0.87
"PVD",142901,"/Date(1701847777000)/",29000,4400,4943400,141516000000,250,false,0.87
"PVD",142901,"/Date(1701847777000)/",29000,200,4939000,141388000000,250,false,0.87
"PVD",142901,"/Date(1701847777000)/",29000,500,4938800,141382000000,250,false,0.87
"PVD",142901,"/Date(1701847777000)/",29000,1000,4938300,141368000000,250,false,0.87
"PVD",142901,"/Date(1701847777000)/",29000,3000,4937300,141339000000,250,false,0.87
"PVD",142901,"/Date(1701847777000)/",29000,900,4934300,141252000000,250,false,0.87
"PVD",142858,"/Date(1701847775000)/",28950,400,4933400,141226000000,200,true,0.7
"PVD",142858,"/Date(1701847775000)/",28950,200,4933000,141214000000,200,true,0.7
"PVD",142858,"/Date(1701847774000)/",28950,4000,4932800,141208000000,200,true,0.7
"PVD",142858,"/Date(1701847773000)/",29000,1100,4928800,141093000000,250,false,0.87
"PVD",142858,"/Date(1701847773000)/",29000,2000,4927700,141061000000,250,false,0.87
"PVD",142858,"/Date(1701847773000)/",29000,1100,4925700,141003000000,250,false,0.87
"PVD",142858,"/Date(1701847773000)/",29000,800,4924600,140971000000,250,false,0.87
"PVD",142855,"/Date(1701847772000)/",28950,200,4923800,140948000000,200,true,0.7
"PVD",142848,"/Date(1701847766000)/",28950,200,4923600,140942000000,200,true,0.7
"PVD",142848,"/Date(1701847765000)/",28950,4000,4923400,140936000000,200,true,0.7
"PVD",142839,"/Date(1701847754000)/",28950,200,4919400,140820000000,200,true,0.7
"PVD",142829,"/Date(1701847747000)/",28950,300,4919200,140814000000,200,true,0.7
"PVD",142829,"/Date(1701847746000)/",29000,1200,4918900,140806000000,250,false,0.87
"PVD",142829,"/Date(1701847746000)/",29000,800,4917700,140771000000,250,false,0.87
"PVD",142826,"/Date(1701847742000)/",29000,200,4916900,140748000000,250,false,0.87
"PVD",142823,"/Date(1701847737000)/",29000,600,4916700,140742000000,250,false,0.87
"PVD",142823,"/Date(1701847737000)/",29000,400,4916100,140724000000,250,false,0.87
"PVD",142816,"/Date(1701847733000)/",28950,500,4915700,140713000000,200,true,0.7
"PVD",142813,"/Date(1701847728000)/",28950,200,4915200,140698000000,200,true,0.7
"PVD",142810,"/Date(1701847727000)/",28950,200,4915000,140693000000,200,true,0.7
"PVD",142810,"/Date(1701847727000)/",28950,2800,4914800,140687000000,200,true,0.7
"PVD",142810,"/Date(1701847724000)/",28950,1000,4912000,140606000000,200,true,0.7
"PVD",142810,"/Date(1701847724000)/",29000,100,4911000,140577000000,250,false,0.87
"PVD",142810,"/Date(1701847724000)/",29000,200,4910900,140574000000,250,false,0.87
"PVD",142810,"/Date(1701847724000)/",29000,2000,4910700,140568000000,250,false,0.87
"PVD",142810,"/Date(1701847724000)/",29000,7700,4908700,140510000000,250,false,0.87
"PVD",142807,"/Date(1701847723000)/",28950,500,4901000,140287000000,200,true,0.7
"PVD",142807,"/Date(1701847721000)/",28950,1000,4900500,140272000000,200,true,0.7
"PVD",142804,"/Date(1701847721000)/",28950,4700,4899500,140243000000,200,true,0.7
"PVD",142804,"/Date(1701847721000)/",28950,15300,4894800,140107000000,200,true,0.7
"PVD",142800,"/Date(1701847717000)/",28950,1100,4879500,139664000000,200,true,0.7
"PVD",142757,"/Date(1701847714000)/",29000,200,4878400,139633000000,250,false,0.87
"PVD",142751,"/Date(1701847707000)/",28950,1000,4878200,139627000000,200,true,0.7
"PVD",142751,"/Date(1701847705000)/",29000,200,4877200,139598000000,250,false,0.87
"PVD",142744,"/Date(1701847701000)/",28950,600,4877000,139592000000,200,true,0.7
"PVD",142744,"/Date(1701847701000)/",28950,1000,4876400,139575000000,200,true,0.7
"PVD",142744,"/Date(1701847699000)/",29000,6200,4875400,139546000000,250,true,0.87
"PVD",142744,"/Date(1701847699000)/",29000,13800,4869200,139366000000,250,true,0.87
"PVD",142744,"/Date(1701847699000)/",29000,1000,4855400,138966000000,250,true,0.87
"PVD",142744,"/Date(1701847699000)/",29000,1100,4854400,138937000000,250,true,0.87
"PVD",142738,"/Date(1701847695000)/",29000,200,4853300,138905000000,250,true,0.87
"PVD",142738,"/Date(1701847695000)/",29000,100,4853100,138899000000,250,true,0.87
"PVD",142738,"/Date(1701847695000)/",29000,1000,4853000,138896000000,250,true,0.87
"PVD",142738,"/Date(1701847695000)/",29000,1300,4852000,138867000000,250,true,0.87
"PVD",142738,"/Date(1701847695000)/",29000,4000,4850700,138829000000,250,true,0.87
"PVD",142738,"/Date(1701847695000)/",29000,5000,4846700,138713000000,250,true,0.87
"PVD",142738,"/Date(1701847695000)/",29000,5300,4841700,138568000000,250,true,0.87
"PVD",142738,"/Date(1701847695000)/",29000,2000,4836400,138415000000,250,true,0.87
"PVD",142738,"/Date(1701847695000)/",29000,1000,4834400,138357000000,250,true,0.87
"PVD",142738,"/Date(1701847695000)/",29000,100,4833400,138328000000,250,true,0.87
"PVD",142732,"/Date(1701847687000)/",29050,3600,4833300,138325000000,300,true,1.04
"PVD",142728,"/Date(1701847685000)/",29050,100,4829700,138220000000,300,true,1.04
"PVD",142719,"/Date(1701847673000)/",29050,1000,4829600,138217000000,300,false,1.04
"PVD",142719,"/Date(1701847673000)/",29050,2200,4828600,138188000000,300,false,1.04
"PVD",142719,"/Date(1701847673000)/",29050,3100,4826400,138124000000,300,false,1.04
"PVD",142716,"/Date(1701847671000)/",29050,100,4823300,138034000000,300,false,1.04
"PVD",142716,"/Date(1701847671000)/",29050,18300,4823200,138031000000,300,false,1.04
"PVD",142716,"/Date(1701847671000)/",29100,200,4804900,137500000000,350,false,1.22
"PVD",142713,"/Date(1701847667000)/",29050,400,4804700,137494000000,300,true,1.04
"PVD",142713,"/Date(1701847667000)/",29050,200,4804300,137482000000,300,true,1.04
"PVD",142706,"/Date(1701847662000)/",29100,6500,4804100,137477000000,350,false,1.22
"PVD",142706,"/Date(1701847662000)/",29100,3500,4797600,137287000000,350,false,1.22
"PVD",142703,"/Date(1701847659000)/",29050,1000,4794100,137186000000,300,true,1.04
"PVD",142700,"/Date(1701847654000)/",29050,1800,4793100,137156000000,300,true,1.04
"PVD",142700,"/Date(1701847654000)/",29050,1000,4791300,137104000000,300,true,1.04
"PVD",142700,"/Date(1701847654000)/",29050,200,4790300,137075000000,300,true,1.04
"PVD",142653,"/Date(1701847647000)/",29100,100,4790100,137069000000,350,false,1.22
"PVD",142650,"/Date(1701847646000)/",29100,4700,4790000,137066000000,350,false,1.22
"PVD",142650,"/Date(1701847645000)/",29050,100,4785300,136930000000,300,true,1.04
"PVD",142647,"/Date(1701847642000)/",29100,1700,4785200,136927000000,350,false,1.22
"PVD",142647,"/Date(1701847642000)/",29100,2000,4783500,136877000000,350,false,1.22
"PVD",142647,"/Date(1701847642000)/",29100,1000,4781500,136819000000,350,false,1.22
"PVD",142647,"/Date(1701847642000)/",29100,100,4780500,136790000000,350,false,1.22
"PVD",142647,"/Date(1701847642000)/",29100,100,4780400,136787000000,350,false,1.22
"PVD",142647,"/Date(1701847642000)/",29100,100,4780300,136784000000,350,false,1.22
"PVD",142641,"/Date(1701847637000)/",29050,100,4780200,136781000000,300,true,1.04
"PVD",142634,"/Date(1701847629000)/",29100,1000,4780100,136778000000,350,false,1.22
"PVD",142625,"/Date(1701847620000)/",29100,2400,4779100,136749000000,350,false,1.22
"PVD",142625,"/Date(1701847620000)/",29100,600,4776700,136679000000,350,false,1.22
"PVD",142618,"/Date(1701847613000)/",29100,3000,4776100,136662000000,350,false,1.22
"PVD",142612,"/Date(1701847608000)/",29100,100,4773100,136575000000,350,false,1.22
"PVD",142609,"/Date(1701847605000)/",29100,3000,4773000,136572000000,350,false,1.22
"PVD",142605,"/Date(1701847602000)/",29100,200,4770000,136484000000,350,false,1.22
"PVD",142602,"/Date(1701847598000)/",29100,2100,4769800,136479000000,350,false,1.22
"PVD",142602,"/Date(1701847598000)/",29100,900,4767700,136417000000,350,false,1.22
"PVD",142559,"/Date(1701847596000)/",29100,100,4766800,136391000000,350,false,1.22
"PVD",142559,"/Date(1701847595000)/",29100,1000,4766700,136388000000,350,false,1.22
"PVD",142556,"/Date(1701847591000)/",29100,3000,4765700,136359000000,350,false,1.22
"PVD",142556,"/Date(1701847590000)/",29100,500,4762700,136272000000,350,false,1.22
"PVD",142549,"/Date(1701847585000)/",29150,600,4762200,136257000000,400,false,1.39
"PVD",142549,"/Date(1701847585000)/",29100,1400,4761600,136240000000,350,true,1.22
"PVD",142549,"/Date(1701847584000)/",29100,100,4760200,136199000000,350,true,1.22
"PVD",142549,"/Date(1701847584000)/",29100,600,4760100,136196000000,350,true,1.22
"PVD",142549,"/Date(1701847584000)/",29100,7900,4759500,136179000000,350,true,1.22
"PVD",142546,"/Date(1701847583000)/",29150,600,4751600,135949000000,400,false,1.39
"PVD",142546,"/Date(1701847583000)/",29150,2000,4751000,135931000000,400,false,1.39
"PVD",142546,"/Date(1701847583000)/",29150,300,4749000,135873000000,400,false,1.39
"PVD",142546,"/Date(1701847583000)/",29150,100,4748700,135864000000,400,false,1.39
"PVD",142540,"/Date(1701847576000)/",29150,1900,4748600,135861000000,400,false,1.39
"PVD",142540,"/Date(1701847576000)/",29150,1100,4746700,135806000000,400,false,1.39
"PVD",142540,"/Date(1701847575000)/",29150,100,4745600,135774000000,400,false,1.39
"PVD",142537,"/Date(1701847571000)/",29100,2100,4745500,135771000000,350,false,1.22
"PVD",142533,"/Date(1701847569000)/",29100,200,4743400,135710000000,350,true,1.22
"PVD",142533,"/Date(1701847569000)/",29100,1600,4743200,135704000000,350,true,1.22
"PVD",142533,"/Date(1701847569000)/",29100,1100,4741600,135658000000,350,true,1.22
"PVD",142533,"/Date(1701847569000)/",29150,3000,4740500,135626000000,400,false,1.39
"PVD",142530,"/Date(1701847565000)/",29100,100,4737500,135538000000,350,true,1.22
"PVD",142524,"/Date(1701847561000)/",29150,3000,4737400,135535000000,400,false,1.39
"PVD",142518,"/Date(1701847554000)/",29150,2800,4734400,135448000000,400,false,1.39
"PVD",142518,"/Date(1701847554000)/",29150,200,4731600,135366000000,400,false,1.39
"PVD",142514,"/Date(1701847549000)/",29100,1000,4731400,135360000000,350,false,1.22
"PVD",142514,"/Date(1701847549000)/",29100,100,4730400,135331000000,350,false,1.22
"PVD",142514,"/Date(1701847549000)/",29100,1500,4730300,135328000000,350,false,1.22
"PVD",142511,"/Date(1701847547000)/",29100,1500,4728800,135285000000,350,false,1.22
"PVD",142511,"/Date(1701847547000)/",29100,1500,4727300,135241000000,350,false,1.22
"PVD",142505,"/Date(1701847539000)/",29100,1700,4725800,135197000000,350,false,1.22
"PVD",142505,"/Date(1701847539000)/",29100,1300,4724100,135148000000,350,false,1.22
"PVD",142458,"/Date(1701847534000)/",29100,2700,4722800,135110000000,350,false,1.22
"PVD",142458,"/Date(1701847534000)/",29100,300,4720100,135032000000,350,false,1.22
"PVD",142458,"/Date(1701847534000)/",29100,400,4719800,135023000000,350,false,1.22
"PVD",142458,"/Date(1701847534000)/",29100,2500,4719400,135011000000,350,false,1.22
"PVD",142458,"/Date(1701847534000)/",29100,1100,4716900,134938000000,350,false,1.22
"PVD",142458,"/Date(1701847533000)/",29100,100,4715800,134906000000,350,false,1.22
"PVD",142458,"/Date(1701847533000)/",29100,100,4715700,134903000000,350,false,1.22
"PVD",142455,"/Date(1701847532000)/",29100,3000,4715600,134901000000,350,false,1.22
"PVD",142449,"/Date(1701847525000)/",29100,1000,4712600,134813000000,350,false,1.22
"PVD",142449,"/Date(1701847525000)/",29100,200,4711600,134784000000,350,false,1.22
"PVD",142449,"/Date(1701847524000)/",29100,3000,4711400,134778000000,350,false,1.22
"PVD",142442,"/Date(1701847517000)/",29100,3000,4708400,134691000000,350,false,1.22
"PVD",142442,"/Date(1701847516000)/",29100,100,4705400,134604000000,350,false,1.22
"PVD",142436,"/Date(1701847511000)/",29100,100,4705300,134601000000,350,true,1.22
"PVD",142436,"/Date(1701847511000)/",29100,5000,4705200,134598000000,350,true,1.22
"PVD",142436,"/Date(1701847511000)/",29100,3000,4700200,134452000000,350,true,1.22
"PVD",142436,"/Date(1701847511000)/",29100,300,4697200,134365000000,350,true,1.22
"PVD",142436,"/Date(1701847510000)/",29150,3000,4696900,134356000000,400,false,1.39
"PVD",142426,"/Date(1701847503000)/",29100,100,4693900,134269000000,350,true,1.22
"PVD",142426,"/Date(1701847502000)/",29150,800,4693800,134266000000,400,false,1.39
"PVD",142426,"/Date(1701847502000)/",29150,2000,4693000,134243000000,400,false,1.39
"PVD",142426,"/Date(1701847502000)/",29150,100,4691000,134184000000,400,false,1.39
"PVD",142426,"/Date(1701847502000)/",29150,100,4690900,134182000000,400,false,1.39
"PVD",142426,"/Date(1701847501000)/",29150,100,4690800,134179000000,400,false,1.39
"PVD",142423,"/Date(1701847498000)/",29100,1000,4690700,134176000000,350,true,1.22
"PVD",142423,"/Date(1701847498000)/",29100,100,4689700,134147000000,350,true,1.22
"PVD",142423,"/Date(1701847497000)/",29100,100,4689600,134144000000,350,true,1.22
"PVD",142420,"/Date(1701847495000)/",29100,500,4689500,134141000000,350,false,1.22
"PVD",142420,"/Date(1701847495000)/",29100,100,4689000,134126000000,350,false,1.22
"PVD",142420,"/Date(1701847495000)/",29100,300,4688900,134123000000,350,false,1.22
"PVD",142420,"/Date(1701847495000)/",29100,500,4688600,134115000000,350,false,1.22
"PVD",142414,"/Date(1701847490000)/",29100,100,4688100,134100000000,350,false,1.22
"PVD",142414,"/Date(1701847490000)/",29100,100,4688000,134097000000,350,false,1.22
"PVD",142414,"/Date(1701847490000)/",29100,800,4687900,134094000000,350,false,1.22
"PVD",142414,"/Date(1701847488000)/",29100,3000,4687100,134071000000,350,false,1.22
"PVD",142410,"/Date(1701847485000)/",29050,100,4684100,133984000000,300,true,1.04
"PVD",142410,"/Date(1701847485000)/",29050,400,4684000,133981000000,300,true,1.04
"PVD",142410,"/Date(1701847484000)/",29100,200,4683600,133969000000,350,false,1.22
"PVD",142410,"/Date(1701847484000)/",29100,300,4683400,133963000000,350,false,1.22
"PVD",142404,"/Date(1701847480000)/",29100,200,4683100,133955000000,350,false,1.22
"PVD",142404,"/Date(1701847480000)/",29100,100,4682900,133949000000,350,false,1.22
"PVD",142404,"/Date(1701847480000)/",29100,2700,4682800,133946000000,350,false,1.22
"PVD",142404,"/Date(1701847478000)/",29050,100,4680100,133867000000,300,true,1.04
"PVD",142401,"/Date(1701847475000)/",29050,2000,4680000,133864000000,300,true,1.04
"PVD",142358,"/Date(1701847473000)/",29100,300,4678000,133806000000,350,false,1.22
"PVD",142358,"/Date(1701847473000)/",29100,1000,4677700,133798000000,350,false,1.22
"PVD",142358,"/Date(1701847473000)/",29100,1000,4676700,133768000000,350,false,1.22
"PVD",142358,"/Date(1701847473000)/",29100,500,4675700,133739000000,350,false,1.22
"PVD",142358,"/Date(1701847473000)/",29100,200,4675200,133725000000,350,false,1.22
"PVD",142355,"/Date(1701847469000)/",29050,300,4675000,133719000000,300,true,1.04
"PVD",142351,"/Date(1701847466000)/",29050,200,4674700,133710000000,300,false,1.04
"PVD",142345,"/Date(1701847459000)/",29050,200,4674500,133704000000,300,true,1.04
"PVD",142345,"/Date(1701847459000)/",29050,600,4674300,133699000000,300,true,1.04
"PVD",142342,"/Date(1701847458000)/",29050,100,4673700,133681000000,300,true,1.04
"PVD",142342,"/Date(1701847458000)/",29100,1800,4673600,133678000000,350,false,1.22
"PVD",142342,"/Date(1701847458000)/",29100,200,4671800,133626000000,350,false,1.22
"PVD",142342,"/Date(1701847458000)/",29100,200,4671600,133620000000,350,false,1.22
"PVD",142342,"/Date(1701847458000)/",29100,100,4671400,133614000000,350,false,1.22
"PVD",142342,"/Date(1701847458000)/",29100,200,4671300,133611000000,350,false,1.22
"PVD",142342,"/Date(1701847458000)/",29100,500,4671100,133606000000,350,false,1.22
"PVD",142342,"/Date(1701847456000)/",29050,100,4670600,133591000000,300,true,1.04
"PVD",142339,"/Date(1701847453000)/",29050,200,4670500,133588000000,300,true,1.04
"PVD",142335,"/Date(1701847451000)/",29100,3000,4670300,133582000000,350,false,1.22
"PVD",142335,"/Date(1701847449000)/",29100,2000,4667300,133495000000,350,false,1.22
"PVD",142335,"/Date(1701847449000)/",29100,100,4665300,133437000000,350,false,1.22
"PVD",142335,"/Date(1701847449000)/",29100,900,4665200,133434000000,350,false,1.22
"PVD",142329,"/Date(1701847444000)/",29050,2000,4664300,133408000000,300,false,1.04
"PVD",142326,"/Date(1701847441000)/",29050,400,4662300,133350000000,300,false,1.04
"PVD",142326,"/Date(1701847441000)/",29050,600,4661900,133338000000,300,false,1.04
"PVD",142326,"/Date(1701847441000)/",29050,100,4661300,133321000000,300,false,1.04
"PVD",142323,"/Date(1701847437000)/",29050,2300,4661200,133318000000,300,false,1.04
"PVD",142319,"/Date(1701847434000)/",29050,200,4658900,133251000000,300,false,1.04
"PVD",142316,"/Date(1701847431000)/",29050,500,4658700,133245000000,300,true,1.04
"PVD",142316,"/Date(1701847430000)/",29100,100,4658200,133230000000,350,false,1.22
"PVD",142313,"/Date(1701847429000)/",29100,300,4658100,133228000000,350,false,1.22
"PVD",142313,"/Date(1701847429000)/",29100,200,4657800,133219000000,350,false,1.22
"PVD",142313,"/Date(1701847429000)/",29100,400,4657600,133213000000,350,false,1.22
"PVD",142313,"/Date(1701847429000)/",29100,1800,4657200,133201000000,350,false,1.22
"PVD",142313,"/Date(1701847429000)/",29100,300,4655400,133149000000,350,false,1.22
"PVD",142313,"/Date(1701847428000)/",29100,400,4655100,133140000000,350,false,1.22
"PVD",142313,"/Date(1701847428000)/",29100,500,4654700,133129000000,350,false,1.22
"PVD",142307,"/Date(1701847422000)/",29100,2800,4654200,133114000000,350,false,1.22
"PVD",142307,"/Date(1701847422000)/",29100,100,4651400,133033000000,350,false,1.22
"PVD",142307,"/Date(1701847422000)/",29050,100,4651300,133030000000,300,false,1.04
"PVD",142307,"/Date(1701847422000)/",29050,200,4651200,133027000000,300,false,1.04
"PVD",142307,"/Date(1701847422000)/",29050,400,4651000,133021000000,300,false,1.04
"PVD",142300,"/Date(1701847416000)/",29050,100,4650600,133009000000,300,true,1.04
"PVD",142300,"/Date(1701847414000)/",29100,200,4650500,133006000000,350,false,1.22
"PVD",142300,"/Date(1701847414000)/",29100,400,4650300,133001000000,350,false,1.22
"PVD",142300,"/Date(1701847414000)/",29100,100,4649900,132989000000,350,false,1.22
"PVD",142300,"/Date(1701847414000)/",29100,2000,4649800,132986000000,350,false,1.22
"PVD",142300,"/Date(1701847414000)/",29100,300,4647800,132928000000,350,false,1.22
"PVD",142254,"/Date(1701847409000)/",29050,1000,4647500,132919000000,300,true,1.04
"PVD",142254,"/Date(1701847408000)/",29050,800,4646500,132890000000,300,true,1.04
"PVD",142251,"/Date(1701847407000)/",29050,100,4645700,132867000000,300,false,1.04
"PVD",142251,"/Date(1701847407000)/",29050,100,4645600,132864000000,300,false,1.04
"PVD",142251,"/Date(1701847407000)/",29050,500,4645500,132861000000,300,false,1.04
"PVD",142248,"/Date(1701847402000)/",28950,1000,4645000,132846000000,200,true,0.7
"PVD",142248,"/Date(1701847402000)/",28950,100,4644000,132818000000,200,true,0.7
"PVD",142248,"/Date(1701847402000)/",29000,400,4643900,132815000000,250,true,0.87
"PVD",142244,"/Date(1701847400000)/",29000,500,4643500,132803000000,250,false,0.87
"PVD",142244,"/Date(1701847400000)/",29000,100,4643000,132789000000,250,false,0.87
"PVD",142244,"/Date(1701847400000)/",29000,200,4642900,132786000000,250,false,0.87
"PVD",142244,"/Date(1701847400000)/",29000,300,4642700,132780000000,250,false,0.87
"PVD",142244,"/Date(1701847400000)/",29000,1000,4642400,132771000000,250,false,0.87
"PVD",142244,"/Date(1701847400000)/",29000,500,4641400,132742000000,250,false,0.87
"PVD",142244,"/Date(1701847399000)/",29000,500,4640900,132728000000,250,false,0.87
"PVD",142244,"/Date(1701847399000)/",29000,100,4640400,132713000000,250,false,0.87
"PVD",142244,"/Date(1701847399000)/",29000,200,4640300,132710000000,250,false,0.87
"PVD",142244,"/Date(1701847399000)/",29000,1000,4640100,132704000000,250,false,0.87
"PVD",142244,"/Date(1701847399000)/",29000,100,4639100,132675000000,250,false,0.87
"PVD",142244,"/Date(1701847399000)/",29000,1000,4639000,132673000000,250,false,0.87
"PVD",142244,"/Date(1701847399000)/",29000,1200,4638000,132644000000,250,false,0.87
"PVD",142244,"/Date(1701847399000)/",29000,900,4636800,132609000000,250,false,0.87
"PVD",142238,"/Date(1701847394000)/",29000,100,4635900,132583000000,250,false,0.87
"PVD",142238,"/Date(1701847394000)/",29000,100,4635800,132580000000,250,false,0.87
"PVD",142238,"/Date(1701847394000)/",29000,400,4635700,132577000000,250,false,0.87
"PVD",142238,"/Date(1701847394000)/",29000,200,4635300,132565000000,250,false,0.87
"PVD",142238,"/Date(1701847394000)/",29000,100,4635100,132559000000,250,false,0.87
"PVD",142238,"/Date(1701847394000)/",29000,100,4635000,132557000000,250,false,0.87
"PVD",142238,"/Date(1701847394000)/",29000,800,4634900,132554000000,250,false,0.87
"PVD",142238,"/Date(1701847394000)/",29000,500,4634100,132530000000,250,false,0.87
"PVD",142238,"/Date(1701847394000)/",29000,100,4633600,132516000000,250,false,0.87
"PVD",142238,"/Date(1701847394000)/",29000,1000,4633500,132513000000,250,false,0.87
"PVD",142238,"/Date(1701847394000)/",29000,1000,4632500,132484000000,250,false,0.87
"PVD",142238,"/Date(1701847394000)/",29000,5700,4631500,132455000000,250,false,0.87
"PVD",142238,"/Date(1701847393000)/",29000,2300,4625800,132290000000,250,false,0.87
"PVD",142238,"/Date(1701847393000)/",29000,700,4623500,132223000000,250,false,0.87
"PVD",142238,"/Date(1701847392000)/",29000,3000,4622800,132203000000,250,false,0.87
"PVD",142235,"/Date(1701847387000)/",29000,2000,4619800,132116000000,250,false,0.87
"PVD",142235,"/Date(1701847387000)/",29000,400,4617800,132058000000,250,false,0.87
"PVD",142235,"/Date(1701847387000)/",29000,1000,4617400,132046000000,250,false,0.87
"PVD",142235,"/Date(1701847387000)/",29000,900,4616400,132017000000,250,false,0.87
"PVD",142235,"/Date(1701847387000)/",29000,13000,4615500,131991000000,250,false,0.87
"PVD",142235,"/Date(1701847387000)/",29000,100,4602500,131614000000,250,false,0.87
"PVD",142235,"/Date(1701847387000)/",29000,4000,4602400,131611000000,250,false,0.87
"PVD",142235,"/Date(1701847387000)/",29000,1000,4598400,131495000000,250,false,0.87
"PVD",142235,"/Date(1701847387000)/",29000,100,4597400,131466000000,250,false,0.87
"PVD",142235,"/Date(1701847387000)/",29000,10000,4597300,131463000000,250,false,0.87
"PVD",142235,"/Date(1701847387000)/",29000,4000,4587300,131173000000,250,false,0.87
"PVD",142235,"/Date(1701847387000)/",29000,5000,4583300,131057000000,250,false,0.87
"PVD",142235,"/Date(1701847387000)/",29000,100,4578300,130912000000,250,false,0.87
"PVD",142235,"/Date(1701847387000)/",29000,700,4578200,130909000000,250,false,0.87
"PVD",142235,"/Date(1701847387000)/",29000,5000,4577500,130889000000,250,false,0.87
"PVD",142235,"/Date(1701847387000)/",29000,400,4572500,130744000000,250,false,0.87
"PVD",142235,"/Date(1701847387000)/",29000,1000,4572100,130732000000,250,false,0.87
"PVD",142235,"/Date(1701847387000)/",29000,1000,4571100,130703000000,250,false,0.87
"PVD",142235,"/Date(1701847387000)/",29000,100,4570100,130674000000,250,false,0.87
"PVD",142235,"/Date(1701847387000)/",29000,500,4570000,130672000000,250,false,0.87
"PVD",142235,"/Date(1701847387000)/",29000,300,4569500,130657000000,250,false,0.87
"PVD",142235,"/Date(1701847387000)/",29000,600,4569200,130648000000,250,false,0.87
"PVD",142235,"/Date(1701847387000)/",29000,100,4568600,130631000000,250,false,0.87
"PVD",142235,"/Date(1701847387000)/",29000,100,4568500,130628000000,250,false,0.87
"PVD",142235,"/Date(1701847387000)/",29000,10000,4568400,130625000000,250,false,0.87
"PVD",142235,"/Date(1701847387000)/",29000,5000,4558400,130335000000,250,false,0.87
"PVD",142235,"/Date(1701847387000)/",29000,200,4553400,130190000000,250,false,0.87
"PVD",142235,"/Date(1701847387000)/",29000,1000,4553200,130184000000,250,false,0.87
"PVD",142235,"/Date(1701847387000)/",29000,1000,4552200,130155000000,250,false,0.87
"PVD",142235,"/Date(1701847387000)/",29000,600,4551200,130126000000,250,false,0.87
"PVD",142235,"/Date(1701847387000)/",29000,100,4550600,130109000000,250,false,0.87
"PVD",142235,"/Date(1701847387000)/",29000,1000,4550500,130106000000,250,false,0.87
"PVD",142235,"/Date(1701847387000)/",29000,5000,4549500,130077000000,250,false,0.87
"PVD",142235,"/Date(1701847387000)/",29000,400,4544500,129932000000,250,false,0.87
"PVD",142235,"/Date(1701847387000)/",29000,600,4544100,129920000000,250,false,0.87
"PVD",142235,"/Date(1701847387000)/",29000,500,4543500,129903000000,250,false,0.87
"PVD",142235,"/Date(1701847387000)/",29000,300,4543000,129889000000,250,false,0.87
"PVD",142235,"/Date(1701847387000)/",29000,500,4542700,129880000000,250,false,0.87
"PVD",142235,"/Date(1701847387000)/",29000,3000,4542200,129865000000,250,false,0.87
"PVD",142235,"/Date(1701847387000)/",29000,100,4539200,129778000000,250,false,0.87
"PVD",142235,"/Date(1701847387000)/",29000,1500,4539100,129775000000,250,false,0.87
"PVD",142235,"/Date(1701847387000)/",29000,1000,4537600,129732000000,250,false,0.87
"PVD",142235,"/Date(1701847387000)/",29000,100,4536600,129703000000,250,false,0.87
"PVD",142235,"/Date(1701847387000)/",29000,5000,4536500,129700000000,250,false,0.87
"PVD",142235,"/Date(1701847387000)/",29000,1000,4531500,129555000000,250,false,0.87
"PVD",142235,"/Date(1701847387000)/",29000,100,4530500,129526000000,250,false,0.87
"PVD",142235,"/Date(1701847387000)/",29000,3000,4530400,129523000000,250,false,0.87
"PVD",142235,"/Date(1701847387000)/",29000,100,4527400,129436000000,250,false,0.87
"PVD",142235,"/Date(1701847387000)/",29000,100,4527300,129433000000,250,false,0.87
"PVD",142235,"/Date(1701847387000)/",29000,100,4527200,129430000000,250,false,0.87
"PVD",142235,"/Date(1701847387000)/",29000,1000,4527100,129427000000,250,false,0.87
"PVD",142235,"/Date(1701847387000)/",29000,100,4526100,129398000000,250,false,0.87
"PVD",142235,"/Date(1701847387000)/",29000,100,4526000,129396000000,250,false,0.87
"PVD",142235,"/Date(1701847387000)/",29000,6100,4525900,129393000000,250,false,0.87
"PVD",142235,"/Date(1701847386000)/",29000,1000,4519800,129216000000,250,false,0.87
"PVD",142232,"/Date(1701847385000)/",28950,1000,4518800,129187000000,200,true,0.7
"PVD",142228,"/Date(1701847385000)/",29000,2700,4517800,129158000000,250,false,0.87
"PVD",142228,"/Date(1701847385000)/",29000,100,4515100,129080000000,250,false,0.87
"PVD",142228,"/Date(1701847385000)/",29000,200,4515000,129077000000,250,false,0.87
"PVD",142228,"/Date(1701847383000)/",29000,500,4514800,129071000000,250,false,0.87
"PVD",142228,"/Date(1701847383000)/",29000,100,4514300,129056000000,250,false,0.87
"PVD",142228,"/Date(1701847383000)/",29000,500,4514200,129053000000,250,false,0.87
"PVD",142228,"/Date(1701847383000)/",29000,500,4513700,129039000000,250,false,0.87
"PVD",142228,"/Date(1701847383000)/",29000,100,4513200,129024000000,250,false,0.87
"PVD",142228,"/Date(1701847383000)/",29000,400,4513100,129022000000,250,false,0.87
"PVD",142228,"/Date(1701847383000)/",29000,2000,4512700,129010000000,250,false,0.87
"PVD",142228,"/Date(1701847383000)/",29000,1200,4510700,128952000000,250,false,0.87
"PVD",142228,"/Date(1701847383000)/",29000,100,4509500,128917000000,250,false,0.87
"PVD",142228,"/Date(1701847383000)/",29000,300,4509400,128914000000,250,false,0.87
"PVD",142228,"/Date(1701847383000)/",29000,200,4509100,128906000000,250,false,0.87
"PVD",142228,"/Date(1701847383000)/",29000,500,4508900,128900000000,250,false,0.87
"PVD",142228,"/Date(1701847383000)/",29000,4600,4508400,128885000000,250,false,0.87
"PVD",142222,"/Date(1701847378000)/",29000,3000,4503800,128752000000,250,false,0.87
"PVD",142216,"/Date(1701847370000)/",29000,3000,4500800,128665000000,250,false,0.87
"PVD",142212,"/Date(1701847368000)/",29000,3000,4497800,128578000000,250,false,0.87
"PVD",142212,"/Date(1701847366000)/",29000,100,4494800,128491000000,250,false,0.87
"PVD",142209,"/Date(1701847363000)/",29000,3000,4494700,128488000000,250,false,0.87
"PVD",142206,"/Date(1701847363000)/",29000,300,4491700,128401000000,250,false,0.87
"PVD",142200,"/Date(1701847356000)/",29000,3000,4491400,128392000000,250,false,0.87
"PVD",142157,"/Date(1701847353000)/",28950,1000,4488400,128305000000,200,true,0.7
"PVD",142157,"/Date(1701847352000)/",29000,100,4487400,128276000000,250,false,0.87
"PVD",142157,"/Date(1701847352000)/",29000,300,4487300,128273000000,250,false,0.87
"PVD",142153,"/Date(1701847348000)/",28950,900,4487000,128265000000,200,true,0.7
"PVD",142153,"/Date(1701847347000)/",28950,2000,4486100,128239000000,200,true,0.7
"PVD",142150,"/Date(1701847347000)/",28950,100,4484100,128181000000,200,false,0.7
"PVD",142150,"/Date(1701847347000)/",28950,200,4484000,128178000000,200,false,0.7
"PVD",142150,"/Date(1701847347000)/",28950,100,4483800,128172000000,200,false,0.7
"PVD",142150,"/Date(1701847347000)/",28950,1700,4483700,128169000000,200,false,0.7
"PVD",142150,"/Date(1701847344000)/",28950,300,4482000,128120000000,200,false,0.7
"PVD",142147,"/Date(1701847341000)/",29000,200,4481700,128111000000,250,false,0.87
"PVD",142147,"/Date(1701847341000)/",29000,100,4481500,128105000000,250,false,0.87
"PVD",142147,"/Date(1701847341000)/",29000,1000,4481400,128103000000,250,false,0.87
"PVD",142147,"/Date(1701847341000)/",29000,100,4480400,128074000000,250,false,0.87
"PVD",142147,"/Date(1701847341000)/",29000,1600,4480300,128071000000,250,false,0.87
"PVD",142141,"/Date(1701847334000)/",28950,100,4478700,128024000000,200,true,0.7
"PVD",142137,"/Date(1701847333000)/",28950,500,4478600,128021000000,200,true,0.7
"PVD",142137,"/Date(1701847333000)/",28950,100,4478100,128007000000,200,true,0.7
"PVD",142137,"/Date(1701847333000)/",28950,300,4478000,128004000000,200,true,0.7
"PVD",142137,"/Date(1701847332000)/",28950,100,4477700,127995000000,200,true,0.7
"PVD",142134,"/Date(1701847330000)/",28950,600,4477600,127992000000,200,false,0.7
"PVD",142134,"/Date(1701847330000)/",28950,100,4477000,127975000000,200,false,0.7
"PVD",142134,"/Date(1701847330000)/",28950,200,4476900,127972000000,200,false,0.7
"PVD",142134,"/Date(1701847329000)/",28950,800,4476700,127966000000,200,false,0.7
"PVD",142134,"/Date(1701847329000)/",28950,700,4475900,127943000000,200,false,0.7
"PVD",142131,"/Date(1701847326000)/",28950,300,4475200,127923000000,200,false,0.7
"PVD",142131,"/Date(1701847326000)/",28950,1000,4474900,127914000000,200,false,0.7
"PVD",142131,"/Date(1701847326000)/",28950,500,4473900,127885000000,200,false,0.7
"PVD",142131,"/Date(1701847326000)/",28950,500,4473400,127871000000,200,false,0.7
"PVD",142131,"/Date(1701847326000)/",28950,400,4472900,127856000000,200,false,0.7
"PVD",142131,"/Date(1701847326000)/",28950,300,4472500,127845000000,200,false,0.7
"PVD",142128,"/Date(1701847324000)/",28950,100,4472200,127836000000,200,false,0.7
"PVD",142125,"/Date(1701847319000)/",28950,600,4472100,127833000000,200,false,0.7
"PVD",142125,"/Date(1701847319000)/",28950,1400,4471500,127816000000,200,false,0.7
"PVD",142125,"/Date(1701847319000)/",28950,600,4470100,127775000000,200,false,0.7
"PVD",142125,"/Date(1701847319000)/",28950,200,4469500,127758000000,200,false,0.7
"PVD",142125,"/Date(1701847319000)/",28950,1000,4469300,127752000000,200,false,0.7
"PVD",142125,"/Date(1701847319000)/",28950,600,4468300,127723000000,200,false,0.7
"PVD",142125,"/Date(1701847319000)/",28950,600,4467700,127706000000,200,false,0.7
"PVD",142121,"/Date(1701847317000)/",28950,400,4467100,127688000000,200,false,0.7
"PVD",142121,"/Date(1701847317000)/",28950,100,4466700,127677000000,200,false,0.7
"PVD",142121,"/Date(1701847316000)/",28950,100,4466600,127674000000,200,false,0.7
"PVD",142121,"/Date(1701847316000)/",28950,100,4466500,127671000000,200,false,0.7
"PVD",142121,"/Date(1701847316000)/",28950,100,4466400,127668000000,200,false,0.7
"PVD",142121,"/Date(1701847316000)/",28950,1200,4466300,127665000000,200,false,0.7
"PVD",142118,"/Date(1701847313000)/",28950,2800,4465100,127630000000,200,false,0.7
"PVD",142118,"/Date(1701847313000)/",28950,100,4462300,127549000000,200,false,0.7
"PVD",142118,"/Date(1701847313000)/",28950,100,4462200,127547000000,200,false,0.7
"PVD",142118,"/Date(1701847313000)/",28950,300,4462100,127544000000,200,false,0.7
"PVD",142115,"/Date(1701847311000)/",28950,1700,4461800,127535000000,200,false,0.7
"PVD",142115,"/Date(1701847311000)/",28950,100,4460100,127486000000,200,false,0.7
"PVD",142115,"/Date(1701847311000)/",28950,100,4460000,127483000000,200,false,0.7
"PVD",142115,"/Date(1701847311000)/",28950,1100,4459900,127480000000,200,false,0.7
"PVD",142109,"/Date(1701847304000)/",28950,1900,4458800,127448000000,200,false,0.7
"PVD",142109,"/Date(1701847304000)/",28950,300,4456900,127393000000,200,false,0.7
"PVD",142109,"/Date(1701847304000)/",28950,200,4456600,127384000000,200,false,0.7
"PVD",142109,"/Date(1701847304000)/",28950,100,4456400,127379000000,200,false,0.7
"PVD",142109,"/Date(1701847304000)/",28950,500,4456300,127376000000,200,false,0.7
"PVD",142102,"/Date(1701847298000)/",28900,100,4455800,127361000000,150,false,0.52
"PVD",142102,"/Date(1701847298000)/",28900,100,4455700,127358000000,150,false,0.52
"PVD",142102,"/Date(1701847298000)/",28900,300,4455600,127355000000,150,false,0.52
"PVD",142102,"/Date(1701847298000)/",28900,100,4455300,127347000000,150,false,0.52
"PVD",142102,"/Date(1701847298000)/",28900,500,4455200,127344000000,150,false,0.52
"PVD",142102,"/Date(1701847298000)/",28900,200,4454700,127329000000,150,false,0.52
"PVD",142102,"/Date(1701847298000)/",28900,1000,4454500,127324000000,150,false,0.52
"PVD",142102,"/Date(1701847298000)/",28900,1000,4453500,127295000000,150,false,0.52
"PVD",142102,"/Date(1701847298000)/",28900,500,4452500,127266000000,150,false,0.52
"PVD",142102,"/Date(1701847298000)/",28900,400,4452000,127251000000,150,false,0.52
"PVD",142102,"/Date(1701847298000)/",28900,100,4451600,127240000000,150,false,0.52
"PVD",142102,"/Date(1701847298000)/",28900,100,4451500,127237000000,150,false,0.52
"PVD",142102,"/Date(1701847298000)/",28900,100,4451400,127234000000,150,false,0.52
"PVD",142102,"/Date(1701847298000)/",28900,500,4451300,127231000000,150,false,0.52
"PVD",142102,"/Date(1701847298000)/",28900,200,4450800,127217000000,150,false,0.52
"PVD",142102,"/Date(1701847298000)/",28900,600,4450600,127211000000,150,false,0.52
"PVD",142102,"/Date(1701847298000)/",28900,100,4450000,127194000000,150,false,0.52
"PVD",142102,"/Date(1701847298000)/",28900,2000,4449900,127191000000,150,false,0.52
"PVD",142102,"/Date(1701847298000)/",28900,100,4447900,127133000000,150,false,0.52
"PVD",142102,"/Date(1701847298000)/",28900,1000,4447800,127130000000,150,false,0.52
"PVD",142102,"/Date(1701847297000)/",28900,500,4446800,127101000000,150,false,0.52
"PVD",142102,"/Date(1701847297000)/",28900,100,4446300,127087000000,150,false,0.52
"PVD",142102,"/Date(1701847297000)/",28900,500,4446200,127084000000,150,false,0.52
"PVD",142102,"/Date(1701847297000)/",28900,100,4445700,127069000000,150,false,0.52
"PVD",142102,"/Date(1701847297000)/",28900,400,4445600,127066000000,150,false,0.52
"PVD",142102,"/Date(1701847297000)/",28900,200,4445200,127055000000,150,false,0.52
"PVD",142102,"/Date(1701847297000)/",28900,100,4445000,127049000000,150,false,0.52
"PVD",142102,"/Date(1701847297000)/",28900,100,4444900,127046000000,150,false,0.52
"PVD",142102,"/Date(1701847297000)/",28900,500,4444800,127043000000,150,false,0.52
"PVD",142102,"/Date(1701847297000)/",28900,200,4444300,127029000000,150,false,0.52
"PVD",142102,"/Date(1701847297000)/",28900,300,4444100,127023000000,150,false,0.52
"PVD",142059,"/Date(1701847295000)/",28900,400,4443800,127014000000,150,false,0.52
"PVD",142059,"/Date(1701847295000)/",28900,100,4443400,127003000000,150,false,0.52
"PVD",142059,"/Date(1701847295000)/",28900,100,4443300,127000000000,150,false,0.52
"PVD",142059,"/Date(1701847295000)/",28900,200,4443200,126997000000,150,false,0.52
"PVD",142059,"/Date(1701847295000)/",28900,200,4443000,126991000000,150,false,0.52
"PVD",142056,"/Date(1701847292000)/",28900,5000,4442800,126986000000,150,false,0.52
"PVD",142056,"/Date(1701847291000)/",28850,300,4437800,126841000000,100,true,0.35
"PVD",142056,"/Date(1701847291000)/",28850,700,4437500,126832000000,100,true,0.35
"PVD",142053,"/Date(1701847289000)/",28900,500,4436800,126812000000,150,false,0.52
"PVD",142053,"/Date(1701847289000)/",28900,2000,4436300,126798000000,150,false,0.52
"PVD",142053,"/Date(1701847289000)/",28900,500,4434300,126740000000,150,false,0.52
"PVD",142053,"/Date(1701847287000)/",28900,500,4433800,126726000000,150,false,0.52
"PVD",142046,"/Date(1701847282000)/",28900,600,4433300,126711000000,150,false,0.52
"PVD",142046,"/Date(1701847282000)/",28900,100,4432700,126694000000,150,false,0.52
"PVD",142046,"/Date(1701847282000)/",28900,100,4432600,126691000000,150,false,0.52
"PVD",142046,"/Date(1701847282000)/",28900,2200,4432500,126688000000,150,false,0.52
"PVD",142040,"/Date(1701847276000)/",28850,100,4430300,126624000000,100,false,0.35
"PVD",142040,"/Date(1701847276000)/",28850,100,4430200,126621000000,100,false,0.35
"PVD",142040,"/Date(1701847275000)/",28900,2800,4430100,126619000000,150,false,0.52
"PVD",142040,"/Date(1701847275000)/",28900,200,4427300,126538000000,150,false,0.52
"PVD",142040,"/Date(1701847274000)/",28850,900,4427100,126532000000,100,false,0.35
"PVD",142037,"/Date(1701847272000)/",28800,200,4426200,126506000000,50,true,0.17
"PVD",142030,"/Date(1701847267000)/",28850,1100,4426000,126500000000,100,false,0.35
"PVD",142030,"/Date(1701847267000)/",28850,1000,4424900,126468000000,100,false,0.35
"PVD",142030,"/Date(1701847267000)/",28850,500,4423900,126440000000,100,false,0.35
"PVD",142030,"/Date(1701847267000)/",28850,400,4423400,126425000000,100,false,0.35
"PVD",142027,"/Date(1701847263000)/",28850,600,4423000,126414000000,100,false,0.35
"PVD",142027,"/Date(1701847263000)/",28850,1400,4422400,126396000000,100,false,0.35
"PVD",142024,"/Date(1701847260000)/",28850,3000,4421000,126356000000,100,false,0.35
"PVD",142021,"/Date(1701847257000)/",28850,200,4418000,126269000000,100,false,0.35
"PVD",142021,"/Date(1701847254000)/",28850,400,4417800,126264000000,100,false,0.35
"PVD",142021,"/Date(1701847254000)/",28850,1000,4417400,126252000000,100,false,0.35
"PVD",142021,"/Date(1701847254000)/",28850,600,4416400,126223000000,100,false,0.35
"PVD",142018,"/Date(1701847251000)/",28850,300,4415800,126206000000,100,false,0.35
"PVD",142018,"/Date(1701847251000)/",28850,700,4415500,126197000000,100,false,0.35
"PVD",142008,"/Date(1701847243000)/",28850,800,4414800,126177000000,100,false,0.35
"PVD",142008,"/Date(1701847243000)/",28850,100,4414000,126154000000,100,false,0.35
"PVD",142008,"/Date(1701847243000)/",28850,200,4413900,126151000000,100,false,0.35
"PVD",142008,"/Date(1701847243000)/",28850,5400,4413700,126145000000,100,false,0.35
"PVD",142005,"/Date(1701847240000)/",28850,2000,4408300,125990000000,100,false,0.35
"PVD",142005,"/Date(1701847239000)/",28800,300,4406300,125932000000,50,true,0.17
"PVD",142005,"/Date(1701847239000)/",28800,700,4406000,125923000000,50,true,0.17
"PVD",142005,"/Date(1701847239000)/",28800,5000,4405300,125903000000,50,true,0.17
"PVD",142005,"/Date(1701847238000)/",28850,500,4400300,125759000000,100,false,0.35
"PVD",141939,"/Date(1701847214000)/",28850,300,4399800,125745000000,100,false,0.35
"PVD",141926,"/Date(1701847202000)/",28850,3000,4399500,125736000000,100,false,0.35
"PVD",141926,"/Date(1701847202000)/",28850,100,4396500,125649000000,100,false,0.35
"PVD",141926,"/Date(1701847202000)/",28850,400,4396400,125647000000,100,false,0.35
"PVD",141926,"/Date(1701847201000)/",28850,300,4396000,125635000000,100,false,0.35
"PVD",141926,"/Date(1701847201000)/",28850,300,4395700,125626000000,100,false,0.35
"PVD",141926,"/Date(1701847201000)/",28850,200,4395400,125618000000,100,false,0.35
"PVD",141917,"/Date(1701847192000)/",28850,500,4395200,125612000000,100,true,0.35
"PVD",141917,"/Date(1701847192000)/",28850,200,4394700,125597000000,100,true,0.35
"PVD",141914,"/Date(1701847188000)/",28850,100,4394500,125592000000,100,true,0.35
"PVD",141910,"/Date(1701847184000)/",28850,200,4394400,125589000000,100,true,0.35
"PVD",141904,"/Date(1701847178000)/",28850,200,4394200,125583000000,100,true,0.35
"PVD",141855,"/Date(1701847170000)/",28850,300,4394000,125577000000,100,true,0.35
"PVD",141851,"/Date(1701847167000)/",28850,300,4393700,125569000000,100,true,0.35
"PVD",141851,"/Date(1701847166000)/",28850,200,4393400,125560000000,100,true,0.35
"PVD",141851,"/Date(1701847166000)/",28850,100,4393200,125554000000,100,true,0.35
"PVD",141845,"/Date(1701847161000)/",28800,500,4393100,125551000000,50,true,0.17
"PVD",141845,"/Date(1701847160000)/",28850,100,4392600,125537000000,100,false,0.35
"PVD",141845,"/Date(1701847159000)/",28850,4900,4392500,125534000000,100,false,0.35
"PVD",141845,"/Date(1701847159000)/",28850,2000,4387600,125393000000,100,false,0.35
"PVD",141845,"/Date(1701847159000)/",28850,200,4385600,125335000000,100,false,0.35
"PVD",141845,"/Date(1701847159000)/",28850,2000,4385400,125329000000,100,false,0.35
"PVD",141845,"/Date(1701847159000)/",28850,100,4383400,125271000000,100,false,0.35
"PVD",141845,"/Date(1701847159000)/",28850,100,4383300,125269000000,100,false,0.35
"PVD",141845,"/Date(1701847159000)/",28850,700,4383200,125266000000,100,false,0.35
"PVD",141835,"/Date(1701847151000)/",28850,2300,4382500,125246000000,100,false,0.35
"PVD",141835,"/Date(1701847151000)/",28850,200,4380200,125179000000,100,false,0.35
"PVD",141829,"/Date(1701847143000)/",28850,1800,4380000,125173000000,100,false,0.35
"PVD",141829,"/Date(1701847143000)/",28850,1000,4378200,125121000000,100,false,0.35
"PVD",141829,"/Date(1701847143000)/",28850,1000,4377200,125093000000,100,false,0.35
"PVD",141829,"/Date(1701847143000)/",28850,300,4376200,125064000000,100,false,0.35
"PVD",141829,"/Date(1701847143000)/",28850,500,4375900,125055000000,100,false,0.35
"PVD",141829,"/Date(1701847143000)/",28850,5400,4375400,125041000000,100,false,0.35
"PVD",141816,"/Date(1701847131000)/",28800,300,4370000,124885000000,50,true,0.17
"PVD",141813,"/Date(1701847129000)/",28850,100,4369700,124876000000,100,false,0.35
"PVD",141810,"/Date(1701847125000)/",28850,1000,4369600,124873000000,100,false,0.35
"PVD",141810,"/Date(1701847124000)/",28850,2000,4368600,124845000000,100,false,0.35
"PVD",141810,"/Date(1701847124000)/",28850,500,4366600,124787000000,100,false,0.35
"PVD",141807,"/Date(1701847120000)/",28850,1600,4366100,124772000000,100,false,0.35
"PVD",141754,"/Date(1701847109000)/",28850,3000,4364500,124726000000,100,false,0.35
"PVD",141747,"/Date(1701847103000)/",28850,3000,4361500,124640000000,100,false,0.35
"PVD",141741,"/Date(1701847095000)/",28800,500,4358500,124553000000,50,true,0.17
"PVD",141725,"/Date(1701847080000)/",28850,3400,4358000,124539000000,100,false,0.35
"PVD",141725,"/Date(1701847080000)/",28850,1000,4354600,124441000000,100,false,0.35
"PVD",141725,"/Date(1701847080000)/",28850,200,4353600,124412000000,100,false,0.35
"PVD",141725,"/Date(1701847080000)/",28850,300,4353400,124406000000,100,false,0.35
"PVD",141725,"/Date(1701847080000)/",28850,3000,4353100,124397000000,100,false,0.35
"PVD",141725,"/Date(1701847080000)/",28850,100,4350100,124311000000,100,false,0.35
"PVD",141725,"/Date(1701847079000)/",28800,1000,4350000,124308000000,50,true,0.17
"PVD",141647,"/Date(1701847042000)/",28800,1700,4349000,124279000000,50,true,0.17
"PVD",141647,"/Date(1701847042000)/",28800,300,4347300,124230000000,50,true,0.17
"PVD",141640,"/Date(1701847035000)/",28800,100,4347000,124222000000,50,true,0.17
"PVD",141637,"/Date(1701847031000)/",28800,3000,4346900,124219000000,50,true,0.17
"PVD",141634,"/Date(1701847028000)/",28800,2600,4343900,124132000000,50,true,0.17
"PVD",141634,"/Date(1701847028000)/",28800,1400,4341300,124057000000,50,true,0.17
"PVD",141625,"/Date(1701847020000)/",28800,100,4339900,124017000000,50,true,0.17
"PVD",141625,"/Date(1701847020000)/",28800,1500,4339800,124014000000,50,true,0.17
"PVD",141625,"/Date(1701847020000)/",28800,3500,4338300,123971000000,50,true,0.17
"PVD",141625,"/Date(1701847020000)/",28800,1000,4334800,123870000000,50,true,0.17
"PVD",141625,"/Date(1701847020000)/",28800,200,4333800,123841000000,50,true,0.17
"PVD",141625,"/Date(1701847020000)/",28800,400,4333600,123836000000,50,true,0.17
"PVD",141625,"/Date(1701847020000)/",28800,100,4333200,123824000000,50,true,0.17
"PVD",141621,"/Date(1701847016000)/",28800,500,4333100,123821000000,50,false,0.17
"PVD",141615,"/Date(1701847009000)/",28800,200,4332600,123807000000,50,false,0.17
"PVD",141609,"/Date(1701847004000)/",28800,100,4332400,123801000000,50,false,0.17
"PVD",141609,"/Date(1701847004000)/",28800,200,4332300,123798000000,50,false,0.17
"PVD",141609,"/Date(1701847004000)/",28800,100,4332100,123792000000,50,false,0.17
"PVD",141609,"/Date(1701847004000)/",28800,1000,4332000,123790000000,50,false,0.17
"PVD",141609,"/Date(1701847004000)/",28800,100,4331000,123761000000,50,false,0.17
"PVD",141609,"/Date(1701847004000)/",28800,1000,4330900,123758000000,50,false,0.17
"PVD",141609,"/Date(1701847004000)/",28800,200,4329900,123729000000,50,false,0.17
"PVD",141609,"/Date(1701847004000)/",28800,100,4329700,123723000000,50,false,0.17
"PVD",141609,"/Date(1701847004000)/",28800,200,4329600,123720000000,50,false,0.17
"PVD",141609,"/Date(1701847004000)/",28800,100,4329400,123715000000,50,false,0.17
"PVD",141609,"/Date(1701847004000)/",28800,500,4329300,123712000000,50,false,0.17
"PVD",141609,"/Date(1701847002000)/",28750,500,4328800,123697000000,0,true,0
"PVD",141605,"/Date(1701847000000)/",28800,400,4328300,123683000000,50,false,0.17
"PVD",141605,"/Date(1701847000000)/",28800,100,4327900,123671000000,50,false,0.17
"PVD",141605,"/Date(1701847000000)/",28800,100,4327800,123669000000,50,false,0.17
"PVD",141605,"/Date(1701847000000)/",28750,400,4327700,123666000000,0,true,0
"PVD",141602,"/Date(1701846998000)/",28800,100,4327300,123654000000,50,false,0.17
"PVD",141602,"/Date(1701846997000)/",28750,500,4327200,123651000000,0,true,0
"PVD",141556,"/Date(1701846989000)/",28800,400,4326700,123637000000,50,false,0.17
"PVD",141556,"/Date(1701846989000)/",28800,7700,4326300,123625000000,50,false,0.17
"PVD",141543,"/Date(1701846977000)/",28750,500,4318600,123404000000,0,true,0
"PVD",141530,"/Date(1701846966000)/",28750,300,4318100,123389000000,0,true,0
"PVD",141530,"/Date(1701846964000)/",28750,100,4317800,123381000000,0,true,0
"PVD",141524,"/Date(1701846958000)/",28800,300,4317700,123378000000,50,false,0.17
"PVD",141524,"/Date(1701846958000)/",28800,1000,4317400,123369000000,50,false,0.17
"PVD",141524,"/Date(1701846958000)/",28800,400,4316400,123340000000,50,false,0.17
"PVD",141524,"/Date(1701846958000)/",28800,1000,4316000,123329000000,50,false,0.17
"PVD",141524,"/Date(1701846958000)/",28800,900,4315000,123300000000,50,false,0.17
"PVD",141524,"/Date(1701846958000)/",28800,4500,4314100,123274000000,50,false,0.17
"PVD",141514,"/Date(1701846949000)/",28800,4000,4309600,123145000000,50,false,0.17
"PVD",141511,"/Date(1701846947000)/",28750,600,4305600,123029000000,0,true,0
"PVD",141508,"/Date(1701846942000)/",28750,100,4305000,123012000000,0,true,0
"PVD",141502,"/Date(1701846935000)/",28800,1500,4304900,123009000000,50,false,0.17
"PVD",141502,"/Date(1701846935000)/",28800,500,4303400,122966000000,50,false,0.17
"PVD",141455,"/Date(1701846929000)/",28800,300,4302900,122952000000,50,false,0.17
"PVD",141452,"/Date(1701846927000)/",28800,2200,4302600,122943000000,50,false,0.17
"PVD",141452,"/Date(1701846927000)/",28800,6000,4300400,122880000000,50,false,0.17
"PVD",141452,"/Date(1701846927000)/",28800,1000,4294400,122707000000,50,false,0.17
"PVD",141442,"/Date(1701846916000)/",28800,13000,4293400,122678000000,50,false,0.17
"PVD",141442,"/Date(1701846916000)/",28800,3000,4280400,122304000000,50,false,0.17
"PVD",141442,"/Date(1701846916000)/",28800,3000,4277400,122217000000,50,false,0.17
"PVD",141442,"/Date(1701846916000)/",28800,800,4274400,122131000000,50,false,0.17
"PVD",141442,"/Date(1701846916000)/",28750,200,4273600,122108000000,0,false,0
"PVD",141436,"/Date(1701846909000)/",28800,1200,4273400,122102000000,50,false,0.17
"PVD",141436,"/Date(1701846909000)/",28800,4400,4272200,122067000000,50,false,0.17
"PVD",141436,"/Date(1701846909000)/",28800,500,4267800,121941000000,50,false,0.17
"PVD",141436,"/Date(1701846909000)/",28800,300,4267300,121926000000,50,false,0.17
"PVD",141436,"/Date(1701846909000)/",28800,500,4267000,121918000000,50,false,0.17
"PVD",141436,"/Date(1701846909000)/",28800,100,4266500,121903000000,50,false,0.17
"PVD",141436,"/Date(1701846909000)/",28800,1600,4266400,121900000000,50,false,0.17
"PVD",141436,"/Date(1701846909000)/",28750,100,4264800,121854000000,0,false,0
"PVD",141436,"/Date(1701846909000)/",28750,1300,4264700,121851000000,0,false,0
"PVD",141433,"/Date(1701846908000)/",28750,3000,4263400,121814000000,0,false,0
"PVD",141430,"/Date(1701846904000)/",28800,1400,4260400,121728000000,50,false,0.17
"PVD",141430,"/Date(1701846904000)/",28800,5000,4259000,121688000000,50,false,0.17
"PVD",141430,"/Date(1701846904000)/",28800,100,4254000,121544000000,50,false,0.17
"PVD",141430,"/Date(1701846904000)/",28800,100,4253900,121541000000,50,false,0.17
"PVD",141430,"/Date(1701846904000)/",28800,100,4253800,121538000000,50,false,0.17
"PVD",141430,"/Date(1701846904000)/",28800,500,4253700,121535000000,50,false,0.17
"PVD",141430,"/Date(1701846904000)/",28800,100,4253200,121520000000,50,false,0.17
"PVD",141430,"/Date(1701846904000)/",28800,1900,4253100,121518000000,50,false,0.17
"PVD",141430,"/Date(1701846904000)/",28800,4000,4251200,121463000000,50,false,0.17
"PVD",141430,"/Date(1701846904000)/",28800,100,4247200,121348000000,50,false,0.17
"PVD",141430,"/Date(1701846904000)/",28800,11700,4247100,121345000000,50,false,0.17
"PVD",141423,"/Date(1701846897000)/",28800,4300,4235400,121008000000,50,false,0.17
"PVD",141423,"/Date(1701846897000)/",28800,300,4231100,120884000000,50,false,0.17
"PVD",141423,"/Date(1701846897000)/",28800,500,4230800,120875000000,50,false,0.17
"PVD",141423,"/Date(1701846897000)/",28800,1000,4230300,120861000000,50,false,0.17
"PVD",141423,"/Date(1701846897000)/",28800,1000,4229300,120832000000,50,false,0.17
"PVD",141423,"/Date(1701846897000)/",28800,1000,4228300,120803000000,50,false,0.17
"PVD",141417,"/Date(1701846892000)/",28750,500,4227300,120775000000,0,true,0
"PVD",141417,"/Date(1701846892000)/",28750,1000,4226800,120760000000,0,true,0
"PVD",141417,"/Date(1701846892000)/",28750,1000,4225800,120731000000,0,true,0
"PVD",141417,"/Date(1701846892000)/",28750,100,4224800,120703000000,0,true,0
"PVD",141417,"/Date(1701846892000)/",28750,5000,4224700,120700000000,0,true,0
"PVD",141417,"/Date(1701846892000)/",28750,2500,4219700,120556000000,0,true,0
"PVD",141417,"/Date(1701846892000)/",28750,1000,4217200,120484000000,0,true,0
"PVD",141417,"/Date(1701846892000)/",28750,1300,4216200,120455000000,0,true,0
"PVD",141417,"/Date(1701846892000)/",28750,1700,4214900,120418000000,0,true,0
"PVD",141417,"/Date(1701846892000)/",28750,100,4213200,120369000000,0,true,0
"PVD",141417,"/Date(1701846892000)/",28750,1600,4213100,120366000000,0,true,0
"PVD",141417,"/Date(1701846892000)/",28750,500,4211500,120320000000,0,true,0
"PVD",141417,"/Date(1701846892000)/",28750,4000,4211000,120306000000,0,true,0
"PVD",141417,"/Date(1701846891000)/",28700,100,4207000,120191000000,-50,true,-0.17
"PVD",141417,"/Date(1701846891000)/",28750,6000,4206900,120188000000,0,true,0
"PVD",141417,"/Date(1701846891000)/",28750,500,4200900,120016000000,0,true,0
"PVD",141417,"/Date(1701846891000)/",28750,200,4200400,120001000000,0,true,0
"PVD",141417,"/Date(1701846891000)/",28750,1500,4200200,119995000000,0,true,0
"PVD",141417,"/Date(1701846891000)/",28750,100,4198700,119952000000,0,true,0
"PVD",141417,"/Date(1701846891000)/",28750,1000,4198600,119949000000,0,true,0
"PVD",141417,"/Date(1701846891000)/",28750,600,4197600,119921000000,0,true,0
"PVD",141417,"/Date(1701846891000)/",28750,2000,4197000,119903000000,0,true,0
"PVD",141417,"/Date(1701846891000)/",28750,300,4195000,119846000000,0,true,0
"PVD",141417,"/Date(1701846891000)/",28750,1800,4194700,119837000000,0,true,0
"PVD",141417,"/Date(1701846891000)/",28750,1500,4192900,119786000000,0,true,0
"PVD",141417,"/Date(1701846891000)/",28750,2000,4191400,119742000000,0,true,0
"PVD",141417,"/Date(1701846891000)/",28750,2500,4189400,119685000000,0,true,0
"PVD",141411,"/Date(1701846886000)/",28700,100,4186900,119613000000,-50,true,-0.17
"PVD",141411,"/Date(1701846885000)/",28750,1800,4186800,119610000000,0,false,0
"PVD",141411,"/Date(1701846885000)/",28750,200,4185000,119558000000,0,false,0
"PVD",141411,"/Date(1701846885000)/",28750,3000,4184800,119553000000,0,false,0
"PVD",141411,"/Date(1701846885000)/",28750,15000,4181800,119466000000,0,false,0
"PVD",141407,"/Date(1701846882000)/",28700,600,4166800,119035000000,-50,true,-0.17
"PVD",141407,"/Date(1701846881000)/",28750,100,4166200,119018000000,0,false,0
"PVD",141401,"/Date(1701846876000)/",28700,100,4166100,119015000000,-50,true,-0.17
"PVD",141401,"/Date(1701846876000)/",28700,100,4166000,119012000000,-50,true,-0.17
"PVD",141401,"/Date(1701846876000)/",28700,100,4165900,119009000000,-50,true,-0.17
"PVD",141401,"/Date(1701846875000)/",28700,100,4165800,119006000000,-50,true,-0.17
"PVD",141358,"/Date(1701846871000)/",28700,100,4165700,119004000000,-50,true,-0.17
"PVD",141351,"/Date(1701846866000)/",28700,1000,4165600,119001000000,-50,true,-0.17
"PVD",141351,"/Date(1701846866000)/",28750,8100,4164600,118972000000,0,false,0
"PVD",141348,"/Date(1701846863000)/",28700,700,4156500,118739000000,-50,true,-0.17
"PVD",141342,"/Date(1701846857000)/",28700,6800,4155800,118719000000,-50,true,-0.17
"PVD",141335,"/Date(1701846851000)/",28700,1200,4149000,118524000000,-50,false,-0.17
"PVD",141332,"/Date(1701846847000)/",28700,1000,4147800,118489000000,-50,false,-0.17
"PVD",141326,"/Date(1701846841000)/",28700,200,4146800,118461000000,-50,true,-0.17
"PVD",141326,"/Date(1701846841000)/",28700,600,4146600,118455000000,-50,true,-0.17
"PVD",141319,"/Date(1701846835000)/",28750,6800,4146000,118438000000,0,false,0
"PVD",141319,"/Date(1701846835000)/",28750,400,4139200,118242000000,0,false,0
"PVD",141319,"/Date(1701846835000)/",28750,500,4138800,118231000000,0,false,0
"PVD",141319,"/Date(1701846835000)/",28750,100,4138300,118216000000,0,false,0
"PVD",141319,"/Date(1701846835000)/",28750,400,4138200,118214000000,0,false,0
"PVD",141316,"/Date(1701846829000)/",28700,1000,4137800,118202000000,-50,false,-0.17
"PVD",141313,"/Date(1701846828000)/",28700,3400,4136800,118173000000,-50,false,-0.17
"PVD",141310,"/Date(1701846823000)/",28700,1500,4133400,118076000000,-50,false,-0.17
"PVD",141310,"/Date(1701846823000)/",28700,5100,4131900,118033000000,-50,false,-0.17
"PVD",141307,"/Date(1701846822000)/",28700,2000,4126800,117886000000,-50,true,-0.17
"PVD",141251,"/Date(1701846804000)/",28700,1000,4124800,117829000000,-50,false,-0.17
"PVD",141251,"/Date(1701846804000)/",28700,100,4123800,117800000000,-50,false,-0.17
"PVD",141251,"/Date(1701846804000)/",28700,900,4123700,117797000000,-50,false,-0.17
"PVD",141244,"/Date(1701846799000)/",28700,2000,4122800,117772000000,-50,false,-0.17
"PVD",141241,"/Date(1701846797000)/",28700,500,4120800,117714000000,-50,true,-0.17
"PVD",141241,"/Date(1701846797000)/",28700,600,4120300,117700000000,-50,true,-0.17
"PVD",141241,"/Date(1701846795000)/",28700,600,4119700,117683000000,-50,true,-0.17
"PVD",141241,"/Date(1701846795000)/",28700,400,4119100,117665000000,-50,true,-0.17
"PVD",141238,"/Date(1701846793000)/",28700,1000,4118700,117654000000,-50,true,-0.17
"PVD",141235,"/Date(1701846789000)/",28700,100,4117700,117625000000,-50,true,-0.17
"PVD",141225,"/Date(1701846781000)/",28700,100,4117600,117622000000,-50,true,-0.17
"PVD",141222,"/Date(1701846775000)/",28700,1000,4117500,117619000000,-50,true,-0.17
"PVD",141219,"/Date(1701846773000)/",28700,8200,4116500,117591000000,-50,false,-0.17
"PVD",141216,"/Date(1701846770000)/",28700,800,4108300,117355000000,-50,false,-0.17
"PVD",141216,"/Date(1701846770000)/",28700,100,4107500,117332000000,-50,false,-0.17
"PVD",141216,"/Date(1701846770000)/",28700,100,4107400,117330000000,-50,false,-0.17
"PVD",141216,"/Date(1701846770000)/",28700,300,4107300,117327000000,-50,false,-0.17
"PVD",141216,"/Date(1701846770000)/",28700,2000,4107000,117318000000,-50,false,-0.17
"PVD",141216,"/Date(1701846770000)/",28700,500,4105000,117261000000,-50,false,-0.17
"PVD",141216,"/Date(1701846770000)/",28700,500,4104500,117246000000,-50,false,-0.17
"PVD",141216,"/Date(1701846770000)/",28700,300,4104000,117232000000,-50,false,-0.17
"PVD",141216,"/Date(1701846770000)/",28700,2000,4103700,117223000000,-50,false,-0.17
"PVD",141216,"/Date(1701846770000)/",28700,500,4101700,117166000000,-50,false,-0.17
"PVD",141216,"/Date(1701846770000)/",28700,200,4101200,117152000000,-50,false,-0.17
"PVD",141216,"/Date(1701846770000)/",28700,200,4101000,117146000000,-50,false,-0.17
"PVD",141216,"/Date(1701846770000)/",28700,1000,4100800,117140000000,-50,false,-0.17
"PVD",141216,"/Date(1701846770000)/",28700,200,4099800,117111000000,-50,false,-0.17
"PVD",141216,"/Date(1701846770000)/",28700,1300,4099600,117106000000,-50,false,-0.17
"PVD",141213,"/Date(1701846768000)/",28700,500,4098300,117068000000,-50,false,-0.17
"PVD",141203,"/Date(1701846757000)/",28700,200,4097800,117054000000,-50,false,-0.17
"PVD",141203,"/Date(1701846757000)/",28700,2000,4097600,117048000000,-50,false,-0.17
"PVD",141203,"/Date(1701846757000)/",28700,4000,4095600,116991000000,-50,false,-0.17
"PVD",141203,"/Date(1701846757000)/",28700,200,4091600,116876000000,-50,false,-0.17
"PVD",141203,"/Date(1701846757000)/",28700,1800,4091400,116870000000,-50,false,-0.17
"PVD",141147,"/Date(1701846741000)/",28700,200,4089600,116819000000,-50,false,-0.17
"PVD",141147,"/Date(1701846741000)/",28700,1000,4089400,116813000000,-50,false,-0.17
"PVD",141147,"/Date(1701846741000)/",28700,900,4088400,116784000000,-50,false,-0.17
"PVD",141147,"/Date(1701846741000)/",28700,6100,4087500,116758000000,-50,false,-0.17
"PVD",141141,"/Date(1701846736000)/",28700,10000,4081400,116583000000,-50,false,-0.17
"PVD",141131,"/Date(1701846725000)/",28700,1900,4071400,116296000000,-50,false,-0.17
"PVD",141131,"/Date(1701846725000)/",28700,100,4069500,116242000000,-50,false,-0.17
"PVD",141131,"/Date(1701846725000)/",28700,100,4069400,116239000000,-50,false,-0.17
"PVD",141131,"/Date(1701846725000)/",28700,2000,4069300,116236000000,-50,false,-0.17
"PVD",141131,"/Date(1701846725000)/",28700,2000,4067300,116179000000,-50,false,-0.17
"PVD",141131,"/Date(1701846725000)/",28700,1000,4065300,116121000000,-50,false,-0.17
"PVD",141131,"/Date(1701846725000)/",28700,1000,4064300,116093000000,-50,false,-0.17
"PVD",141125,"/Date(1701846718000)/",28650,1000,4063300,116064000000,-100,true,-0.35
"PVD",141121,"/Date(1701846715000)/",28650,2000,4062300,116035000000,-100,true,-0.35
"PVD",141115,"/Date(1701846711000)/",28650,300,4060300,115978000000,-100,false,-0.35
"PVD",141115,"/Date(1701846710000)/",28650,100,4060000,115969000000,-100,false,-0.35
"PVD",141115,"/Date(1701846709000)/",28650,200,4059900,115967000000,-100,false,-0.35
"PVD",141115,"/Date(1701846709000)/",28650,3000,4059700,115961000000,-100,false,-0.35
"PVD",141115,"/Date(1701846709000)/",28650,300,4056700,115875000000,-100,false,-0.35
"PVD",141059,"/Date(1701846694000)/",28650,200,4056400,115866000000,-100,false,-0.35
"PVD",141059,"/Date(1701846693000)/",28600,200,4056200,115861000000,-150,true,-0.52
"PVD",141056,"/Date(1701846691000)/",28600,800,4056000,115855000000,-150,true,-0.52
"PVD",141043,"/Date(1701846678000)/",28650,700,4055200,115832000000,-100,false,-0.35
"PVD",141043,"/Date(1701846678000)/",28650,5000,4054500,115812000000,-100,false,-0.35
"PVD",141043,"/Date(1701846678000)/",28650,300,4049500,115669000000,-100,false,-0.35
"PVD",141043,"/Date(1701846678000)/",28650,1000,4049200,115660000000,-100,false,-0.35
"PVD",141043,"/Date(1701846678000)/",28650,1000,4048200,115631000000,-100,false,-0.35
"PVD",141043,"/Date(1701846678000)/",28650,200,4047200,115603000000,-100,false,-0.35
"PVD",141037,"/Date(1701846671000)/",28600,200,4047000,115597000000,-150,false,-0.52
"PVD",141034,"/Date(1701846667000)/",28600,600,4046800,115591000000,-150,false,-0.52
"PVD",141030,"/Date(1701846664000)/",28600,300,4046200,115574000000,-150,false,-0.52
"PVD",141027,"/Date(1701846662000)/",28600,900,4045900,115566000000,-150,false,-0.52
"PVD",141027,"/Date(1701846662000)/",28600,1000,4045000,115540000000,-150,false,-0.52
"PVD",141027,"/Date(1701846662000)/",28600,100,4044000,115511000000,-150,false,-0.52
"PVD",141027,"/Date(1701846662000)/",28600,100,4043900,115508000000,-150,false,-0.52
"PVD",141027,"/Date(1701846662000)/",28600,200,4043800,115505000000,-150,false,-0.52
"PVD",141027,"/Date(1701846662000)/",28600,1000,4043600,115500000000,-150,false,-0.52
"PVD",141027,"/Date(1701846662000)/",28600,4800,4042600,115471000000,-150,false,-0.52
"PVD",141027,"/Date(1701846660000)/",28600,200,4037800,115334000000,-150,false,-0.52
"PVD",141027,"/Date(1701846660000)/",28600,1000,4037600,115328000000,-150,false,-0.52
"PVD",141027,"/Date(1701846660000)/",28600,100,4036600,115300000000,-150,false,-0.52
"PVD",141027,"/Date(1701846660000)/",28600,1000,4036500,115297000000,-150,false,-0.52
"PVD",141027,"/Date(1701846660000)/",28600,100,4035500,115268000000,-150,false,-0.52
"PVD",141027,"/Date(1701846660000)/",28600,200,4035400,115265000000,-150,false,-0.52
"PVD",141027,"/Date(1701846660000)/",28600,2400,4035200,115259000000,-150,false,-0.52
"PVD",141024,"/Date(1701846659000)/",28600,2600,4032800,115191000000,-150,false,-0.52
"PVD",141024,"/Date(1701846659000)/",28600,200,4030200,115116000000,-150,false,-0.52
"PVD",141024,"/Date(1701846659000)/",28600,500,4030000,115111000000,-150,false,-0.52
"PVD",141024,"/Date(1701846659000)/",28600,600,4029500,115096000000,-150,false,-0.52
"PVD",141024,"/Date(1701846659000)/",28600,6100,4028900,115079000000,-150,false,-0.52
"PVD",141018,"/Date(1701846651000)/",28600,5600,4022800,114905000000,-150,false,-0.52
"PVD",141011,"/Date(1701846646000)/",28600,8200,4017200,114745000000,-150,false,-0.52
"PVD",140955,"/Date(1701846630000)/",28600,3000,4009000,114510000000,-150,false,-0.52
"PVD",140955,"/Date(1701846630000)/",28600,3000,4006000,114424000000,-150,false,-0.52
"PVD",140955,"/Date(1701846630000)/",28600,1000,4003000,114339000000,-150,false,-0.52
"PVD",140955,"/Date(1701846630000)/",28600,1100,4002000,114310000000,-150,false,-0.52
"PVD",140949,"/Date(1701846622000)/",28550,1000,4000900,114279000000,-200,true,-0.7
"PVD",140949,"/Date(1701846622000)/",28550,12900,3999900,114250000000,-200,true,-0.7
"PVD",140946,"/Date(1701846621000)/",28500,700,3987000,113882000000,-250,true,-0.87
"PVD",140942,"/Date(1701846618000)/",28550,300,3986300,113862000000,-200,false,-0.7
"PVD",140939,"/Date(1701846614000)/",28550,8200,3986000,113853000000,-200,false,-0.7
"PVD",140939,"/Date(1701846612000)/",28550,200,3977800,113619000000,-200,false,-0.7
"PVD",140923,"/Date(1701846596000)/",28550,300,3977600,113613000000,-200,false,-0.7
"PVD",140907,"/Date(1701846581000)/",28550,300,3977300,113605000000,-200,false,-0.7
"PVD",140904,"/Date(1701846577000)/",28500,1000,3977000,113596000000,-250,true,-0.87
"PVD",140904,"/Date(1701846577000)/",28500,2000,3976000,113568000000,-250,true,-0.87
"PVD",140904,"/Date(1701846577000)/",28500,1300,3974000,113511000000,-250,true,-0.87
"PVD",140904,"/Date(1701846577000)/",28500,700,3972700,113474000000,-250,true,-0.87
"PVD",140904,"/Date(1701846577000)/",28500,1300,3972000,113454000000,-250,true,-0.87
"PVD",140858,"/Date(1701846572000)/",28500,200,3970700,113417000000,-250,false,-0.87
"PVD",140858,"/Date(1701846571000)/",28500,500,3970500,113411000000,-250,false,-0.87
"PVD",140851,"/Date(1701846566000)/",28500,200,3970000,113397000000,-250,false,-0.87
"PVD",140851,"/Date(1701846564000)/",28450,600,3969800,113391000000,-300,true,-1.04
"PVD",140848,"/Date(1701846562000)/",28500,200,3969200,113374000000,-250,false,-0.87
"PVD",140839,"/Date(1701846553000)/",28500,100,3969000,113368000000,-250,false,-0.87
"PVD",140839,"/Date(1701846551000)/",28500,300,3968900,113365000000,-250,false,-0.87
"PVD",140832,"/Date(1701846547000)/",28500,100,3968600,113357000000,-250,false,-0.87
"PVD",140829,"/Date(1701846544000)/",28500,10000,3968500,113354000000,-250,false,-0.87
"PVD",140829,"/Date(1701846541000)/",28500,1000,3958500,113069000000,-250,false,-0.87
"PVD",140823,"/Date(1701846536000)/",28500,200,3957500,113040000000,-250,false,-0.87
"PVD",140823,"/Date(1701846536000)/",28450,2800,3957300,113035000000,-300,true,-1.04
"PVD",140823,"/Date(1701846536000)/",28450,5000,3954500,112955000000,-300,true,-1.04
"PVD",140823,"/Date(1701846536000)/",28450,200,3949500,112813000000,-300,true,-1.04
"PVD",140813,"/Date(1701846526000)/",28500,300,3949300,112807000000,-250,false,-0.87
"PVD",140813,"/Date(1701846525000)/",28500,100,3949000,112799000000,-250,false,-0.87
"PVD",140807,"/Date(1701846520000)/",28500,300,3948900,112796000000,-250,false,-0.87
"PVD",140803,"/Date(1701846518000)/",28500,200,3948600,112787000000,-250,false,-0.87
"PVD",140754,"/Date(1701846508000)/",28500,1000,3948400,112782000000,-250,false,-0.87
"PVD",140751,"/Date(1701846505000)/",28500,300,3947400,112753000000,-250,false,-0.87
"PVD",140748,"/Date(1701846500000)/",28500,2000,3947100,112744000000,-250,false,-0.87
"PVD",140741,"/Date(1701846494000)/",28500,300,3945100,112687000000,-250,false,-0.87
"PVD",140738,"/Date(1701846492000)/",28500,1000,3944800,112679000000,-250,false,-0.87
"PVD",140738,"/Date(1701846490000)/",28500,200,3943800,112650000000,-250,false,-0.87
"PVD",140725,"/Date(1701846480000)/",28500,200,3943600,112645000000,-250,false,-0.87
"PVD",140722,"/Date(1701846475000)/",28500,300,3943400,112639000000,-250,true,-0.87
"PVD",140722,"/Date(1701846474000)/",28500,100,3943100,112630000000,-250,true,-0.87
"PVD",140722,"/Date(1701846474000)/",28500,100,3943000,112628000000,-250,true,-0.87
"PVD",140716,"/Date(1701846470000)/",28550,1000,3942900,112625000000,-200,false,-0.7
"PVD",140706,"/Date(1701846460000)/",28500,100,3941900,112596000000,-250,false,-0.87
"PVD",140703,"/Date(1701846458000)/",28500,100,3941800,112593000000,-250,false,-0.87
"PVD",140703,"/Date(1701846456000)/",28500,100,3941700,112591000000,-250,false,-0.87
"PVD",140700,"/Date(1701846452000)/",28500,1900,3941600,112588000000,-250,true,-0.87
"PVD",140657,"/Date(1701846451000)/",28500,100,3939700,112534000000,-250,true,-0.87
"PVD",140657,"/Date(1701846451000)/",28500,100,3939600,112531000000,-250,true,-0.87
"PVD",140657,"/Date(1701846451000)/",28500,100,3939500,112528000000,-250,true,-0.87
"PVD",140657,"/Date(1701846451000)/",28500,2000,3939400,112525000000,-250,true,-0.87
"PVD",140657,"/Date(1701846451000)/",28500,1000,3937400,112468000000,-250,true,-0.87
"PVD",140657,"/Date(1701846451000)/",28500,5000,3936400,112439000000,-250,true,-0.87
"PVD",140657,"/Date(1701846451000)/",28500,1700,3931400,112297000000,-250,true,-0.87
"PVD",140657,"/Date(1701846449000)/",28550,200,3929700,112249000000,-200,false,-0.7
"PVD",140650,"/Date(1701846445000)/",28550,4000,3929500,112243000000,-200,false,-0.7
"PVD",140650,"/Date(1701846444000)/",28500,300,3925500,112129000000,-250,true,-0.87
"PVD",140650,"/Date(1701846444000)/",28500,100,3925200,112120000000,-250,true,-0.87
"PVD",140650,"/Date(1701846444000)/",28500,1000,3925100,112117000000,-250,true,-0.87
"PVD",140650,"/Date(1701846444000)/",28500,400,3924100,112089000000,-250,true,-0.87
"PVD",140650,"/Date(1701846444000)/",28500,100,3923700,112077000000,-250,true,-0.87
"PVD",140650,"/Date(1701846444000)/",28500,900,3923600,112074000000,-250,true,-0.87
"PVD",140650,"/Date(1701846444000)/",28550,300,3922700,112049000000,-200,false,-0.7
"PVD",140641,"/Date(1701846434000)/",28550,200,3922400,112040000000,-200,false,-0.7
"PVD",140637,"/Date(1701846431000)/",28550,1000,3922200,112035000000,-200,false,-0.7
"PVD",140634,"/Date(1701846429000)/",28550,300,3921200,112006000000,-200,false,-0.7
"PVD",140631,"/Date(1701846423000)/",28550,500,3920900,111997000000,-200,false,-0.7
"PVD",140628,"/Date(1701846422000)/",28550,5000,3920400,111983000000,-200,false,-0.7
"PVD",140625,"/Date(1701846417000)/",28550,600,3915400,111840000000,-200,false,-0.7
"PVD",140625,"/Date(1701846417000)/",28550,500,3914800,111823000000,-200,false,-0.7
"PVD",140625,"/Date(1701846417000)/",28550,100,3914300,111809000000,-200,false,-0.7
"PVD",140625,"/Date(1701846417000)/",28550,900,3914200,111806000000,-200,false,-0.7
"PVD",140625,"/Date(1701846417000)/",28550,200,3913300,111780000000,-200,false,-0.7
"PVD",140625,"/Date(1701846417000)/",28550,3600,3913100,111775000000,-200,false,-0.7
"PVD",140621,"/Date(1701846414000)/",28600,200,3909500,111672000000,-150,false,-0.52
"PVD",140612,"/Date(1701846404000)/",28550,100,3909300,111666000000,-200,true,-0.7
"PVD",140612,"/Date(1701846404000)/",28550,1000,3909200,111663000000,-200,true,-0.7
"PVD",140609,"/Date(1701846403000)/",28600,300,3908200,111635000000,-150,false,-0.52
"PVD",140605,"/Date(1701846400000)/",28600,300,3907900,111626000000,-150,false,-0.52
"PVD",140605,"/Date(1701846399000)/",28600,300,3907600,111618000000,-150,false,-0.52
"PVD",140605,"/Date(1701846398000)/",28550,5000,3907300,111609000000,-200,true,-0.7
"PVD",140549,"/Date(1701846384000)/",28600,300,3902300,111466000000,-150,false,-0.52
"PVD",140537,"/Date(1701846369000)/",28600,200,3902000,111458000000,-150,false,-0.52
"PVD",140521,"/Date(1701846353000)/",28600,300,3901800,111452000000,-150,false,-0.52
"PVD",140508,"/Date(1701846341000)/",28550,5600,3901500,111443000000,-200,true,-0.7
"PVD",140505,"/Date(1701846340000)/",28600,2300,3895900,111284000000,-150,false,-0.52
"PVD",140505,"/Date(1701846338000)/",28600,200,3893600,111218000000,-150,false,-0.52
"PVD",140505,"/Date(1701846337000)/",28600,800,3893400,111212000000,-150,false,-0.52
"PVD",140505,"/Date(1701846337000)/",28600,200,3892600,111189000000,-150,false,-0.52
"PVD",140452,"/Date(1701846326000)/",28600,2000,3892400,111183000000,-150,false,-0.52
"PVD",140449,"/Date(1701846323000)/",28600,300,3890400,111126000000,-150,false,-0.52
"PVD",140439,"/Date(1701846314000)/",28600,500,3890100,111118000000,-150,false,-0.52
"PVD",140436,"/Date(1701846308000)/",28600,300,3889600,111103000000,-150,false,-0.52
"PVD",140427,"/Date(1701846298000)/",28600,1000,3889300,111095000000,-150,false,-0.52
"PVD",140423,"/Date(1701846296000)/",28600,500,3888300,111066000000,-150,false,-0.52
"PVD",140423,"/Date(1701846295000)/",28600,100,3887800,111052000000,-150,false,-0.52
"PVD",140420,"/Date(1701846293000)/",28600,100,3887700,111049000000,-150,false,-0.52
"PVD",140420,"/Date(1701846293000)/",28600,100,3887600,111046000000,-150,false,-0.52
"PVD",140404,"/Date(1701846277000)/",28600,300,3887500,111043000000,-150,false,-0.52
"PVD",140348,"/Date(1701846262000)/",28600,300,3887200,111035000000,-150,false,-0.52
"PVD",140335,"/Date(1701846249000)/",28600,1000,3886900,111026000000,-150,false,-0.52
"PVD",140335,"/Date(1701846249000)/",28600,100,3885900,110998000000,-150,false,-0.52
"PVD",140335,"/Date(1701846247000)/",28600,1000,3885800,110995000000,-150,false,-0.52
"PVD",140335,"/Date(1701846247000)/",28600,100,3884800,110966000000,-150,false,-0.52
"PVD",140335,"/Date(1701846247000)/",28600,100,3884700,110963000000,-150,false,-0.52
"PVD",140335,"/Date(1701846247000)/",28600,100,3884600,110960000000,-150,false,-0.52
"PVD",140319,"/Date(1701846234000)/",28600,200,3884500,110958000000,-150,true,-0.52
"PVD",140319,"/Date(1701846234000)/",28600,700,3884300,110952000000,-150,true,-0.52
"PVD",140319,"/Date(1701846232000)/",28650,1400,3883600,110932000000,-100,false,-0.35
"PVD",140313,"/Date(1701846226000)/",28650,8400,3882200,110892000000,-100,false,-0.35
"PVD",140313,"/Date(1701846226000)/",28650,100,3873800,110651000000,-100,false,-0.35
"PVD",140313,"/Date(1701846226000)/",28650,1000,3873700,110648000000,-100,false,-0.35
"PVD",140313,"/Date(1701846226000)/",28650,300,3872700,110620000000,-100,false,-0.35
"PVD",140313,"/Date(1701846226000)/",28650,100,3872400,110611000000,-100,false,-0.35
"PVD",140313,"/Date(1701846226000)/",28650,3000,3872300,110608000000,-100,false,-0.35
"PVD",140313,"/Date(1701846226000)/",28650,1000,3869300,110522000000,-100,false,-0.35
"PVD",140313,"/Date(1701846226000)/",28650,1000,3868300,110493000000,-100,false,-0.35
"PVD",140313,"/Date(1701846226000)/",28650,5100,3867300,110465000000,-100,false,-0.35
"PVD",140310,"/Date(1701846223000)/",28600,200,3862200,110319000000,-150,true,-0.52
"PVD",140307,"/Date(1701846220000)/",28600,100,3862000,110313000000,-150,true,-0.52
"PVD",140303,"/Date(1701846217000)/",28600,100,3861900,110310000000,-150,true,-0.52
"PVD",140303,"/Date(1701846217000)/",28600,1000,3861800,110307000000,-150,true,-0.52
"PVD",140303,"/Date(1701846217000)/",28600,400,3860800,110279000000,-150,true,-0.52
"PVD",140300,"/Date(1701846215000)/",28550,600,3860400,110267000000,-200,true,-0.7
"PVD",140300,"/Date(1701846213000)/",28600,4600,3859800,110250000000,-150,false,-0.52
"PVD",140300,"/Date(1701846213000)/",28600,1000,3855200,110119000000,-150,false,-0.52
"PVD",140300,"/Date(1701846213000)/",28600,200,3854200,110090000000,-150,false,-0.52
"PVD",140300,"/Date(1701846213000)/",28600,300,3854000,110084000000,-150,false,-0.52
"PVD",140300,"/Date(1701846213000)/",28600,1500,3853700,110076000000,-150,false,-0.52
"PVD",140300,"/Date(1701846213000)/",28600,2700,3852200,110033000000,-150,false,-0.52
"PVD",140251,"/Date(1701846202000)/",28600,1300,3849500,109956000000,-150,false,-0.52
"PVD",140251,"/Date(1701846202000)/",28600,200,3848200,109918000000,-150,false,-0.52
"PVD",140247,"/Date(1701846200000)/",28600,200,3848000,109913000000,-150,false,-0.52
"PVD",140247,"/Date(1701846200000)/",28600,200,3847800,109907000000,-150,false,-0.52
"PVD",140247,"/Date(1701846200000)/",28600,600,3847600,109901000000,-150,false,-0.52
"PVD",140238,"/Date(1701846190000)/",28550,1000,3847000,109884000000,-200,true,-0.7
"PVD",140235,"/Date(1701846188000)/",28600,3400,3846000,109855000000,-150,false,-0.52
"PVD",140235,"/Date(1701846188000)/",28600,1000,3842600,109758000000,-150,false,-0.52
"PVD",140235,"/Date(1701846188000)/",28600,100,3841600,109730000000,-150,false,-0.52
"PVD",140235,"/Date(1701846188000)/",28600,500,3841500,109727000000,-150,false,-0.52
"PVD",140235,"/Date(1701846188000)/",28600,200,3841000,109712000000,-150,false,-0.52
"PVD",140235,"/Date(1701846188000)/",28600,500,3840800,109707000000,-150,false,-0.52
"PVD",140235,"/Date(1701846188000)/",28600,1000,3840300,109692000000,-150,false,-0.52
"PVD",140235,"/Date(1701846188000)/",28600,600,3839300,109664000000,-150,false,-0.52
"PVD",140235,"/Date(1701846188000)/",28600,10000,3838700,109647000000,-150,false,-0.52
"PVD",140235,"/Date(1701846188000)/",28600,200,3828700,109361000000,-150,false,-0.52
"PVD",140235,"/Date(1701846188000)/",28600,400,3828500,109355000000,-150,false,-0.52
"PVD",140235,"/Date(1701846188000)/",28600,200,3828100,109344000000,-150,false,-0.52
"PVD",140235,"/Date(1701846188000)/",28600,4000,3827900,109338000000,-150,false,-0.52
"PVD",140235,"/Date(1701846188000)/",28600,200,3823900,109223000000,-150,false,-0.52
"PVD",140235,"/Date(1701846188000)/",28600,500,3823700,109218000000,-150,false,-0.52
"PVD",140235,"/Date(1701846188000)/",28600,1000,3823200,109203000000,-150,false,-0.52
"PVD",140235,"/Date(1701846188000)/",28600,1000,3822200,109175000000,-150,false,-0.52
"PVD",140235,"/Date(1701846188000)/",28600,100,3821200,109146000000,-150,false,-0.52
"PVD",140235,"/Date(1701846188000)/",28600,100,3821100,109143000000,-150,false,-0.52
"PVD",140232,"/Date(1701846186000)/",28600,200,3821000,109140000000,-150,false,-0.52
"PVD",140232,"/Date(1701846186000)/",28600,300,3820800,109135000000,-150,false,-0.52
"PVD",140232,"/Date(1701846186000)/",28600,100,3820500,109126000000,-150,false,-0.52
"PVD",140232,"/Date(1701846186000)/",28600,100,3820400,109123000000,-150,false,-0.52
"PVD",140232,"/Date(1701846186000)/",28600,1000,3820300,109120000000,-150,false,-0.52
"PVD",140232,"/Date(1701846186000)/",28600,300,3819300,109092000000,-150,false,-0.52
"PVD",140222,"/Date(1701846174000)/",28550,400,3819000,109083000000,-200,true,-0.7
"PVD",140222,"/Date(1701846174000)/",28550,15600,3818600,109072000000,-200,true,-0.7
"PVD",140222,"/Date(1701846174000)/",28550,100,3803000,108626000000,-200,true,-0.7
"PVD",140222,"/Date(1701846174000)/",28550,2000,3802900,108624000000,-200,true,-0.7
"PVD",140222,"/Date(1701846174000)/",28550,4200,3800900,108567000000,-200,true,-0.7
"PVD",140222,"/Date(1701846174000)/",28550,4000,3796700,108447000000,-200,true,-0.7
"PVD",140222,"/Date(1701846174000)/",28550,6800,3792700,108332000000,-200,true,-0.7
"PVD",140219,"/Date(1701846173000)/",28500,1000,3785900,108138000000,-250,true,-0.87
"PVD",140219,"/Date(1701846171000)/",28550,3000,3784900,108110000000,-200,false,-0.7
"PVD",140216,"/Date(1701846170000)/",28500,1100,3781900,108024000000,-250,true,-0.87
"PVD",140216,"/Date(1701846170000)/",28500,900,3780800,107993000000,-250,true,-0.87
"PVD",140202,"/Date(1701846157000)/",28500,2000,3779900,107967000000,-250,false,-0.87
"PVD",140202,"/Date(1701846156000)/",28500,1000,3777900,107910000000,-250,false,-0.87
"PVD",140202,"/Date(1701846156000)/",28500,100,3776900,107882000000,-250,false,-0.87
"PVD",140202,"/Date(1701846156000)/",28500,1000,3776800,107879000000,-250,false,-0.87
"PVD",140202,"/Date(1701846156000)/",28500,600,3775800,107850000000,-250,false,-0.87
"PVD",140202,"/Date(1701846156000)/",28500,4500,3775200,107833000000,-250,false,-0.87
"PVD",140159,"/Date(1701846151000)/",28500,500,3770700,107705000000,-250,false,-0.87
"PVD",140143,"/Date(1701846137000)/",28500,200,3770200,107691000000,-250,false,-0.87
"PVD",140137,"/Date(1701846131000)/",28450,300,3770000,107685000000,-300,true,-1.04
"PVD",140137,"/Date(1701846131000)/",28450,700,3769700,107676000000,-300,true,-1.04
"PVD",140137,"/Date(1701846131000)/",28450,200,3769000,107657000000,-300,true,-1.04
"PVD",140137,"/Date(1701846131000)/",28450,100,3768800,107651000000,-300,true,-1.04
"PVD",140137,"/Date(1701846131000)/",28450,100,3768700,107648000000,-300,true,-1.04
"PVD",140137,"/Date(1701846131000)/",28450,100,3768600,107645000000,-300,true,-1.04
"PVD",140137,"/Date(1701846131000)/",28450,1000,3768500,107642000000,-300,true,-1.04
"PVD",140137,"/Date(1701846131000)/",28450,300,3767500,107614000000,-300,true,-1.04
"PVD",140137,"/Date(1701846131000)/",28450,2000,3767200,107605000000,-300,true,-1.04
"PVD",140137,"/Date(1701846131000)/",28450,200,3765200,107548000000,-300,true,-1.04
"PVD",140131,"/Date(1701846122000)/",28500,800,3765000,107543000000,-250,false,-0.87
"PVD",140131,"/Date(1701846122000)/",28500,600,3764200,107520000000,-250,false,-0.87
"PVD",140131,"/Date(1701846122000)/",28500,2000,3763600,107503000000,-250,false,-0.87
"PVD",140131,"/Date(1701846122000)/",28500,100,3761600,107446000000,-250,false,-0.87
"PVD",140131,"/Date(1701846122000)/",28500,100,3761500,107443000000,-250,false,-0.87
"PVD",140131,"/Date(1701846122000)/",28500,2000,3761400,107440000000,-250,false,-0.87
"PVD",140131,"/Date(1701846122000)/",28500,4200,3759400,107383000000,-250,false,-0.87
"PVD",140131,"/Date(1701846122000)/",28500,200,3755200,107263000000,-250,false,-0.87
"PVD",140115,"/Date(1701846109000)/",28500,200,3755000,107258000000,-250,false,-0.87
"PVD",140102,"/Date(1701846096000)/",28500,300,3754800,107252000000,-250,false,-0.87
"PVD",140102,"/Date(1701846096000)/",28500,200,3754500,107243000000,-250,false,-0.87
"PVD",140027,"/Date(1701846061000)/",28450,800,3754300,107238000000,-300,true,-1.04
"PVD",140027,"/Date(1701846061000)/",28450,2400,3753500,107215000000,-300,true,-1.04
"PVD",140027,"/Date(1701846061000)/",28450,200,3751100,107147000000,-300,true,-1.04
"PVD",140027,"/Date(1701846061000)/",28450,100,3750900,107141000000,-300,true,-1.04
"PVD",140027,"/Date(1701846061000)/",28450,600,3750800,107138000000,-300,true,-1.04
"PVD",140014,"/Date(1701846048000)/",28450,400,3750200,107121000000,-300,true,-1.04
"PVD",140014,"/Date(1701846048000)/",28450,400,3749800,107110000000,-300,true,-1.04
"PVD",140011,"/Date(1701846043000)/",28450,1600,3749400,107098000000,-300,true,-1.04
"PVD",140008,"/Date(1701846042000)/",28450,2000,3747800,107053000000,-300,true,-1.04
"PVD",140004,"/Date(1701846038000)/",28450,100,3745800,106996000000,-300,true,-1.04
"PVD",140004,"/Date(1701846038000)/",28450,100,3745700,106993000000,-300,true,-1.04
"PVD",135948,"/Date(1701846022000)/",28500,900,3745600,106990000000,-250,false,-0.87
"PVD",135932,"/Date(1701846007000)/",28500,300,3744700,106965000000,-250,false,-0.87
"PVD",135932,"/Date(1701846007000)/",28500,100,3744400,106956000000,-250,false,-0.87
"PVD",135932,"/Date(1701846006000)/",28500,200,3744300,106953000000,-250,false,-0.87
"PVD",135916,"/Date(1701845988000)/",28500,1800,3744100,106947000000,-250,false,-0.87
"PVD",135916,"/Date(1701845988000)/",28500,100,3742300,106896000000,-250,false,-0.87
"PVD",135916,"/Date(1701845988000)/",28500,8100,3742200,106893000000,-250,false,-0.87
"PVD",135910,"/Date(1701845984000)/",28500,1900,3734100,106662000000,-250,false,-0.87
"PVD",135910,"/Date(1701845984000)/",28500,300,3732200,106608000000,-250,false,-0.87
"PVD",135900,"/Date(1701845975000)/",28500,100,3731900,106600000000,-250,false,-0.87
"PVD",135857,"/Date(1701845969000)/",28500,10000,3731800,106597000000,-250,true,-0.87
"PVD",135857,"/Date(1701845969000)/",28500,600,3721800,106312000000,-250,true,-0.87
"PVD",135857,"/Date(1701845969000)/",28500,2100,3721200,106295000000,-250,true,-0.87
"PVD",135854,"/Date(1701845966000)/",28500,7900,3719100,106235000000,-250,true,-0.87
"PVD",135854,"/Date(1701845966000)/",28500,200,3711200,106010000000,-250,true,-0.87
"PVD",135854,"/Date(1701845966000)/",28500,100,3711000,106004000000,-250,true,-0.87
"PVD",135854,"/Date(1701845966000)/",28500,500,3710900,106001000000,-250,true,-0.87
"PVD",135854,"/Date(1701845966000)/",28500,500,3710400,105987000000,-250,true,-0.87
"PVD",135854,"/Date(1701845966000)/",28500,500,3709900,105973000000,-250,true,-0.87
"PVD",135854,"/Date(1701845966000)/",28500,300,3709400,105959000000,-250,true,-0.87
"PVD",135838,"/Date(1701845952000)/",28500,1000,3709100,105950000000,-250,true,-0.87
"PVD",135835,"/Date(1701845949000)/",28500,4700,3708100,105921000000,-250,true,-0.87
"PVD",135812,"/Date(1701845924000)/",28550,600,3703400,105788000000,-200,false,-0.7
"PVD",135803,"/Date(1701845917000)/",28550,1000,3702800,105770000000,-200,false,-0.7
"PVD",135756,"/Date(1701845909000)/",28550,100,3701800,105742000000,-200,false,-0.7
"PVD",135756,"/Date(1701845908000)/",28500,4000,3701700,105739000000,-250,true,-0.87
"PVD",135756,"/Date(1701845908000)/",28500,1000,3697700,105625000000,-250,true,-0.87
"PVD",135740,"/Date(1701845894000)/",28500,2000,3696700,105597000000,-250,true,-0.87
"PVD",135737,"/Date(1701845890000)/",28550,8000,3694700,105540000000,-200,false,-0.7
"PVD",135737,"/Date(1701845889000)/",28550,1000,3686700,105311000000,-200,false,-0.7
"PVD",135731,"/Date(1701845884000)/",28550,2000,3685700,105283000000,-200,false,-0.7
"PVD",135715,"/Date(1701845867000)/",28500,100,3683700,105225000000,-250,true,-0.87
"PVD",135715,"/Date(1701845867000)/",28500,100,3683600,105223000000,-250,true,-0.87
"PVD",135715,"/Date(1701845867000)/",28500,100,3683500,105220000000,-250,true,-0.87
"PVD",135715,"/Date(1701845867000)/",28500,100,3683400,105217000000,-250,true,-0.87
"PVD",135715,"/Date(1701845867000)/",28500,100,3683300,105214000000,-250,true,-0.87
"PVD",135715,"/Date(1701845867000)/",28500,100,3683200,105211000000,-250,true,-0.87
"PVD",135715,"/Date(1701845867000)/",28500,100,3683100,105208000000,-250,true,-0.87
"PVD",135715,"/Date(1701845867000)/",28550,500,3683000,105206000000,-200,false,-0.7
"PVD",135715,"/Date(1701845867000)/",28550,1000,3682500,105191000000,-200,false,-0.7
"PVD",135715,"/Date(1701845867000)/",28550,5000,3681500,105163000000,-200,false,-0.7
"PVD",135715,"/Date(1701845867000)/",28550,300,3676500,105020000000,-200,false,-0.7
"PVD",135715,"/Date(1701845867000)/",28550,300,3676200,105011000000,-200,false,-0.7
"PVD",135715,"/Date(1701845867000)/",28550,2900,3675900,105003000000,-200,false,-0.7
"PVD",135709,"/Date(1701845861000)/",28550,100,3673000,104920000000,-200,false,-0.7
"PVD",135709,"/Date(1701845861000)/",28550,100,3672900,104917000000,-200,false,-0.7
"PVD",135709,"/Date(1701845861000)/",28550,1000,3672800,104914000000,-200,false,-0.7
"PVD",135709,"/Date(1701845861000)/",28550,2800,3671800,104886000000,-200,false,-0.7
"PVD",135702,"/Date(1701845856000)/",28500,1500,3669000,104806000000,-250,true,-0.87
"PVD",135656,"/Date(1701845850000)/",28500,200,3667500,104763000000,-250,true,-0.87
"PVD",135656,"/Date(1701845847000)/",28500,100,3667300,104757000000,-250,true,-0.87
"PVD",135656,"/Date(1701845847000)/",28500,700,3667200,104755000000,-250,true,-0.87
"PVD",135656,"/Date(1701845847000)/",28500,3700,3666500,104735000000,-250,true,-0.87
"PVD",135649,"/Date(1701845842000)/",28550,200,3662800,104629000000,-200,false,-0.7
"PVD",135640,"/Date(1701845833000)/",28500,1000,3662600,104623000000,-250,true,-0.87
"PVD",135633,"/Date(1701845826000)/",28550,1000,3661600,104595000000,-200,false,-0.7
"PVD",135617,"/Date(1701845811000)/",28500,300,3660600,104566000000,-250,true,-0.87
"PVD",135558,"/Date(1701845793000)/",28450,300,3660300,104558000000,-300,true,-1.04
"PVD",135558,"/Date(1701845793000)/",28450,100,3660000,104549000000,-300,true,-1.04
"PVD",135558,"/Date(1701845793000)/",28450,5000,3659900,104546000000,-300,true,-1.04
"PVD",135558,"/Date(1701845793000)/",28450,3000,3654900,104404000000,-300,true,-1.04
"PVD",135558,"/Date(1701845793000)/",28450,400,3651900,104319000000,-300,true,-1.04
"PVD",135558,"/Date(1701845793000)/",28450,200,3651500,104307000000,-300,true,-1.04
"PVD",135558,"/Date(1701845793000)/",28500,1000,3651300,104302000000,-250,false,-0.87
"PVD",135558,"/Date(1701845791000)/",28500,500,3650300,104273000000,-250,false,-0.87
"PVD",135552,"/Date(1701845785000)/",28500,1000,3649800,104259000000,-250,false,-0.87
"PVD",135545,"/Date(1701845778000)/",28500,1500,3648800,104230000000,-250,false,-0.87
"PVD",135545,"/Date(1701845778000)/",28500,3500,3647300,104188000000,-250,false,-0.87
"PVD",135542,"/Date(1701845777000)/",28500,500,3643800,104088000000,-250,false,-0.87
"PVD",135536,"/Date(1701845770000)/",28500,100,3643300,104074000000,-250,false,-0.87
"PVD",135536,"/Date(1701845770000)/",28500,100,3643200,104071000000,-250,false,-0.87
"PVD",135536,"/Date(1701845770000)/",28500,300,3643100,104068000000,-250,false,-0.87
"PVD",135517,"/Date(1701845750000)/",28550,1000,3642800,104059000000,-200,false,-0.7
"PVD",135517,"/Date(1701845750000)/",28500,100,3641800,104031000000,-250,true,-0.87
"PVD",135517,"/Date(1701845748000)/",28500,400,3641700,104028000000,-250,true,-0.87
"PVD",135513,"/Date(1701845747000)/",28500,600,3641300,104017000000,-250,true,-0.87
"PVD",135513,"/Date(1701845747000)/",28500,500,3640700,104000000000,-250,true,-0.87
"PVD",135513,"/Date(1701845747000)/",28500,100,3640200,103985000000,-250,true,-0.87
"PVD",135513,"/Date(1701845747000)/",28500,800,3640100,103982000000,-250,true,-0.87
"PVD",135507,"/Date(1701845741000)/",28500,100,3639300,103960000000,-250,true,-0.87
"PVD",135501,"/Date(1701845732000)/",28500,100,3639200,103957000000,-250,false,-0.87
"PVD",135501,"/Date(1701845732000)/",28500,500,3639100,103954000000,-250,false,-0.87
"PVD",135501,"/Date(1701845732000)/",28500,1000,3638600,103940000000,-250,false,-0.87
"PVD",135501,"/Date(1701845732000)/",28500,300,3637600,103911000000,-250,false,-0.87
"PVD",135501,"/Date(1701845732000)/",28500,100,3637300,103903000000,-250,false,-0.87
"PVD",135457,"/Date(1701845729000)/",28500,1600,3637200,103900000000,-250,false,-0.87
"PVD",135457,"/Date(1701845729000)/",28500,700,3635600,103854000000,-250,false,-0.87
"PVD",135457,"/Date(1701845729000)/",28500,300,3634900,103834000000,-250,false,-0.87
"PVD",135457,"/Date(1701845729000)/",28500,2400,3634600,103826000000,-250,false,-0.87
"PVD",135454,"/Date(1701845728000)/",28500,3600,3632200,103757000000,-250,false,-0.87
"PVD",135454,"/Date(1701845728000)/",28500,100,3628600,103655000000,-250,false,-0.87
"PVD",135454,"/Date(1701845728000)/",28500,1800,3628500,103652000000,-250,false,-0.87
"PVD",135454,"/Date(1701845728000)/",28500,600,3626700,103601000000,-250,false,-0.87
"PVD",135454,"/Date(1701845728000)/",28500,800,3626100,103583000000,-250,false,-0.87
"PVD",135454,"/Date(1701845728000)/",28500,100,3625300,103561000000,-250,false,-0.87
"PVD",135451,"/Date(1701845725000)/",28500,2000,3625200,103558000000,-250,false,-0.87
"PVD",135451,"/Date(1701845724000)/",28500,2000,3623200,103501000000,-250,false,-0.87
"PVD",135438,"/Date(1701845712000)/",28500,4000,3621200,103444000000,-250,false,-0.87
"PVD",135438,"/Date(1701845712000)/",28500,1900,3617200,103330000000,-250,false,-0.87
"PVD",135438,"/Date(1701845712000)/",28500,500,3615300,103276000000,-250,false,-0.87
"PVD",135435,"/Date(1701845707000)/",28500,2500,3614800,103261000000,-250,false,-0.87
"PVD",135435,"/Date(1701845707000)/",28500,100,3612300,103190000000,-250,false,-0.87
"PVD",135435,"/Date(1701845707000)/",28500,800,3612200,103187000000,-250,false,-0.87
"PVD",135435,"/Date(1701845707000)/",28500,100,3611400,103165000000,-250,false,-0.87
"PVD",135435,"/Date(1701845707000)/",28500,1000,3611300,103162000000,-250,false,-0.87
"PVD",135435,"/Date(1701845707000)/",28500,500,3610300,103133000000,-250,false,-0.87
"PVD",135425,"/Date(1701845698000)/",28500,100,3609800,103119000000,-250,false,-0.87
"PVD",135413,"/Date(1701845685000)/",28500,1400,3609700,103116000000,-250,false,-0.87
"PVD",135413,"/Date(1701845685000)/",28500,200,3608300,103076000000,-250,false,-0.87
"PVD",135413,"/Date(1701845685000)/",28500,400,3608100,103070000000,-250,false,-0.87
"PVD",135413,"/Date(1701845685000)/",28500,200,3607700,103059000000,-250,false,-0.87
"PVD",135357,"/Date(1701845669000)/",28500,500,3607500,103053000000,-250,false,-0.87
"PVD",135341,"/Date(1701845654000)/",28450,800,3607000,103039000000,-300,true,-1.04
"PVD",135341,"/Date(1701845654000)/",28450,400,3606200,103016000000,-300,true,-1.04
"PVD",135318,"/Date(1701845632000)/",28450,600,3605800,103005000000,-300,true,-1.04
"PVD",135318,"/Date(1701845632000)/",28450,200,3605200,102988000000,-300,true,-1.04
"PVD",135318,"/Date(1701845632000)/",28450,300,3605000,102982000000,-300,true,-1.04
"PVD",135318,"/Date(1701845632000)/",28450,100,3604700,102974000000,-300,true,-1.04
"PVD",135306,"/Date(1701845617000)/",28450,2500,3604600,102971000000,-300,true,-1.04
"PVD",135259,"/Date(1701845612000)/",28450,2200,3602100,102900000000,-300,true,-1.04
"PVD",135256,"/Date(1701845608000)/",28450,4200,3599900,102837000000,-300,true,-1.04
"PVD",135256,"/Date(1701845608000)/",28450,2000,3595700,102718000000,-300,true,-1.04
"PVD",135256,"/Date(1701845608000)/",28450,1000,3593700,102661000000,-300,true,-1.04
"PVD",135256,"/Date(1701845608000)/",28450,7800,3592700,102632000000,-300,true,-1.04
"PVD",135227,"/Date(1701845579000)/",28450,200,3584900,102410000000,-300,true,-1.04
"PVD",135159,"/Date(1701845552000)/",28450,100,3584700,102405000000,-300,false,-1.04
"PVD",135159,"/Date(1701845552000)/",28450,1900,3584600,102402000000,-300,false,-1.04
"PVD",135159,"/Date(1701845550000)/",28400,100,3582700,102348000000,-350,true,-1.22
"PVD",135159,"/Date(1701845550000)/",28400,9000,3582600,102345000000,-350,true,-1.22
"PVD",135159,"/Date(1701845550000)/",28400,1000,3573600,102089000000,-350,true,-1.22
"PVD",135155,"/Date(1701845549000)/",28450,200,3572600,102061000000,-300,false,-1.04
"PVD",135155,"/Date(1701845546000)/",28450,200,3572400,102055000000,-300,false,-1.04
"PVD",135152,"/Date(1701845545000)/",28450,500,3572200,102050000000,-300,false,-1.04
"PVD",135146,"/Date(1701845537000)/",28450,100,3571700,102035000000,-300,false,-1.04
"PVD",135130,"/Date(1701845524000)/",28450,100,3571600,102033000000,-300,false,-1.04
"PVD",135127,"/Date(1701845520000)/",28450,200,3571500,102030000000,-300,false,-1.04
"PVD",135120,"/Date(1701845511000)/",28450,200,3571300,102024000000,-300,false,-1.04
"PVD",135120,"/Date(1701845511000)/",28450,1000,3571100,102018000000,-300,false,-1.04
"PVD",135120,"/Date(1701845511000)/",28450,500,3570100,101990000000,-300,false,-1.04
"PVD",135120,"/Date(1701845511000)/",28450,2600,3569600,101976000000,-300,false,-1.04
"PVD",135120,"/Date(1701845511000)/",28450,300,3567000,101902000000,-300,false,-1.04
"PVD",135114,"/Date(1701845506000)/",28450,1000,3566700,101893000000,-300,false,-1.04
"PVD",135114,"/Date(1701845505000)/",28450,900,3565700,101865000000,-300,false,-1.04
"PVD",135114,"/Date(1701845505000)/",28450,100,3564800,101839000000,-300,false,-1.04
"PVD",135114,"/Date(1701845505000)/",28450,100,3564700,101836000000,-300,false,-1.04
"PVD",135114,"/Date(1701845505000)/",28450,500,3564600,101833000000,-300,false,-1.04
"PVD",135114,"/Date(1701845505000)/",28450,200,3564100,101819000000,-300,false,-1.04
"PVD",135114,"/Date(1701845505000)/",28450,200,3563900,101813000000,-300,false,-1.04
"PVD",135104,"/Date(1701845497000)/",28450,300,3563700,101808000000,-300,false,-1.04
"PVD",135104,"/Date(1701845497000)/",28450,1700,3563400,101799000000,-300,false,-1.04
"PVD",135104,"/Date(1701845495000)/",28450,1000,3561700,101751000000,-300,false,-1.04
"PVD",135052,"/Date(1701845483000)/",28450,1000,3560700,101722000000,-300,false,-1.04
"PVD",135048,"/Date(1701845479000)/",28450,300,3559700,101694000000,-300,false,-1.04
"PVD",135048,"/Date(1701845479000)/",28450,700,3559400,101685000000,-300,false,-1.04
"PVD",135045,"/Date(1701845478000)/",28400,1000,3558700,101666000000,-350,true,-1.22
"PVD",135045,"/Date(1701845478000)/",28400,700,3557700,101637000000,-350,true,-1.22
"PVD",135045,"/Date(1701845478000)/",28400,200,3557000,101617000000,-350,true,-1.22
"PVD",135045,"/Date(1701845478000)/",28400,100,3556800,101612000000,-350,true,-1.22
"PVD",135045,"/Date(1701845477000)/",28450,100,3556700,101609000000,-300,false,-1.04
"PVD",135042,"/Date(1701845474000)/",28450,1000,3556600,101606000000,-300,false,-1.04
"PVD",135039,"/Date(1701845472000)/",28450,2000,3555600,101577000000,-300,false,-1.04
"PVD",135039,"/Date(1701845470000)/",28400,700,3553600,101521000000,-350,true,-1.22
"PVD",135036,"/Date(1701845469000)/",28450,500,3552900,101501000000,-300,false,-1.04
"PVD",135001,"/Date(1701845431000)/",28450,200,3552400,101486000000,-300,false,-1.04
"PVD",134951,"/Date(1701845423000)/",28450,1500,3552200,101481000000,-300,false,-1.04
"PVD",134951,"/Date(1701845423000)/",28450,2000,3550700,101438000000,-300,false,-1.04
"PVD",134935,"/Date(1701845406000)/",28450,1000,3548700,101381000000,-300,false,-1.04
"PVD",134935,"/Date(1701845406000)/",28450,4000,3547700,101353000000,-300,false,-1.04
"PVD",134903,"/Date(1701845376000)/",28400,200,3543700,101239000000,-350,true,-1.22
"PVD",134903,"/Date(1701845376000)/",28400,200,3543500,101233000000,-350,true,-1.22
"PVD",134809,"/Date(1701845322000)/",28400,200,3543300,101228000000,-350,true,-1.22
"PVD",134809,"/Date(1701845322000)/",28400,600,3543100,101222000000,-350,true,-1.22
"PVD",134809,"/Date(1701845320000)/",28400,100,3542500,101205000000,-350,true,-1.22
"PVD",134806,"/Date(1701845317000)/",28400,1000,3542400,101202000000,-350,false,-1.22
"PVD",134759,"/Date(1701845312000)/",28400,500,3541400,101174000000,-350,false,-1.22
"PVD",134753,"/Date(1701845305000)/",28400,1000,3540900,101159000000,-350,false,-1.22
"PVD",134747,"/Date(1701845297000)/",28400,5000,3539900,101131000000,-350,false,-1.22
"PVD",134737,"/Date(1701845290000)/",28400,3500,3534900,100989000000,-350,false,-1.22
"PVD",134737,"/Date(1701845288000)/",28400,500,3531400,100890000000,-350,false,-1.22
"PVD",134734,"/Date(1701845287000)/",28400,800,3530900,100875000000,-350,false,-1.22
"PVD",134734,"/Date(1701845287000)/",28400,500,3530100,100853000000,-350,false,-1.22
"PVD",134734,"/Date(1701845287000)/",28400,1000,3529600,100838000000,-350,false,-1.22
"PVD",134734,"/Date(1701845286000)/",28350,400,3528600,100810000000,-400,true,-1.39
"PVD",134734,"/Date(1701845286000)/",28400,2000,3528200,100799000000,-350,false,-1.22
"PVD",134724,"/Date(1701845277000)/",28400,1000,3526200,100742000000,-350,false,-1.22
"PVD",134715,"/Date(1701845266000)/",28400,400,3525200,100714000000,-350,false,-1.22
"PVD",134705,"/Date(1701845256000)/",28400,100,3524800,100702000000,-350,false,-1.22
"PVD",134702,"/Date(1701845253000)/",28400,100,3524700,100699000000,-350,false,-1.22
"PVD",134656,"/Date(1701845247000)/",28350,100,3524600,100696000000,-400,true,-1.39
"PVD",134633,"/Date(1701845226000)/",28350,200,3524500,100694000000,-400,true,-1.39
"PVD",134633,"/Date(1701845226000)/",28350,800,3524300,100688000000,-400,true,-1.39
"PVD",134620,"/Date(1701845212000)/",28350,200,3523500,100665000000,-400,true,-1.39
"PVD",134620,"/Date(1701845212000)/",28350,500,3523300,100660000000,-400,true,-1.39
"PVD",134620,"/Date(1701845212000)/",28350,200,3522800,100645000000,-400,true,-1.39
"PVD",134620,"/Date(1701845212000)/",28350,5000,3522600,100640000000,-400,true,-1.39
"PVD",134620,"/Date(1701845212000)/",28350,1000,3517600,100498000000,-400,true,-1.39
"PVD",134620,"/Date(1701845212000)/",28350,300,3516600,100470000000,-400,true,-1.39
"PVD",134620,"/Date(1701845212000)/",28350,1000,3516300,100461000000,-400,true,-1.39
"PVD",134620,"/Date(1701845212000)/",28350,300,3515300,100433000000,-400,true,-1.39
"PVD",134620,"/Date(1701845212000)/",28350,100,3515000,100424000000,-400,true,-1.39
"PVD",134620,"/Date(1701845212000)/",28350,1000,3514900,100421000000,-400,true,-1.39
"PVD",134620,"/Date(1701845212000)/",28350,300,3513900,100393000000,-400,true,-1.39
"PVD",134620,"/Date(1701845212000)/",28350,300,3513600,100385000000,-400,true,-1.39
"PVD",134620,"/Date(1701845212000)/",28350,3800,3513300,100376000000,-400,true,-1.39
"PVD",134620,"/Date(1701845212000)/",28400,4000,3509500,100268000000,-350,false,-1.22
"PVD",134614,"/Date(1701845205000)/",28400,1000,3505500,100155000000,-350,true,-1.22
"PVD",134601,"/Date(1701845194000)/",28400,200,3504500,100126000000,-350,false,-1.22
"PVD",134601,"/Date(1701845193000)/",28400,200,3504300,100121000000,-350,false,-1.22
"PVD",134555,"/Date(1701845187000)/",28400,100,3504100,100115000000,-350,false,-1.22
"PVD",134549,"/Date(1701845181000)/",28400,100,3504000,100112000000,-350,false,-1.22
"PVD",134542,"/Date(1701845174000)/",28400,1000,3503900,100109000000,-350,false,-1.22
"PVD",134536,"/Date(1701845167000)/",28400,500,3502900,100081000000,-350,true,-1.22
"PVD",134536,"/Date(1701845167000)/",28400,100,3502400,100067000000,-350,true,-1.22
"PVD",134536,"/Date(1701845167000)/",28400,100,3502300,100064000000,-350,true,-1.22
"PVD",134536,"/Date(1701845167000)/",28400,2200,3502200,100061000000,-350,true,-1.22
"PVD",134523,"/Date(1701845156000)/",28400,2800,3500000,99999000000,-350,false,-1.22
"PVD",134523,"/Date(1701845156000)/",28400,200,3497200,99919000000,-350,false,-1.22
"PVD",134523,"/Date(1701845156000)/",28400,200,3497000,99913000000,-350,false,-1.22
"PVD",134523,"/Date(1701845154000)/",28400,2000,3496800,99908000000,-350,false,-1.22
"PVD",134523,"/Date(1701845154000)/",28400,500,3494800,99851000000,-350,false,-1.22
"PVD",134523,"/Date(1701845154000)/",28400,200,3494300,99837000000,-350,false,-1.22
"PVD",134523,"/Date(1701845154000)/",28400,300,3494100,99831000000,-350,false,-1.22
"PVD",134523,"/Date(1701845154000)/",28400,1000,3493800,99823000000,-350,false,-1.22
"PVD",134523,"/Date(1701845154000)/",28400,300,3492800,99794000000,-350,false,-1.22
"PVD",134523,"/Date(1701845154000)/",28400,300,3492500,99786000000,-350,false,-1.22
"PVD",134523,"/Date(1701845154000)/",28400,300,3492200,99777000000,-350,false,-1.22
"PVD",134523,"/Date(1701845154000)/",28400,100,3491900,99769000000,-350,false,-1.22
"PVD",134520,"/Date(1701845152000)/",28400,200,3491800,99766000000,-350,false,-1.22
"PVD",134520,"/Date(1701845152000)/",28400,300,3491600,99760000000,-350,false,-1.22
