"Stockcode","Package","TradingDate","Price","Vol","TotalVol","TotalVal","Change","IsBuy","PerChange"
"TNT",144430,"/Date(1701848701000)/",4940,16700,1632800,7898000000,190,false,4
"TNT",142908,"/Date(1701847782000)/",4880,1500,1616100,7816000000,130,true,2.74
"TNT",142908,"/Date(1701847782000)/",4880,500,1614600,7808000000,130,true,2.74
"TNT",142848,"/Date(1701847764000)/",4890,2500,1614100,7806000000,140,true,2.95
"TNT",142848,"/Date(1701847764000)/",4890,1900,1611600,7794000000,140,true,2.95
"TNT",142848,"/Date(1701847764000)/",4890,300,1609700,7784000000,140,true,2.95
"TNT",142826,"/Date(1701847741000)/",4900,200,1609400,7783000000,150,true,3.16
"TNT",142820,"/Date(1701847735000)/",4920,500,1609200,7782000000,170,false,3.58
"TNT",142757,"/Date(1701847713000)/",4920,19400,1608700,7780000000,170,true,3.58
"TNT",142700,"/Date(1701847654000)/",4920,600,1589300,7684000000,170,true,3.58
"TNT",142452,"/Date(1701847528000)/",4920,5000,1588700,7681000000,170,false,3.58
"TNT",142304,"/Date(1701847419000)/",4900,5000,1583700,7657000000,150,true,3.16
"TNT",142251,"/Date(1701847405000)/",4930,500,1578700,7632000000,180,false,3.79
"TNT",142251,"/Date(1701847405000)/",4930,10000,1578200,7630000000,180,false,3.79
"TNT",142251,"/Date(1701847405000)/",4930,100,1568200,7580000000,180,false,3.79
"TNT",142251,"/Date(1701847405000)/",4930,1000,1568100,7580000000,180,false,3.79
"TNT",142251,"/Date(1701847405000)/",4930,1000,1567100,7575000000,180,false,3.79
"TNT",142251,"/Date(1701847405000)/",4920,2300,1566100,7570000000,170,false,3.58
"TNT",142251,"/Date(1701847405000)/",4910,100,1563800,7559000000,160,false,3.37
"TNT",142209,"/Date(1701847364000)/",4900,4800,1563700,7558000000,150,true,3.16
"TNT",142209,"/Date(1701847364000)/",4900,200,1558900,7535000000,150,true,3.16
"TNT",142056,"/Date(1701847292000)/",4900,1000,1558700,7534000000,150,true,3.16
"TNT",142056,"/Date(1701847292000)/",4900,23000,1557700,7529000000,150,true,3.16
"TNT",142056,"/Date(1701847292000)/",4900,3000,1534700,7416000000,150,true,3.16
"TNT",142005,"/Date(1701847238000)/",4920,2700,1531700,7401000000,170,false,3.58
"TNT",141823,"/Date(1701847138000)/",4930,4000,1529000,7388000000,180,true,3.79
"TNT",141719,"/Date(1701847072000)/",4930,1000,1525000,7368000000,180,true,3.79
"TNT",141335,"/Date(1701846850000)/",4940,200,1524000,7363000000,190,false,4
"TNT",141118,"/Date(1701846714000)/",4940,100,1523800,7362000000,190,false,4
"TNT",140803,"/Date(1701846518000)/",4940,400,1523700,7362000000,190,true,4
"TNT",140728,"/Date(1701846483000)/",4940,1000,1523300,7360000000,190,false,4
"TNT",140703,"/Date(1701846458000)/",4940,4600,1522300,7355000000,190,false,4
"TNT",140530,"/Date(1701846365000)/",4920,300,1517700,7332000000,170,false,3.58
"TNT",140257,"/Date(1701846211000)/",4900,400,1517400,7331000000,150,false,3.16
"TNT",140247,"/Date(1701846201000)/",4900,100,1517000,7329000000,150,false,3.16
"TNT",140222,"/Date(1701846174000)/",4900,1500,1516900,7328000000,150,false,3.16
"TNT",140222,"/Date(1701846174000)/",4900,300,1515400,7321000000,150,false,3.16
"TNT",140222,"/Date(1701846174000)/",4900,3900,1515100,7320000000,150,false,3.16
"TNT",140222,"/Date(1701846174000)/",4900,200,1511200,7300000000,150,false,3.16
"TNT",140212,"/Date(1701846165000)/",4900,2000,1511000,7299000000,150,false,3.16
"TNT",140108,"/Date(1701846102000)/",4900,9900,1509000,7290000000,150,false,3.16
"TNT",140108,"/Date(1701846102000)/",4900,100,1499100,7241000000,150,false,3.16
"TNT",135851,"/Date(1701845964000)/",4890,200,1499000,7241000000,140,true,2.95
"TNT",135614,"/Date(1701845807000)/",4890,200,1498800,7240000000,140,false,2.95
"TNT",134916,"/Date(1701845390000)/",4870,300,1498600,7239000000,120,true,2.53
"TNT",134215,"/Date(1701844966000)/",4870,200,1498300,7237000000,120,true,2.53
"TNT",134215,"/Date(1701844966000)/",4870,2500,1498100,7236000000,120,true,2.53
"TNT",134215,"/Date(1701844966000)/",4880,300,1495600,7224000000,130,true,2.74
"TNT",134215,"/Date(1701844966000)/",4880,2300,1495300,7223000000,130,true,2.74
"TNT",134159,"/Date(1701844950000)/",4880,100,1493000,7211000000,130,true,2.74
"TNT",134133,"/Date(1701844926000)/",4880,500,1492900,7211000000,130,true,2.74
"TNT",134101,"/Date(1701844891000)/",4890,100,1492400,7208000000,140,true,2.95
"TNT",133847,"/Date(1701844758000)/",4880,400,1492300,7208000000,130,true,2.74
"TNT",133800,"/Date(1701844711000)/",4890,1000,1491900,7206000000,140,false,2.95
"TNT",133744,"/Date(1701844694000)/",4890,500,1490900,7201000000,140,true,2.95
"TNT",133744,"/Date(1701844694000)/",4890,300,1490400,7199000000,140,true,2.95
"TNT",133744,"/Date(1701844694000)/",4890,500,1490100,7197000000,140,true,2.95
"TNT",133744,"/Date(1701844694000)/",4890,200,1489600,7195000000,140,true,2.95
"TNT",133744,"/Date(1701844694000)/",4890,2200,1489400,7194000000,140,true,2.95
"TNT",133712,"/Date(1701844663000)/",4890,5200,1487200,7183000000,140,true,2.95
"TNT",133614,"/Date(1701844604000)/",4900,3000,1482000,7158000000,150,true,3.16
"TNT",133614,"/Date(1701844604000)/",4900,500,1479000,7143000000,150,true,3.16
"TNT",133614,"/Date(1701844604000)/",4900,1000,1478500,7140000000,150,true,3.16
"TNT",133614,"/Date(1701844604000)/",4900,300,1477500,7136000000,150,true,3.16
"TNT",133614,"/Date(1701844604000)/",4900,300,1477200,7134000000,150,true,3.16
"TNT",133614,"/Date(1701844604000)/",4900,400,1476900,7133000000,150,true,3.16
"TNT",133250,"/Date(1701844399000)/",4910,200,1476500,7131000000,160,false,3.37
"TNT",132945,"/Date(1701844216000)/",4910,800,1476300,7130000000,160,false,3.37
"TNT",132945,"/Date(1701844216000)/",4910,200,1475500,7126000000,160,false,3.37
"TNT",132756,"/Date(1701844107000)/",4910,1000,1475300,7125000000,160,false,3.37
"TNT",132725,"/Date(1701844075000)/",4910,200,1474300,7120000000,160,true,3.37
"TNT",132725,"/Date(1701844075000)/",4910,800,1474100,7119000000,160,true,3.37
"TNT",132542,"/Date(1701843971000)/",4900,2100,1473300,7115000000,150,true,3.16
"TNT",132542,"/Date(1701843971000)/",4900,500,1471200,7105000000,150,true,3.16
"TNT",131751,"/Date(1701843498000)/",4900,700,1470700,7102000000,150,false,3.16
"TNT",131719,"/Date(1701843468000)/",4900,4900,1470000,7099000000,150,true,3.16
"TNT",131656,"/Date(1701843444000)/",4900,100,1465100,7075000000,150,true,3.16
"TNT",131358,"/Date(1701843265000)/",4890,2600,1465000,7074000000,140,true,2.95
"TNT",131358,"/Date(1701843265000)/",4900,400,1462400,7062000000,150,true,3.16
"TNT",131313,"/Date(1701843223000)/",4890,200,1462000,7060000000,140,true,2.95
"TNT",131200,"/Date(1701843148000)/",4900,1300,1461800,7059000000,150,false,3.16
"TNT",131200,"/Date(1701843148000)/",4900,900,1460500,7052000000,150,false,3.16
"TNT",131125,"/Date(1701843115000)/",4970,4100,1459600,7048000000,220,true,4.63
"TNT",131109,"/Date(1701843098000)/",4970,10000,1455500,7027000000,220,true,4.63
"TNT",131056,"/Date(1701843084000)/",4970,300,1445500,6978000000,220,true,4.63
"TNT",131053,"/Date(1701843081000)/",4970,100,1445200,6976000000,220,true,4.63
"TNT",131034,"/Date(1701843064000)/",4970,500,1445100,6976000000,220,true,4.63
"TNT",131018,"/Date(1701843047000)/",4980,1400,1444600,6973000000,230,false,4.84
"TNT",131018,"/Date(1701843047000)/",4980,2600,1443200,6966000000,230,false,4.84
"TNT",130748,"/Date(1701842896000)/",4980,1600,1440600,6953000000,230,false,4.84
"TNT",130748,"/Date(1701842896000)/",4970,5000,1439000,6945000000,220,false,4.63
"TNT",130748,"/Date(1701842896000)/",4970,500,1434000,6921000000,220,false,4.63
"TNT",130748,"/Date(1701842896000)/",4970,5000,1433500,6918000000,220,false,4.63
"TNT",130748,"/Date(1701842896000)/",4960,100,1428500,6893000000,210,false,4.42
"TNT",130748,"/Date(1701842896000)/",4960,5000,1428400,6893000000,210,false,4.42
"TNT",130748,"/Date(1701842896000)/",4930,1000,1423400,6868000000,180,false,3.79
"TNT",130748,"/Date(1701842896000)/",4930,500,1422400,6863000000,180,false,3.79
"TNT",130748,"/Date(1701842896000)/",4920,1000,1421900,6861000000,170,false,3.58
"TNT",130748,"/Date(1701842896000)/",4900,100,1420900,6856000000,150,false,3.16
"TNT",130748,"/Date(1701842896000)/",4900,200,1420800,6855000000,150,false,3.16
"TNT",130707,"/Date(1701842854000)/",4880,1700,1420600,6854000000,130,true,2.74
"TNT",130707,"/Date(1701842854000)/",4880,100,1418900,6846000000,130,true,2.74
"TNT",130707,"/Date(1701842854000)/",4890,600,1418800,6845000000,140,true,2.95
"TNT",130707,"/Date(1701842854000)/",4890,100,1418200,6842000000,140,true,2.95
"TNT",130707,"/Date(1701842854000)/",4890,500,1418100,6842000000,140,true,2.95
"TNT",130654,"/Date(1701842842000)/",4900,1000,1417600,6840000000,150,false,3.16
"TNT",130629,"/Date(1701842816000)/",4900,2800,1416600,6835000000,150,true,3.16
"TNT",130544,"/Date(1701842773000)/",4910,1000,1413800,6821000000,160,false,3.37
"TNT",130405,"/Date(1701842674000)/",4920,100,1412800,6816000000,170,false,3.58
"TNT",130132,"/Date(1701842519000)/",4890,300,1412700,6815000000,140,true,2.95
"TNT",130107,"/Date(1701842493000)/",4890,200,1412400,6814000000,140,true,2.95
"TNT",130054,"/Date(1701842481000)/",4890,200,1412200,6813000000,140,true,2.95
"TNT",112749,"/Date(1701836889000)/",4880,400,1412000,6812000000,130,true,2.74
"TNT",112749,"/Date(1701836889000)/",4900,1000,1411600,6810000000,150,false,3.16
"TNT",112749,"/Date(1701836887000)/",4900,5000,1410600,6805000000,150,false,3.16
"TNT",112717,"/Date(1701836857000)/",4890,160000,1405600,6781000000,140,false,2.95
"TNT",112538,"/Date(1701836756000)/",4920,265100,1245600,5998000000,170,false,3.58
"TNT",112538,"/Date(1701836756000)/",4900,1400,980500,4694000000,150,false,3.16
"TNT",112450,"/Date(1701836705000)/",4900,1700,979100,4687000000,150,true,3.16
"TNT",112431,"/Date(1701836690000)/",4900,2300,977400,4679000000,150,true,3.16
"TNT",112431,"/Date(1701836690000)/",4900,200,975100,4668000000,150,true,3.16
"TNT",112431,"/Date(1701836690000)/",4900,2500,974900,4667000000,150,true,3.16
"TNT",111426,"/Date(1701836083000)/",4900,100,972400,4654000000,150,true,3.16
"TNT",111203,"/Date(1701835940000)/",4900,400,972300,4654000000,150,true,3.16
"TNT",110952,"/Date(1701835811000)/",4900,100,971900,4652000000,150,false,3.16
"TNT",110647,"/Date(1701835624000)/",4900,3200,971800,4651000000,150,false,3.16
"TNT",110440,"/Date(1701835496000)/",4900,100,968600,4636000000,150,false,3.16
"TNT",110142,"/Date(1701835320000)/",4900,200,968500,4635000000,150,true,3.16
"TNT",110057,"/Date(1701835274000)/",4900,500,968300,4634000000,150,false,3.16
"TNT",110041,"/Date(1701835257000)/",4900,1000,967800,4632000000,150,false,3.16
"TNT",110041,"/Date(1701835257000)/",4900,1000,966800,4627000000,150,false,3.16
"TNT",110041,"/Date(1701835257000)/",4920,400,965800,4622000000,170,false,3.58
"TNT",105947,"/Date(1701835205000)/",4920,5000,965400,4620000000,170,true,3.58
"TNT",105937,"/Date(1701835195000)/",4920,5000,960400,4595000000,170,true,3.58
"TNT",105906,"/Date(1701835162000)/",4930,700,955400,4571000000,180,false,3.79
"TNT",105906,"/Date(1701835162000)/",4930,1800,954700,4567000000,180,false,3.79
"TNT",105821,"/Date(1701835119000)/",4930,1800,952900,4558000000,180,true,3.79
"TNT",105548,"/Date(1701834963000)/",4980,800,951100,4550000000,230,false,4.84
"TNT",105256,"/Date(1701834793000)/",4990,400,950300,4546000000,240,false,5.05
"TNT",105149,"/Date(1701834727000)/",4990,300,949900,4544000000,240,false,5.05
"TNT",105149,"/Date(1701834727000)/",4990,100,949600,4542000000,240,false,5.05
"TNT",105020,"/Date(1701834636000)/",5000,300,949500,4542000000,250,false,5.26
"TNT",104957,"/Date(1701834614000)/",5000,100,949200,4540000000,250,false,5.26
"TNT",104932,"/Date(1701834586000)/",5000,1100,949100,4540000000,250,false,5.26
"TNT",104932,"/Date(1701834586000)/",5000,1900,948000,4534000000,250,false,5.26
"TNT",104822,"/Date(1701834517000)/",5000,100,946100,4525000000,250,false,5.26
"TNT",104822,"/Date(1701834517000)/",5000,3900,946000,4524000000,250,false,5.26
"TNT",104750,"/Date(1701834486000)/",5000,100,942100,4505000000,250,false,5.26
"TNT",104750,"/Date(1701834486000)/",4990,300,942000,4504000000,240,false,5.05
"TNT",104750,"/Date(1701834486000)/",4990,1100,941700,4503000000,240,false,5.05
"TNT",104750,"/Date(1701834486000)/",4950,200,940600,4497000000,200,false,4.21
"TNT",104750,"/Date(1701834486000)/",4950,200,940400,4496000000,200,false,4.21
"TNT",104455,"/Date(1701834311000)/",4900,100,940200,4495000000,150,false,3.16
"TNT",104455,"/Date(1701834311000)/",4900,1900,940100,4495000000,150,false,3.16
"TNT",104452,"/Date(1701834308000)/",4900,100,938200,4485000000,150,false,3.16
"TNT",104452,"/Date(1701834308000)/",4900,200,938100,4485000000,150,false,3.16
"TNT",104410,"/Date(1701834263000)/",4890,500,937900,4484000000,140,false,2.95
"TNT",104410,"/Date(1701834263000)/",4890,1700,937400,4481000000,140,false,2.95
"TNT",104410,"/Date(1701834263000)/",4890,2000,935700,4473000000,140,false,2.95
"TNT",104400,"/Date(1701834256000)/",4890,200,933700,4463000000,140,false,2.95
"TNT",104325,"/Date(1701834221000)/",4890,100,933500,4462000000,140,false,2.95
"TNT",104325,"/Date(1701834221000)/",4890,1000,933400,4462000000,140,false,2.95
"TNT",104325,"/Date(1701834221000)/",4890,900,932400,4457000000,140,false,2.95
"TNT",104303,"/Date(1701834199000)/",4890,100,931500,4453000000,140,false,2.95
"TNT",104303,"/Date(1701834199000)/",4880,400,931400,4452000000,130,false,2.74
"TNT",104203,"/Date(1701834138000)/",4880,500,931000,4450000000,130,false,2.74
"TNT",104118,"/Date(1701834093000)/",4880,100,930500,4448000000,130,false,2.74
"TNT",104030,"/Date(1701834045000)/",4890,100,930400,4447000000,140,false,2.95
"TNT",103905,"/Date(1701833959000)/",4890,200,930300,4447000000,140,false,2.95
"TNT",103905,"/Date(1701833958000)/",4870,100,930100,4446000000,120,true,2.53
"TNT",103836,"/Date(1701833932000)/",4890,200,930000,4445000000,140,false,2.95
"TNT",103836,"/Date(1701833932000)/",4890,100,929800,4444000000,140,false,2.95
"TNT",103836,"/Date(1701833932000)/",4890,500,929700,4444000000,140,false,2.95
"TNT",103836,"/Date(1701833932000)/",4890,100,929200,4441000000,140,false,2.95
"TNT",103830,"/Date(1701833925000)/",4890,100,929100,4441000000,140,true,2.95
"TNT",103735,"/Date(1701833870000)/",4890,800,929000,4440000000,140,false,2.95
"TNT",103726,"/Date(1701833860000)/",4870,5000,928200,4436000000,120,false,2.53
"TNT",103726,"/Date(1701833860000)/",4870,400,923200,4412000000,120,false,2.53
"TNT",103720,"/Date(1701833855000)/",4870,500,922800,4410000000,120,false,2.53
"TNT",103720,"/Date(1701833855000)/",4870,1000,922300,4408000000,120,false,2.53
"TNT",103707,"/Date(1701833841000)/",4850,10000,921300,4403000000,100,false,2.11
"TNT",103707,"/Date(1701833841000)/",4850,2200,911300,4354000000,100,false,2.11
"TNT",103700,"/Date(1701833836000)/",4850,10000,909100,4344000000,100,false,2.11
"TNT",103700,"/Date(1701833835000)/",4850,2000,899100,4295000000,100,false,2.11
"TNT",103700,"/Date(1701833835000)/",4850,20000,897100,4286000000,100,false,2.11
"TNT",103657,"/Date(1701833833000)/",4850,2000,877100,4189000000,100,false,2.11
"TNT",103657,"/Date(1701833832000)/",4850,900,875100,4179000000,100,false,2.11
"TNT",103654,"/Date(1701833830000)/",4850,3700,874200,4174000000,100,false,2.11
"TNT",103654,"/Date(1701833829000)/",4850,10000,870500,4157000000,100,false,2.11
"TNT",103651,"/Date(1701833825000)/",4850,300,860500,4108000000,100,false,2.11
"TNT",103648,"/Date(1701833824000)/",4850,10000,860200,4107000000,100,false,2.11
"TNT",103648,"/Date(1701833822000)/",4850,7500,850200,4058000000,100,false,2.11
"TNT",103645,"/Date(1701833819000)/",4850,18600,842700,4022000000,100,false,2.11
"TNT",103645,"/Date(1701833819000)/",4850,500,824100,3931000000,100,false,2.11
"TNT",103645,"/Date(1701833819000)/",4850,500,823600,3929000000,100,false,2.11
"TNT",103645,"/Date(1701833819000)/",4850,400,823100,3927000000,100,false,2.11
"TNT",103645,"/Date(1701833818000)/",4850,100,822700,3925000000,100,false,2.11
"TNT",103619,"/Date(1701833795000)/",4850,1200,822600,3924000000,100,false,2.11
"TNT",103610,"/Date(1701833784000)/",4850,2300,821400,3918000000,100,false,2.11
"TNT",103603,"/Date(1701833777000)/",4850,7300,819100,3907000000,100,false,2.11
"TNT",103603,"/Date(1701833777000)/",4840,700,811800,3872000000,90,false,1.89
"TNT",103554,"/Date(1701833767000)/",4840,300,811100,3868000000,90,false,1.89
"TNT",103531,"/Date(1701833747000)/",4850,5000,810800,3867000000,100,false,2.11
"TNT",103522,"/Date(1701833736000)/",4850,9000,805800,3843000000,100,false,2.11
"TNT",103447,"/Date(1701833703000)/",4850,2000,796800,3799000000,100,false,2.11
"TNT",103431,"/Date(1701833686000)/",4850,1000,794800,3789000000,100,false,2.11
"TNT",103431,"/Date(1701833686000)/",4840,2000,793800,3785000000,90,false,1.89
"TNT",103431,"/Date(1701833686000)/",4840,2000,791800,3775000000,90,false,1.89
"TNT",103431,"/Date(1701833686000)/",4840,2000,789800,3765000000,90,false,1.89
"TNT",103431,"/Date(1701833686000)/",4810,8000,787800,3755000000,60,false,1.26
"TNT",103412,"/Date(1701833665000)/",4810,7000,779800,3717000000,60,false,1.26
"TNT",103412,"/Date(1701833665000)/",4810,3000,772800,3683000000,60,false,1.26
"TNT",103409,"/Date(1701833663000)/",4810,300,769800,3669000000,60,false,1.26
"TNT",103321,"/Date(1701833616000)/",4800,362000,769500,3667000000,50,false,1.05
"TNT",103252,"/Date(1701833587000)/",4790,1400,407500,1930000000,40,true,0.84
"TNT",103252,"/Date(1701833587000)/",4790,4000,406100,1923000000,40,true,0.84
"TNT",103252,"/Date(1701833587000)/",4790,3500,402100,1904000000,40,true,0.84
"TNT",103243,"/Date(1701833576000)/",4790,100,398600,1887000000,40,true,0.84
"TNT",103130,"/Date(1701833504000)/",4800,600,398500,1887000000,50,false,1.05
"TNT",103051,"/Date(1701833464000)/",4800,300,397900,1884000000,50,true,1.05
"TNT",102957,"/Date(1701833412000)/",4800,100,397600,1882000000,50,true,1.05
"TNT",102935,"/Date(1701833390000)/",4800,300,397500,1882000000,50,false,1.05
"TNT",102932,"/Date(1701833385000)/",4800,100,397200,1881000000,50,false,1.05
"TNT",102932,"/Date(1701833385000)/",4800,4400,397100,1880000000,50,false,1.05
"TNT",102906,"/Date(1701833362000)/",4830,2000,392700,1859000000,80,false,1.68
"TNT",102539,"/Date(1701833154000)/",4800,600,390700,1849000000,50,true,1.05
"TNT",102539,"/Date(1701833154000)/",4800,3200,390100,1846000000,50,true,1.05
"TNT",102539,"/Date(1701833154000)/",4800,700,386900,1831000000,50,true,1.05
"TNT",102539,"/Date(1701833154000)/",4800,6500,386200,1828000000,50,true,1.05
"TNT",102539,"/Date(1701833154000)/",4800,2300,379700,1796000000,50,true,1.05
"TNT",102539,"/Date(1701833154000)/",4800,700,377400,1785000000,50,true,1.05
"TNT",102439,"/Date(1701833093000)/",4800,100,376700,1782000000,50,false,1.05
"TNT",102439,"/Date(1701833093000)/",4800,500,376600,1782000000,50,false,1.05
"TNT",102439,"/Date(1701833093000)/",4800,5500,376100,1779000000,50,false,1.05
"TNT",102439,"/Date(1701833093000)/",4800,3200,370600,1753000000,50,false,1.05
"TNT",102310,"/Date(1701833002000)/",4790,100,367400,1737000000,40,true,0.84
"TNT",102238,"/Date(1701832972000)/",4790,3700,367300,1737000000,40,true,0.84
"TNT",102157,"/Date(1701832929000)/",4800,300,363600,1719000000,50,false,1.05
"TNT",102128,"/Date(1701832902000)/",4800,100,363300,1718000000,50,false,1.05
"TNT",102115,"/Date(1701832887000)/",4800,4400,363200,1717000000,50,false,1.05
"TNT",101924,"/Date(1701832776000)/",4800,7000,358800,1696000000,50,false,1.05
"TNT",101924,"/Date(1701832776000)/",4800,3000,351800,1663000000,50,false,1.05
"TNT",101830,"/Date(1701832723000)/",4790,500,348800,1648000000,40,true,0.84
"TNT",101817,"/Date(1701832709000)/",4790,2000,348300,1646000000,40,true,0.84
"TNT",101748,"/Date(1701832680000)/",4790,500,346300,1636000000,40,true,0.84
"TNT",101739,"/Date(1701832673000)/",4790,2000,345800,1634000000,40,false,0.84
"TNT",101739,"/Date(1701832673000)/",4790,4200,343800,1624000000,40,false,0.84
"TNT",101739,"/Date(1701832673000)/",4790,5700,339600,1604000000,40,false,0.84
"TNT",101739,"/Date(1701832673000)/",4790,200,333900,1577000000,40,false,0.84
"TNT",101723,"/Date(1701832657000)/",4780,5000,333700,1576000000,30,true,0.63
"TNT",101717,"/Date(1701832648000)/",4780,3400,328700,1552000000,30,true,0.63
"TNT",101710,"/Date(1701832642000)/",4780,800,325300,1536000000,30,false,0.63
"TNT",101359,"/Date(1701832452000)/",4780,800,324500,1532000000,30,false,0.63
"TNT",101249,"/Date(1701832381000)/",4780,1000,323700,1528000000,30,false,0.63
"TNT",101246,"/Date(1701832377000)/",4780,3200,322700,1523000000,30,false,0.63
"TNT",101246,"/Date(1701832377000)/",4780,3000,319500,1508000000,30,false,0.63
"TNT",101246,"/Date(1701832377000)/",4780,500,316500,1494000000,30,false,0.63
"TNT",101246,"/Date(1701832377000)/",4780,200,316000,1491000000,30,false,0.63
"TNT",101246,"/Date(1701832377000)/",4780,700,315800,1490000000,30,false,0.63
"TNT",100958,"/Date(1701832209000)/",4750,200,315100,1487000000,0,false,0
"TNT",100958,"/Date(1701832209000)/",4750,300,314900,1486000000,0,false,0
"TNT",100958,"/Date(1701832209000)/",4750,1000,314600,1485000000,0,false,0
"TNT",100958,"/Date(1701832209000)/",4750,100,313600,1480000000,0,false,0
"TNT",100342,"/Date(1701831834000)/",4750,200,313500,1479000000,0,false,0
"TNT",95219,"/Date(1701831148000)/",4750,200,313300,1478000000,0,false,0
"TNT",94733,"/Date(1701830863000)/",4720,300,313100,1477000000,-30,true,-0.63
"TNT",93941,"/Date(1701830389000)/",4720,297000,312800,1476000000,-30,false,-0.63
"TNT",93941,"/Date(1701830389000)/",4720,1000,15800,74000000,-30,false,-0.63
"TNT",93345,"/Date(1701830036000)/",4700,1500,14800,69000000,-50,true,-1.05
"TNT",93333,"/Date(1701830022000)/",4700,2000,13300,62000000,-50,true,-1.05
"TNT",93314,"/Date(1701830002000)/",4700,1300,11300,53000000,-50,true,-1.05
"TNT",93314,"/Date(1701830002000)/",4710,200,10000,47000000,-40,true,-0.84
"TNT",92406,"/Date(1701829455000)/",4700,800,9800,46000000,-50,true,-1.05
"TNT",92400,"/Date(1701829448000)/",4700,200,9000,42000000,-50,false,-1.05
"TNT",92144,"/Date(1701829311000)/",4700,1000,8800,41000000,-50,false,-1.05
"TNT",91919,"/Date(1701829165000)/",4750,400,7800,37000000,0,true,0
"TNT",91831,"/Date(1701829117000)/",4750,1000,7400,35000000,0,true,0
"TNT",91635,"/Date(1701829002000)/",4750,300,6400,30000000,0,true,0
"TNT",91457,"/Date(1701828900000)/",4750,6100,6100,28000000,0,true,0
