"symbol","time","price","change","vol","total","side"
"ANV","14:45:00",30.8,1.2,80100,2211600,
"ANV","14:29:56",30.9,1.3,1100,2131500,"S"
"ANV","14:29:29",30.9,1.3,24900,2130400,"S"
"ANV","14:29:29",30.85,1.25,600,2105500,"S"
"ANV","14:29:29",30.8,1.2,1500,2104900,"S"
"ANV","14:29:19",30.8,1.2,1000,2103400,"S"
"ANV","14:29:13",30.75,1.15,600,2102400,"B"
"ANV","14:29:04",30.75,1.15,1500,2101800,"B"
"ANV","14:29:02",30.75,1.15,8700,2100300,"B"
"ANV","14:28:48",30.75,1.15,800,2091600,"B"
"ANV","14:28:19",30.75,1.15,1500,2090800,"B"
"ANV","14:28:04",30.8,1.2,2700,2089300,"B"
"ANV","14:28:00",30.8,1.2,100,2086600,"B"
"ANV","14:27:58",30.8,1.2,2400,2086500,"B"
"ANV","14:27:50",30.8,1.2,500,2084100,"B"
"ANV","14:27:37",30.8,1.2,200,2083600,"B"
"ANV","14:27:31",30.85,1.25,100,2083400,"S"
"ANV","14:27:09",30.9,1.3,32900,2083300,"S"
"ANV","14:27:09",30.85,1.25,7100,2050400,"S"
"ANV","14:26:48",30.85,1.25,500,2043300,"S"
"ANV","14:26:34",30.85,1.25,600,2042800,"B"
"ANV","14:26:26",30.85,1.25,100,2042200,"B"
"ANV","14:26:21",30.85,1.25,2000,2042100,"B"
"ANV","14:26:18",30.85,1.25,1500,2040100,"B"
"ANV","14:26:12",30.85,1.25,5800,2038600,"S"
"ANV","14:26:08",30.8,1.2,200,2032800,"B"
"ANV","14:26:07",30.8,1.2,100,2032600,"B"
"ANV","14:26:06",30.8,1.2,1000,2032500,"B"
"ANV","14:25:58",30.8,1.2,10000,2031500,"B"
"ANV","14:25:54",30.8,1.2,200,2021500,"B"
"ANV","14:25:51",30.8,1.2,5100,2021300,"B"
"ANV","14:25:40",30.8,1.2,7600,2016200,"B"
"ANV","14:25:24",30.85,1.25,500,2008600,"S"
"ANV","14:24:51",30.85,1.25,4800,2008100,"B"
"ANV","14:24:40",30.85,1.25,3000,2003300,"B"
"ANV","14:24:21",30.85,1.25,500,2000300,"B"
"ANV","14:24:09",30.85,1.25,1000,1999800,"B"
"ANV","14:23:54",30.85,1.25,1500,1998800,"B"
"ANV","14:23:51",30.85,1.25,1500,1997300,"B"
"ANV","14:23:50",30.85,1.25,2000,1995800,"B"
"ANV","14:23:43",30.85,1.25,1000,1993800,"B"
"ANV","14:23:37",30.85,1.25,1700,1992800,"S"
"ANV","14:23:32",30.8,1.2,20000,1991100,"B"
"ANV","14:23:29",30.85,1.25,300,1971100,"B"
"ANV","14:23:20",30.85,1.25,1000,1970800,"B"
"ANV","14:23:08",30.85,1.25,500,1969800,"B"
"ANV","14:23:07",30.85,1.25,100,1969300,"S"
"ANV","14:23:04",30.8,1.2,2500,1969200,"B"
"ANV","14:22:59",30.85,1.25,200,1966700,"S"
"ANV","14:22:55",30.85,1.25,20000,1966500,"S"
"ANV","14:22:48",30.8,1.2,800,1946500,"B"
"ANV","14:22:43",30.8,1.2,100,1945700,"B"
"ANV","14:22:03",30.8,1.2,100,1945600,"B"
"ANV","14:21:30",30.8,1.2,500,1945500,"B"
"ANV","14:21:16",30.8,1.2,1000,1945000,"B"
"ANV","14:20:54",30.85,1.25,3600,1944000,"B"
"ANV","14:20:51",30.85,1.25,2000,1940400,"B"
"ANV","14:20:45",30.85,1.25,2300,1938400,"B"
"ANV","14:20:16",30.85,1.25,2600,1936100,"S"
"ANV","14:20:10",30.85,1.25,300,1933500,"S"
"ANV","14:19:52",30.85,1.25,200,1933200,"S"
"ANV","14:19:40",30.85,1.25,6200,1933000,"S"
"ANV","14:19:39",30.85,1.25,300,1926800,"S"
"ANV","14:19:29",30.85,1.25,100,1926500,"S"
"ANV","14:18:51",30.85,1.25,3300,1926400,"B"
"ANV","14:17:55",30.9,1.3,1000,1923100,"S"
"ANV","14:17:31",30.9,1.3,100,1922100,"S"
"ANV","14:17:00",30.9,1.3,3000,1922000,"S"
"ANV","14:16:50",30.85,1.25,3200,1919000,"S"
"ANV","14:16:49",30.85,1.25,1000,1915800,"S"
"ANV","14:16:46",30.8,1.2,500,1914800,"B"
"ANV","14:16:42",30.85,1.25,5900,1914300,"B"
"ANV","14:16:37",30.9,1.3,100,1908400,"S"
"ANV","14:16:26",30.9,1.3,7500,1908300,"S"
"ANV","14:16:26",30.85,1.25,2900,1900800,"S"
"ANV","14:16:19",30.85,1.25,20000,1897900,"S"
"ANV","14:16:05",30.85,1.25,20000,1877900,"S"
"ANV","14:15:59",30.85,1.25,3000,1857900,"S"
"ANV","14:15:57",30.85,1.25,400,1854900,"S"
"ANV","14:15:41",30.8,1.2,10800,1854500,"B"
"ANV","14:15:04",30.8,1.2,2000,1843700,"B"
"ANV","14:14:49",30.8,1.2,20000,1841700,"B"
"ANV","14:14:36",30.85,1.25,200,1821700,"S"
"ANV","14:13:51",30.85,1.25,500,1821500,"S"
"ANV","14:13:37",30.8,1.2,7700,1821000,"S"
"ANV","14:13:36",30.8,1.2,2300,1813300,"B"
"ANV","14:13:09",30.8,1.2,19100,1811000,"S"
"ANV","14:12:43",30.8,1.2,34000,1791900,"S"
"ANV","14:12:08",30.75,1.15,4200,1757900,"B"
"ANV","14:11:49",30.75,1.15,1000,1753700,"B"
"ANV","14:11:40",30.75,1.15,3000,1752700,"B"
"ANV","14:10:54",30.75,1.15,7400,1749700,"S"
"ANV","14:10:53",30.75,1.15,2000,1742300,"S"
"ANV","14:10:48",30.75,1.15,10000,1740300,"S"
"ANV","14:10:31",30.75,1.15,200,1730300,"S"
"ANV","14:10:18",30.75,1.15,1000,1730100,"S"
"ANV","14:10:16",30.75,1.15,1100,1729100,"S"
"ANV","14:10:13",30.75,1.15,1800,1728000,"S"
"ANV","14:10:08",30.75,1.15,5000,1726200,"S"
"ANV","14:09:44",30.75,1.15,400,1721200,"S"
"ANV","14:09:43",30.75,1.15,1300,1720800,"S"
"ANV","14:09:18",30.75,1.15,3500,1719500,"S"
"ANV","14:09:11",30.75,1.15,1000,1716000,"S"
"ANV","14:09:05",30.75,1.15,800,1715000,"B"
"ANV","14:09:02",30.75,1.15,5000,1714200,"B"
"ANV","14:08:57",30.75,1.15,100,1709200,"B"
"ANV","14:08:28",30.8,1.2,7700,1709100,"S"
"ANV","14:07:48",30.8,1.2,800,1701400,"S"
"ANV","14:07:34",30.8,1.2,100,1700600,"S"
"ANV","14:07:31",30.8,1.2,300,1700500,"S"
"ANV","14:06:49",30.8,1.2,1900,1700200,"S"
"ANV","14:06:45",30.75,1.15,5000,1698300,"B"
"ANV","14:06:38",30.8,1.2,5700,1693300,"S"
"ANV","14:06:12",30.8,1.2,100,1687600,"S"
"ANV","14:05:46",30.8,1.2,500,1687500,"S"
"ANV","14:05:40",30.75,1.15,1000,1687000,"B"
"ANV","14:05:36",30.75,1.15,100,1686000,"B"
"ANV","14:05:08",30.75,1.15,200,1685900,"B"
"ANV","14:05:03",30.75,1.15,1500,1685700,"B"
"ANV","14:04:37",30.75,1.15,1800,1684200,"S"
"ANV","14:04:32",30.75,1.15,100,1682400,"S"
"ANV","14:04:02",30.75,1.15,2000,1682300,"S"
"ANV","14:03:49",30.75,1.15,100,1680300,"S"
"ANV","14:03:48",30.7,1.1,1000,1680200,"B"
"ANV","14:03:27",30.75,1.15,200,1679200,"S"
"ANV","14:03:24",30.75,1.15,1300,1679000,"S"
"ANV","14:03:22",30.75,1.15,1500,1677700,"S"
"ANV","14:03:20",30.75,1.15,300,1676200,"S"
"ANV","14:03:15",30.75,1.15,300,1675900,"S"
"ANV","14:03:07",30.75,1.15,500,1675600,"S"
"ANV","14:03:03",30.75,1.15,3000,1675100,"S"
"ANV","14:02:58",30.75,1.15,3000,1672100,"S"
"ANV","14:02:56",30.75,1.15,500,1669100,"S"
"ANV","14:02:55",30.75,1.15,1000,1668600,"S"
"ANV","14:02:52",30.75,1.15,3000,1667600,"S"
"ANV","14:02:45",30.75,1.15,10000,1664600,"S"
"ANV","14:02:06",30.75,1.15,500,1654600,"S"
"ANV","14:01:44",30.75,1.15,2000,1654100,"S"
"ANV","14:01:26",30.75,1.15,500,1652100,"S"
"ANV","14:01:22",30.7,1.1,1000,1651600,"B"
"ANV","14:01:12",30.7,1.1,100,1650600,"B"
"ANV","14:00:55",30.75,1.15,100,1650500,"S"
"ANV","14:00:24",30.75,1.15,500,1650400,"S"
"ANV","14:00:14",30.75,1.15,100,1649900,"S"
"ANV","13:59:43",30.75,1.15,400,1649800,"S"
"ANV","13:59:35",30.75,1.15,1000,1649400,"S"
"ANV","13:59:27",30.75,1.15,1000,1648400,"S"
"ANV","13:59:16",30.75,1.15,500,1647400,"S"
"ANV","13:59:03",30.75,1.15,200,1646900,"S"
"ANV","13:58:50",30.75,1.15,500,1646700,"S"
"ANV","13:58:48",30.75,1.15,2000,1646200,"S"
"ANV","13:58:31",30.75,1.15,10000,1644200,"S"
"ANV","13:58:30",30.75,1.15,10000,1634200,"S"
"ANV","13:58:27",30.75,1.15,200,1624200,"S"
"ANV","13:58:22",30.75,1.15,100,1624000,"S"
"ANV","13:58:20",30.75,1.15,600,1623900,"S"
"ANV","13:58:16",30.7,1.1,3000,1623300,"B"
"ANV","13:58:13",30.75,1.15,3000,1620300,"S"
"ANV","13:58:08",30.75,1.15,200,1617300,"S"
"ANV","13:57:58",30.75,1.15,100,1617100,"S"
"ANV","13:57:41",30.75,1.15,1000,1617000,"S"
"ANV","13:57:27",30.75,1.15,100,1616000,"S"
"ANV","13:57:25",30.75,1.15,1000,1615900,"S"
"ANV","13:57:24",30.75,1.15,10000,1614900,"S"
"ANV","13:56:37",30.75,1.15,100,1604900,"S"
"ANV","13:56:28",30.75,1.15,1000,1604800,"S"
"ANV","13:56:25",30.7,1.1,300,1603800,"B"
"ANV","13:55:41",30.7,1.1,600,1603500,"B"
"ANV","13:55:02",30.75,1.15,2000,1602900,"S"
"ANV","13:54:57",30.75,1.15,2000,1600900,"S"
"ANV","13:54:44",30.7,1.1,100,1598900,"B"
"ANV","13:54:33",30.7,1.1,900,1598800,"S"
"ANV","13:54:27",30.7,1.1,10300,1597900,"S"
"ANV","13:54:20",30.7,1.1,2000,1587600,"S"
"ANV","13:54:15",30.7,1.1,100,1585600,"S"
"ANV","13:54:12",30.7,1.1,500,1585500,"S"
"ANV","13:54:05",30.7,1.1,11200,1585000,"S"
"ANV","13:53:56",30.7,1.1,6000,1573800,"S"
"ANV","13:53:50",30.7,1.1,2000,1567800,"S"
"ANV","13:53:47",30.7,1.1,600,1565800,"S"
"ANV","13:53:45",30.7,1.1,1000,1565200,"S"
"ANV","13:53:44",30.7,1.1,1000,1564200,"S"
"ANV","13:53:23",30.7,1.1,10000,1563200,"S"
"ANV","13:53:14",30.7,1.1,2000,1553200,"S"
"ANV","13:52:56",30.65,1.05,5300,1551200,"B"
"ANV","13:52:38",30.65,1.05,1000,1545900,"B"
"ANV","13:51:54",30.7,1.1,2000,1544900,"S"
"ANV","13:51:41",30.7,1.1,3000,1542900,"S"
"ANV","13:50:21",30.7,1.1,1000,1539900,"S"
"ANV","13:50:16",30.7,1.1,1000,1538900,"S"
"ANV","13:49:55",30.7,1.1,1000,1537900,"S"
"ANV","13:49:32",30.7,1.1,2000,1536900,"S"
"ANV","13:49:18",30.7,1.1,2000,1534900,"S"
"ANV","13:48:46",30.65,1.05,500,1532900,"S"
"ANV","13:48:31",30.65,1.05,1000,1532400,"S"
"ANV","13:48:26",30.65,1.05,1500,1531400,"S"
"ANV","13:48:16",30.65,1.05,500,1529900,"S"
"ANV","13:48:07",30.7,1.1,2300,1529400,"S"
"ANV","13:48:07",30.65,1.05,7700,1527100,"S"
"ANV","13:47:16",30.65,1.05,100,1519400,"S"
"ANV","13:46:51",30.65,1.05,200,1519300,"S"
"ANV","13:46:44",30.65,1.05,7400,1519100,"B"
"ANV","13:46:11",30.65,1.05,900,1511700,"S"
"ANV","13:46:01",30.65,1.05,10000,1510800,"S"
"ANV","13:45:51",30.65,1.05,10000,1500800,"S"
"ANV","13:45:47",30.65,1.05,1000,1490800,"S"
"ANV","13:45:32",30.65,1.05,1000,1489800,"S"
"ANV","13:45:20",30.65,1.05,600,1488800,"S"
"ANV","13:44:36",30.7,1.1,7000,1488200,"S"
"ANV","13:43:50",30.65,1.05,400,1481200,"S"
"ANV","13:43:27",30.65,1.05,3000,1480800,"S"
"ANV","13:42:20",30.6,1,1800,1477800,"B"
"ANV","13:41:46",30.65,1.05,200,1476000,"B"
"ANV","13:41:21",30.65,1.05,500,1475800,"S"
"ANV","13:40:26",30.6,1,100,1475300,"B"
"ANV","13:40:17",30.6,1,800,1475200,"B"
"ANV","13:40:08",30.65,1.05,28000,1474400,"S"
"ANV","13:39:45",30.6,1,1800,1446400,"B"
"ANV","13:39:32",30.6,1,2000,1444600,"S"
"ANV","13:39:22",30.6,1,3900,1442600,"B"
"ANV","13:38:57",30.6,1,2000,1438700,"B"
"ANV","13:38:25",30.6,1,7300,1436700,"B"
"ANV","13:37:42",30.6,1,400,1429400,"B"
"ANV","13:37:28",30.6,1,500,1429000,"B"
"ANV","13:37:05",30.6,1,1000,1428500,"B"
"ANV","13:36:59",30.6,1,10000,1427500,"B"
"ANV","13:36:56",30.6,1,5000,1417500,"B"
"ANV","13:35:59",30.6,1,100,1412500,"B"
"ANV","13:34:50",30.6,1,100,1412400,"B"
"ANV","13:34:26",30.6,1,300,1412300,"S"
"ANV","13:34:01",30.55,0.95,9300,1412000,"B"
"ANV","13:34:01",30.6,1,12800,1402700,"B"
"ANV","13:33:11",30.65,1.05,800,1389900,"B"
"ANV","13:33:01",30.65,1.05,200,1389100,"B"
"ANV","13:32:55",30.65,1.05,100,1388900,"B"
"ANV","13:32:46",30.65,1.05,500,1388800,"B"
"ANV","13:32:36",30.65,1.05,200,1388300,"S"
"ANV","13:32:31",30.65,1.05,100,1388100,"S"
"ANV","13:32:17",30.65,1.05,2000,1388000,"S"
"ANV","13:31:49",30.65,1.05,10000,1386000,"S"
"ANV","13:31:40",30.6,1,100,1376000,"B"
"ANV","13:31:27",30.6,1,1000,1375900,"B"
"ANV","13:30:46",30.6,1,1000,1374900,"B"
"ANV","13:30:38",30.6,1,100,1373900,"B"
"ANV","13:30:21",30.6,1,1500,1373800,"B"
"ANV","13:30:19",30.6,1,500,1372300,"B"
"ANV","13:29:31",30.6,1,100,1371800,"B"
"ANV","13:29:19",30.6,1,100,1371700,"B"
"ANV","13:29:12",30.6,1,10000,1371600,"B"
"ANV","13:29:04",30.6,1,300,1361600,"B"
"ANV","13:28:58",30.6,1,45000,1361300,"B"
"ANV","13:28:41",30.6,1,200,1316300,"B"
"ANV","13:28:33",30.6,1,100,1316100,"B"
"ANV","13:28:29",30.6,1,500,1316000,"B"
"ANV","13:28:16",30.6,1,200,1315500,"B"
"ANV","13:27:37",30.6,1,100,1315300,"B"
"ANV","13:27:17",30.6,1,300,1315200,"B"
"ANV","13:26:49",30.65,1.05,2500,1314900,"S"
"ANV","13:26:38",30.6,1,1000,1312400,"B"
"ANV","13:26:25",30.65,1.05,100,1311400,"S"
"ANV","13:25:53",30.65,1.05,1000,1311300,"S"
"ANV","13:25:36",30.65,1.05,200,1310300,"B"
"ANV","13:25:22",30.65,1.05,100,1310100,"S"
"ANV","13:25:17",30.65,1.05,400,1310000,"B"
"ANV","13:25:14",30.65,1.05,100,1309600,"B"
"ANV","13:25:05",30.65,1.05,1500,1309500,"S"
"ANV","13:25:04",30.65,1.05,4200,1308000,"S"
"ANV","13:25:00",30.65,1.05,1800,1303800,"S"
"ANV","13:24:49",30.65,1.05,2000,1302000,"S"
"ANV","13:24:15",30.65,1.05,5000,1300000,"S"
"ANV","13:23:56",30.6,1,1500,1295000,"B"
"ANV","13:23:44",30.6,1,1000,1293500,"B"
"ANV","13:23:30",30.6,1,100,1292500,"B"
"ANV","13:23:28",30.65,1.05,10000,1292400,"S"
"ANV","13:23:13",30.65,1.05,800,1282400,"S"
"ANV","13:23:00",30.65,1.05,2000,1281600,"S"
"ANV","13:22:33",30.65,1.05,2000,1279600,"S"
"ANV","13:22:27",30.6,1,100,1277600,"B"
"ANV","13:22:27",30.6,1,900,1277500,"B"
"ANV","13:21:56",30.6,1,2100,1276600,"S"
"ANV","13:21:54",30.6,1,1000,1274500,"S"
"ANV","13:21:34",30.55,0.95,2500,1273500,"B"
"ANV","13:21:30",30.55,0.95,100,1271000,"B"
"ANV","13:21:14",30.55,0.95,1000,1270900,"B"
"ANV","13:20:32",30.55,0.95,10000,1269900,"B"
"ANV","13:20:01",30.6,1,400,1259900,"S"
"ANV","13:19:56",30.6,1,14600,1259500,"B"
"ANV","13:19:41",30.65,1.05,600,1244900,"S"
"ANV","13:19:26",30.65,1.05,300,1244300,"S"
"ANV","13:19:21",30.6,1,5000,1244000,"B"
"ANV","13:19:04",30.6,1,2500,1239000,"B"
"ANV","13:19:03",30.65,1.05,1000,1236500,"S"
"ANV","13:18:55",30.65,1.05,200,1235500,"S"
"ANV","13:18:47",30.65,1.05,6000,1235300,"S"
"ANV","13:18:10",30.65,1.05,2200,1229300,"S"
"ANV","13:17:35",30.65,1.05,2700,1227100,"B"
"ANV","13:17:22",30.65,1.05,500,1224400,"B"
"ANV","13:15:52",30.65,1.05,1000,1223900,"B"
"ANV","13:15:30",30.65,1.05,12000,1222900,"B"
"ANV","13:15:14",30.65,1.05,100,1210900,"B"
"ANV","13:15:10",30.7,1.1,2000,1210800,"S"
"ANV","13:14:56",30.7,1.1,200,1208800,"S"
"ANV","13:14:51",30.7,1.1,5000,1208600,"S"
"ANV","13:13:51",30.65,1.05,100,1203600,"B"
"ANV","13:13:46",30.7,1.1,5000,1203500,"S"
"ANV","13:13:23",30.65,1.05,100,1198500,"S"
"ANV","13:12:29",30.65,1.05,300,1198400,"S"
"ANV","13:12:13",30.65,1.05,200,1198100,"S"
"ANV","13:12:08",30.65,1.05,1000,1197900,"B"
"ANV","13:12:07",30.65,1.05,5000,1196900,"S"
"ANV","13:11:34",30.65,1.05,3500,1191900,"S"
"ANV","13:11:31",30.65,1.05,4000,1188400,"S"
"ANV","13:11:30",30.65,1.05,5000,1184400,"S"
"ANV","13:11:25",30.65,1.05,400,1179400,"S"
"ANV","13:11:23",30.65,1.05,3000,1179000,"S"
"ANV","13:11:22",30.6,1,500,1176000,"B"
"ANV","13:10:25",30.6,1,5000,1175500,"B"
"ANV","13:09:26",30.6,1,1000,1170500,"B"
"ANV","13:08:53",30.6,1,500,1169500,"S"
"ANV","13:08:46",30.6,1,2000,1169000,"S"
"ANV","13:08:37",30.6,1,500,1167000,"S"
"ANV","13:08:26",30.6,1,1000,1166500,"S"
"ANV","13:08:12",30.6,1,500,1165500,"B"
"ANV","13:07:40",30.6,1,500,1165000,"B"
"ANV","13:07:16",30.6,1,1500,1164500,"S"
"ANV","13:07:03",30.6,1,1500,1163000,"B"
"ANV","13:06:36",30.6,1,200,1161500,"S"
"ANV","13:06:21",30.6,1,100,1161300,"S"
"ANV","13:06:02",30.6,1,400,1161200,"B"
"ANV","13:05:46",30.6,1,500,1160800,"S"
"ANV","13:05:41",30.6,1,300,1160300,"S"
"ANV","13:05:07",30.6,1,200,1160000,"B"
"ANV","13:05:01",30.6,1,300,1159800,"S"
"ANV","13:04:32",30.6,1,100,1159500,"B"
"ANV","13:04:26",30.6,1,200,1159400,"B"
"ANV","13:04:11",30.6,1,500,1159200,"B"
"ANV","13:03:51",30.6,1,200,1158700,"B"
"ANV","13:03:31",30.6,1,500,1158500,"B"
"ANV","13:03:26",30.6,1,100,1158000,"B"
"ANV","13:03:20",30.6,1,500,1157900,"B"
"ANV","13:03:14",30.6,1,100,1157400,"B"
"ANV","13:03:07",30.6,1,100,1157300,"B"
"ANV","13:02:52",30.6,1,100,1157200,"B"
"ANV","13:02:51",30.6,1,2000,1157100,"S"
"ANV","13:02:44",30.6,1,2000,1155100,"S"
"ANV","13:02:36",30.55,0.95,5000,1153100,"B"
"ANV","13:02:26",30.6,1,1000,1148100,"B"
"ANV","13:02:20",30.6,1,4000,1147100,"S"
"ANV","13:02:00",30.6,1,500,1143100,"S"
"ANV","13:01:37",30.6,1,500,1142600,"S"
"ANV","13:01:28",30.55,0.95,100,1142100,"B"
"ANV","13:01:19",30.55,0.95,1000,1142000,"B"
"ANV","13:01:11",30.55,0.95,1500,1141000,"B"
"ANV","13:00:31",30.55,0.95,400,1139500,"B"
"ANV","13:00:30",30.6,1,200,1139100,"S"
"ANV","13:00:19",30.6,1,1000,1138900,"S"
"ANV","13:00:12",30.55,0.95,100,1137900,"B"
"ANV","13:00:09",30.55,0.95,100,1137800,"B"
"ANV","13:00:06",30.6,1,2000,1137700,"S"
"ANV","13:00:04",30.6,1,1000,1135700,"S"
"ANV","13:00:04",30.55,0.95,500,1134700,"S"
"ANV","13:00:04",30.5,0.9,500,1134200,"B"
"ANV","13:00:01",30.6,1,1800,1133700,"S"
"ANV","13:00:01",30.5,0.9,100,1131900,"B"
"ANV","13:00:01",30.6,1,100,1131800,"S"
"ANV","11:29:28",30.6,1,100,1131700,"S"
"ANV","11:29:03",30.5,0.9,5000,1130700,"B"
"ANV","11:28:49",30.55,0.95,200,1125700,"S"
"ANV","11:28:40",30.5,0.9,100,1125500,"B"
"ANV","11:28:37",30.5,0.9,500,1125400,"B"
"ANV","11:28:36",30.5,0.9,100,1124900,"B"
"ANV","11:28:01",30.5,0.9,1000,1124800,"B"
"ANV","11:27:58",30.5,0.9,100,1123800,"B"
"ANV","11:27:18",30.5,0.9,100,1123700,"B"
"ANV","11:27:04",30.5,0.9,1000,1123600,"B"
"ANV","11:21:07",30.55,0.95,1000,1122600,"S"
"ANV","11:20:17",30.55,0.95,6000,1121600,"S"
"ANV","11:19:03",30.55,0.95,2800,1115600,"B"
"ANV","11:18:49",30.55,0.95,1000,1112800,"B"
"ANV","11:18:48",30.55,0.95,3200,1111800,"B"
"ANV","11:18:28",30.55,0.95,100,1108600,"B"
"ANV","11:17:39",30.55,0.95,2100,1108500,"B"
"ANV","11:15:33",30.6,1,300,1106400,"B"
"ANV","11:15:22",30.6,1,3000,1106100,"B"
"ANV","11:15:02",30.6,1,1200,1103100,"B"
"ANV","11:14:59",30.6,1,100,1101900,"B"
"ANV","11:14:57",30.6,1,1500,1101800,"B"
"ANV","11:14:47",30.6,1,1000,1100300,"B"
"ANV","11:14:01",30.6,1,500,1099300,"B"
"ANV","11:13:14",30.65,1.05,500,1098800,"S"
"ANV","11:12:54",30.65,1.05,200,1098300,"S"
"ANV","11:12:14",30.65,1.05,1200,1098100,"S"
"ANV","11:12:00",30.65,1.05,500,1096900,"S"
"ANV","11:11:45",30.65,1.05,200,1096400,"S"
"ANV","11:11:33",30.65,1.05,400,1096200,"S"
"ANV","11:11:32",30.6,1,200,1095800,"B"
"ANV","11:11:26",30.6,1,500,1095600,"B"
"ANV","11:11:01",30.6,1,100,1095100,"B"
"ANV","11:10:53",30.6,1,2000,1095000,"B"
"ANV","11:10:13",30.65,1.05,1200,1093000,"S"
"ANV","11:10:04",30.65,1.05,200,1091800,"S"
"ANV","11:09:59",30.6,1,100,1091600,"B"
"ANV","11:09:58",30.6,1,500,1091500,"B"
"ANV","11:09:50",30.6,1,2000,1091000,"B"
"ANV","11:09:26",30.65,1.05,400,1089000,"S"
"ANV","11:08:28",30.65,1.05,200,1088600,"S"
"ANV","11:08:25",30.6,1,400,1088400,"B"
"ANV","11:08:05",30.6,1,500,1088000,"B"
"ANV","11:07:59",30.6,1,100,1087500,"B"
"ANV","11:07:49",30.6,1,100,1087400,"B"
"ANV","11:07:21",30.55,0.95,5000,1087300,"B"
"ANV","11:06:30",30.65,1.05,1200,1082300,"S"
"ANV","11:06:24",30.65,1.05,100,1081100,"S"
"ANV","11:06:15",30.6,1,600,1080600,"S"
"ANV","11:06:09",30.6,1,600,1080000,"S"
"ANV","11:06:07",30.6,1,1000,1079400,"S"
"ANV","11:05:32",30.6,1,3000,1078400,"S"
"ANV","11:04:58",30.55,0.95,100,1075400,"B"
"ANV","11:04:45",30.6,1,5000,1075300,"S"
"ANV","11:04:08",30.6,1,4200,1070300,"B"
"ANV","11:03:52",30.6,1,100,1066100,"B"
"ANV","11:03:35",30.6,1,100,1066000,"B"
"ANV","11:03:23",30.6,1,100,1065900,"B"
"ANV","11:03:13",30.6,1,100,1065800,"B"
"ANV","11:02:57",30.65,1.05,200,1065700,"S"
"ANV","11:02:52",30.65,1.05,1000,1065500,"S"
"ANV","11:02:50",30.65,1.05,300,1064500,"S"
"ANV","11:02:49",30.65,1.05,1200,1064200,"S"
"ANV","11:02:34",30.65,1.05,500,1063000,"S"
"ANV","11:02:20",30.65,1.05,200,1062500,"S"
"ANV","11:02:15",30.65,1.05,200,1062300,"S"
"ANV","11:02:08",30.65,1.05,1700,1062100,"S"
"ANV","11:01:33",30.65,1.05,500,1060400,"S"
"ANV","11:01:26",30.65,1.05,900,1059900,"S"
"ANV","11:01:10",30.65,1.05,1200,1059000,"S"
"ANV","11:00:55",30.65,1.05,200,1057800,"S"
"ANV","11:00:41",30.6,1,1000,1057600,"B"
"ANV","11:00:41",30.65,1.05,200,1056600,"S"
"ANV","11:00:40",30.65,1.05,1500,1056400,"S"
"ANV","11:00:26",30.65,1.05,500,1054900,"S"
"ANV","11:00:13",30.65,1.05,1200,1054400,"S"
"ANV","10:59:41",30.65,1.05,100,1053200,"S"
"ANV","10:59:41",30.6,1,600,1053100,"S"
"ANV","10:59:37",30.6,1,3700,1052500,"B"
"ANV","10:59:20",30.65,1.05,700,1048800,"S"
"ANV","10:59:14",30.65,1.05,1200,1048100,"S"
"ANV","10:58:33",30.65,1.05,200,1046900,"S"
"ANV","10:58:26",30.6,1,500,1046700,"S"
"ANV","10:58:21",30.65,1.05,9700,1046200,"S"
"ANV","10:58:21",30.6,1,300,1036500,"S"
"ANV","10:58:00",30.65,1.05,700,1036200,"S"
"ANV","10:58:00",30.6,1,500,1035500,"S"
"ANV","10:57:27",30.6,1,500,1035000,"S"
"ANV","10:57:21",30.6,1,1000,1034500,"S"
"ANV","10:57:11",30.6,1,3300,1033500,"B"
"ANV","10:57:01",30.6,1,500,1030200,"B"
"ANV","10:56:48",30.65,1.05,200,1029700,"S"
"ANV","10:56:42",30.65,1.05,100,1029500,"S"
"ANV","10:56:34",30.65,1.05,1200,1029400,"S"
"ANV","10:56:27",30.65,1.05,3100,1028200,"B"
"ANV","10:56:25",30.65,1.05,7400,1025100,"B"
"ANV","10:56:20",30.7,1.1,100,1017700,"S"
"ANV","10:55:54",30.7,1.1,500,1017600,"S"
"ANV","10:55:42",30.7,1.1,200,1017100,"S"
"ANV","10:55:30",30.7,1.1,800,1016900,"B"
"ANV","10:54:54",30.7,1.1,5000,1016100,"B"
"ANV","10:54:31",30.75,1.15,7800,1011100,"S"
"ANV","10:54:29",30.7,1.1,15000,1003300,"B"
"ANV","10:53:56",30.75,1.15,500,988300,"S"
"ANV","10:53:48",30.75,1.15,5100,987800,"S"
"ANV","10:53:35",30.75,1.15,200,982700,"S"
"ANV","10:53:12",30.75,1.15,500,982500,"S"
"ANV","10:53:10",30.7,1.1,10000,982000,"B"
"ANV","10:52:39",30.75,1.15,1100,972000,"S"
"ANV","10:52:31",30.7,1.1,5000,970900,"B"
"ANV","10:51:58",30.7,1.1,23200,965900,"S"
"ANV","10:51:50",30.7,1.1,300,942700,"S"
"ANV","10:51:25",30.7,1.1,200,942400,"S"
"ANV","10:51:12",30.7,1.1,100,942200,"S"
"ANV","10:51:06",30.7,1.1,400,942100,"S"
"ANV","10:50:56",30.65,1.05,5000,941700,"B"
"ANV","10:50:46",30.7,1.1,1000,936700,"S"
"ANV","10:50:44",30.7,1.1,200,935700,"S"
"ANV","10:50:27",30.7,1.1,1000,935500,"S"
"ANV","10:50:23",30.7,1.1,200,934500,"S"
"ANV","10:50:17",30.7,1.1,1800,934300,"S"
"ANV","10:50:01",30.7,1.1,400,932500,"S"
"ANV","10:49:46",30.7,1.1,1800,932100,"S"
"ANV","10:49:39",30.7,1.1,200,930300,"S"
"ANV","10:49:38",30.65,1.05,1700,930100,"S"
"ANV","10:49:28",30.65,1.05,1000,928400,"S"
"ANV","10:49:05",30.65,1.05,200,927400,"S"
"ANV","10:48:57",30.6,1,200,927200,"B"
"ANV","10:48:56",30.65,1.05,1800,927000,"S"
"ANV","10:48:56",30.6,1,10000,925200,"B"
"ANV","10:48:53",30.65,1.05,400,915200,"S"
"ANV","10:48:46",30.65,1.05,1000,914800,"S"
"ANV","10:47:59",30.65,1.05,400,913800,"S"
"ANV","10:47:56",30.65,1.05,200,913400,"S"
"ANV","10:47:55",30.6,1,800,913200,"B"
"ANV","10:47:37",30.6,1,500,912400,"B"
"ANV","10:47:08",30.65,1.05,1000,911900,"S"
"ANV","10:47:01",30.65,1.05,200,910900,"S"
"ANV","10:46:50",30.65,1.05,1000,910700,"S"
"ANV","10:46:07",30.65,1.05,1000,909700,"S"
"ANV","10:46:05",30.65,1.05,700,908700,"S"
"ANV","10:45:56",30.65,1.05,200,908000,"S"
"ANV","10:45:54",30.65,1.05,300,907800,"S"
"ANV","10:45:52",30.65,1.05,400,907500,"S"
"ANV","10:45:11",30.65,1.05,900,907100,"B"
"ANV","10:45:08",30.7,1.1,1000,906200,"S"
"ANV","10:45:05",30.65,1.05,1500,905200,"B"
"ANV","10:44:59",30.7,1.1,400,903700,"S"
"ANV","10:44:50",30.65,1.05,500,903300,"B"
"ANV","10:44:50",30.7,1.1,200,902800,"S"
"ANV","10:44:38",30.65,1.05,2000,902600,"B"
"ANV","10:44:22",30.7,1.1,100,900600,"S"
"ANV","10:44:15",30.65,1.05,10000,900500,"B"
"ANV","10:44:09",30.7,1.1,200,890500,"S"
"ANV","10:44:07",30.65,1.05,200,890300,"B"
"ANV","10:44:07",30.7,1.1,2200,890100,"S"
"ANV","10:44:01",30.7,1.1,500,887900,"S"
"ANV","10:44:00",30.7,1.1,300,887400,"S"
"ANV","10:43:56",30.7,1.1,1000,887100,"S"
"ANV","10:43:55",30.7,1.1,1000,886100,"S"
"ANV","10:43:29",30.7,1.1,1000,885100,"S"
"ANV","10:43:23",30.7,1.1,10000,884100,"S"
"ANV","10:43:08",30.7,1.1,200,874100,"S"
"ANV","10:43:05",30.65,1.05,5700,873900,"B"
"ANV","10:43:04",30.65,1.05,200,868200,"B"
"ANV","10:43:03",30.7,1.1,1300,868000,"S"
"ANV","10:42:59",30.7,1.1,900,866700,"S"
"ANV","10:42:58",30.7,1.1,1200,865800,"S"
"ANV","10:42:45",30.7,1.1,500,864600,"S"
"ANV","10:42:40",30.7,1.1,5000,864100,"S"
"ANV","10:42:38",30.7,1.1,300,859100,"S"
"ANV","10:42:03",30.7,1.1,200,858800,"S"
"ANV","10:42:00",30.7,1.1,200,858600,"S"
"ANV","10:41:40",30.7,1.1,300,858400,"S"
"ANV","10:41:33",30.7,1.1,3000,858100,"S"
"ANV","10:41:25",30.7,1.1,3000,855100,"S"
"ANV","10:41:24",30.7,1.1,400,852100,"S"
"ANV","10:41:12",30.7,1.1,200,851700,"S"
"ANV","10:41:06",30.7,1.1,200,851500,"S"
"ANV","10:41:00",30.7,1.1,900,851300,"S"
"ANV","10:40:55",30.7,1.1,200,850400,"S"
"ANV","10:40:45",30.65,1.05,700,850200,"B"
"ANV","10:40:34",30.7,1.1,200,849500,"S"
"ANV","10:40:31",30.65,1.05,18000,849300,"S"
"ANV","10:40:17",30.65,1.05,200,831300,"S"
"ANV","10:40:00",30.65,1.05,100,831100,"S"
"ANV","10:39:47",30.65,1.05,900,831000,"S"
"ANV","10:39:29",30.65,1.05,200,830100,"S"
"ANV","10:39:05",30.65,1.05,200,829900,"S"
"ANV","10:39:00",30.65,1.05,900,829700,"S"
"ANV","10:38:55",30.65,1.05,100,828800,"S"
"ANV","10:38:48",30.6,1,400,828700,"S"
"ANV","10:38:46",30.6,1,200,828300,"S"
"ANV","10:38:39",30.6,1,400,828100,"B"
"ANV","10:38:33",30.65,1.05,100,827700,"S"
"ANV","10:38:27",30.65,1.05,200,827600,"S"
"ANV","10:38:18",30.65,1.05,200,827400,"S"
"ANV","10:38:17",30.65,1.05,400,827200,"S"
"ANV","10:37:51",30.6,1,500,826800,"B"
"ANV","10:37:42",30.6,1,1000,826300,"B"
"ANV","10:37:37",30.65,1.05,1500,825300,"S"
"ANV","10:37:21",30.6,1,400,823800,"B"
"ANV","10:37:19",30.65,1.05,1500,823400,"S"
"ANV","10:37:16",30.65,1.05,200,821900,"S"
"ANV","10:37:07",30.65,1.05,200,821700,"S"
"ANV","10:37:04",30.65,1.05,900,821500,"S"
"ANV","10:36:59",30.6,1,1000,820600,"B"
"ANV","10:36:40",30.6,1,1000,819600,"B"
"ANV","10:36:35",30.6,1,1000,818600,"B"
"ANV","10:36:34",30.6,1,26600,817600,"S"
"ANV","10:36:10",30.6,1,200,791000,"S"
"ANV","10:36:08",30.6,1,1400,790800,"S"
"ANV","10:35:58",30.6,1,900,789400,"S"
"ANV","10:35:53",30.6,1,200,788500,"S"
"ANV","10:35:43",30.6,1,600,788300,"S"
"ANV","10:35:42",30.6,1,1100,787700,"S"
"ANV","10:35:38",30.6,1,600,786600,"S"
"ANV","10:35:25",30.6,1,200,786000,"S"
"ANV","10:35:15",30.6,1,200,785800,"S"
"ANV","10:35:12",30.6,1,5800,785600,"S"
"ANV","10:35:04",30.6,1,800,779800,"S"
"ANV","10:34:42",30.6,1,100,779000,"S"
"ANV","10:34:42",30.55,0.95,600,778900,"S"
"ANV","10:34:39",30.55,0.95,400,778300,"S"
"ANV","10:34:36",30.55,0.95,1400,777900,"S"
"ANV","10:34:35",30.55,0.95,1000,776500,"S"
"ANV","10:34:34",30.5,0.9,1100,775500,"B"
"ANV","10:34:17",30.55,0.95,20000,774400,"S"
"ANV","10:34:11",30.55,0.95,500,754400,"S"
"ANV","10:34:01",30.55,0.95,200,753900,"S"
"ANV","10:34:00",30.55,0.95,1900,753700,"S"
"ANV","10:33:52",30.55,0.95,200,751800,"S"
"ANV","10:33:31",30.55,0.95,1400,751600,"S"
"ANV","10:33:27",30.55,0.95,1000,750200,"S"
"ANV","10:33:25",30.55,0.95,400,749200,"S"
"ANV","10:33:23",30.55,0.95,200,748800,"S"
"ANV","10:33:21",30.55,0.95,800,748600,"S"
"ANV","10:33:14",30.55,0.95,200,747800,"S"
"ANV","10:33:05",30.55,0.95,200,747600,"S"
"ANV","10:32:58",30.55,0.95,200,747400,"S"
"ANV","10:32:34",30.55,0.95,1400,747200,"S"
"ANV","10:32:32",30.55,0.95,200,745800,"S"
"ANV","10:32:30",30.55,0.95,200,745600,"S"
"ANV","10:32:28",30.55,0.95,800,745400,"S"
"ANV","10:32:12",30.55,0.95,200,744600,"S"
"ANV","10:31:57",30.55,0.95,200,744400,"S"
"ANV","10:31:55",30.5,0.9,400,744200,"B"
"ANV","10:31:48",30.55,0.95,200,743800,"S"
"ANV","10:31:43",30.55,0.95,1400,743600,"S"
"ANV","10:31:34",30.5,0.9,1500,742200,"S"
"ANV","10:31:32",30.5,0.9,100,740700,"S"
"ANV","10:31:31",30.5,0.9,2800,740600,"S"
"ANV","10:31:27",30.5,0.9,5000,737800,"S"
"ANV","10:31:26",30.5,0.9,200,732800,"S"
"ANV","10:31:25",30.5,0.9,200,732600,"S"
"ANV","10:31:22",30.5,0.9,300,732400,"S"
"ANV","10:31:21",30.5,0.9,400,732100,"S"
"ANV","10:31:20",30.5,0.9,7800,731700,"S"
"ANV","10:31:17",30.5,0.9,200,723900,"S"
"ANV","10:31:09",30.5,0.9,700,723700,"S"
"ANV","10:31:00",30.5,0.9,200,723000,"S"
"ANV","10:30:58",30.5,0.9,100,722800,"S"
"ANV","10:30:42",30.5,0.9,200,722700,"S"
"ANV","10:30:41",30.5,0.9,800,722500,"S"
"ANV","10:30:40",30.5,0.9,200,721700,"S"
"ANV","10:30:36",30.5,0.9,200,721500,"S"
"ANV","10:30:29",30.5,0.9,200,721300,"S"
"ANV","10:30:25",30.5,0.9,200,721100,"S"
"ANV","10:30:23",30.5,0.9,200,720900,"S"
"ANV","10:30:18",30.5,0.9,9800,720700,"S"
"ANV","10:30:17",30.5,0.9,9800,710900,"S"
"ANV","10:30:07",30.5,0.9,200,701100,"S"
"ANV","10:30:06",30.45,0.85,300,700900,"B"
"ANV","10:29:57",30.5,0.9,200,700600,"S"
"ANV","10:29:51",30.45,0.85,500,700400,"B"
"ANV","10:29:42",30.5,0.9,1300,699900,"S"
"ANV","10:29:37",30.5,0.9,1000,698600,"S"
"ANV","10:29:33",30.5,0.9,800,697600,"S"
"ANV","10:29:31",30.5,0.9,200,696800,"S"
"ANV","10:29:22",30.5,0.9,200,696600,"S"
"ANV","10:29:06",30.5,0.9,200,696400,"S"
"ANV","10:28:50",30.5,0.9,200,696200,"S"
"ANV","10:28:41",30.5,0.9,200,696000,"S"
"ANV","10:28:29",30.5,0.9,800,695800,"S"
"ANV","10:28:26",30.45,0.85,1000,695000,"B"
"ANV","10:28:21",30.5,0.9,200,694000,"S"
"ANV","10:28:14",30.5,0.9,200,693800,"S"
"ANV","10:27:49",30.45,0.85,100,693600,"B"
"ANV","10:27:48",30.5,0.9,200,693500,"S"
"ANV","10:27:48",30.5,0.9,200,693300,"S"
"ANV","10:27:22",30.5,0.9,200,693100,"S"
"ANV","10:27:12",30.5,0.9,200,692900,"S"
"ANV","10:27:03",30.5,0.9,4000,692700,"S"
"ANV","10:27:00",30.5,0.9,800,688700,"S"
"ANV","10:26:57",30.5,0.9,200,687900,"S"
"ANV","10:26:48",30.5,0.9,2000,687700,"S"
"ANV","10:26:43",30.45,0.85,500,685700,"B"
"ANV","10:26:32",30.5,0.9,200,685200,"S"
"ANV","10:26:13",30.5,0.9,800,685000,"S"
"ANV","10:26:11",30.5,0.9,200,684200,"S"
"ANV","10:26:05",30.5,0.9,200,684000,"S"
"ANV","10:25:47",30.5,0.9,200,683800,"S"
"ANV","10:25:39",30.5,0.9,200,683600,"S"
"ANV","10:25:23",30.5,0.9,200,683400,"S"
"ANV","10:25:10",30.5,0.9,800,683200,"S"
"ANV","10:25:00",30.5,0.9,800,682400,"S"
"ANV","10:24:58",30.5,0.9,200,681600,"S"
"ANV","10:24:21",30.5,0.9,200,681400,"S"
"ANV","10:24:16",30.45,0.85,100,681200,"B"
"ANV","10:24:12",30.5,0.9,200,681100,"S"
"ANV","10:23:50",30.5,0.9,1000,680900,"S"
"ANV","10:23:22",30.5,0.9,800,679900,"S"
"ANV","10:23:17",30.5,0.9,200,679100,"S"
"ANV","10:23:05",30.5,0.9,200,678900,"S"
"ANV","10:22:48",30.5,0.9,200,678700,"S"
"ANV","10:22:42",30.45,0.85,300,678500,"S"
"ANV","10:22:29",30.45,0.85,300,678200,"S"
"ANV","10:22:14",30.45,0.85,800,677900,"S"
"ANV","10:21:58",30.45,0.85,200,677100,"S"
"ANV","10:21:57",30.45,0.85,1300,676900,"S"
"ANV","10:21:56",30.45,0.85,1000,675600,"S"
"ANV","10:21:48",30.45,0.85,200,674600,"S"
"ANV","10:21:45",30.45,0.85,200,674400,"S"
"ANV","10:21:41",30.45,0.85,3300,674200,"S"
"ANV","10:21:41",30.45,0.85,200,670900,"S"
"ANV","10:21:31",30.45,0.85,5000,670700,"S"
"ANV","10:21:27",30.45,0.85,400,665700,"S"
"ANV","10:21:12",30.45,0.85,200,665300,"S"
"ANV","10:21:08",30.45,0.85,700,665100,"S"
"ANV","10:21:02",30.4,0.8,200,664400,"B"
"ANV","10:20:55",30.45,0.85,200,664200,"S"
"ANV","10:20:54",30.45,0.85,200,664000,"S"
"ANV","10:20:52",30.45,0.85,100,663800,"S"
"ANV","10:20:31",30.45,0.85,10000,663700,"S"
"ANV","10:20:24",30.45,0.85,200,653700,"S"
"ANV","10:20:06",30.45,0.85,200,653500,"S"
"ANV","10:19:55",30.4,0.8,1000,653300,"B"
"ANV","10:19:52",30.45,0.85,200,652300,"S"
"ANV","10:19:49",30.4,0.8,20500,652100,"S"
"ANV","10:19:40",30.4,0.8,5000,631600,"S"
"ANV","10:19:38",30.35,0.75,1000,626600,"S"
"ANV","10:19:32",30.4,0.8,700,625600,"S"
"ANV","10:19:22",30.4,0.8,200,624900,"S"
"ANV","10:19:12",30.4,0.8,500,624700,"S"
"ANV","10:19:08",30.4,0.8,800,624200,"S"
"ANV","10:18:58",30.4,0.8,200,623400,"S"
"ANV","10:18:39",30.4,0.8,700,623200,"S"
"ANV","10:18:22",30.4,0.8,300,622500,"S"
"ANV","10:18:15",30.4,0.8,200,622200,"S"
"ANV","10:18:12",30.4,0.8,1000,622000,"S"
"ANV","10:18:07",30.4,0.8,200,621000,"S"
"ANV","10:18:05",30.4,0.8,400,620800,"S"
"ANV","10:17:50",30.4,0.8,200,620400,"S"
"ANV","10:17:36",30.4,0.8,700,620200,"S"
"ANV","10:17:33",30.35,0.75,500,619500,"B"
"ANV","10:17:23",30.35,0.75,600,619000,"B"
"ANV","10:17:21",30.35,0.75,300,618400,"S"
"ANV","10:17:06",30.3,0.7,3200,618100,"B"
"ANV","10:17:01",30.35,0.75,200,614900,"S"
"ANV","10:17:00",30.35,0.75,400,614700,"S"
"ANV","10:16:52",30.35,0.75,400,614300,"B"
"ANV","10:16:51",30.35,0.75,500,613900,"B"
"ANV","10:16:47",30.4,0.8,1000,613400,"S"
"ANV","10:16:46",30.4,0.8,200,612400,"S"
"ANV","10:16:42",30.35,0.75,3700,612200,"B"
"ANV","10:16:36",30.4,0.8,200,608500,"S"
"ANV","10:16:36",30.4,0.8,200,608300,"S"
"ANV","10:15:59",30.35,0.75,5000,608100,"B"
"ANV","10:15:55",30.35,0.75,5000,603100,"B"
"ANV","10:15:48",30.35,0.75,500,598100,"B"
"ANV","10:15:11",30.35,0.75,2100,597600,"B"
"ANV","10:15:07",30.35,0.75,100,595500,"B"
"ANV","10:14:27",30.35,0.75,5000,595400,"B"
"ANV","10:14:11",30.35,0.75,100,590400,"B"
"ANV","10:12:20",30.35,0.75,3500,590300,"B"
"ANV","10:12:18",30.35,0.75,200,586800,"B"
"ANV","10:12:08",30.35,0.75,200,586600,"B"
"ANV","10:12:06",30.35,0.75,100,586400,"B"
"ANV","10:11:58",30.35,0.75,100,586300,"B"
"ANV","10:11:33",30.35,0.75,4200,586200,"B"
"ANV","10:11:26",30.35,0.75,1400,582000,"B"
"ANV","10:11:06",30.35,0.75,100,580600,"B"
"ANV","10:10:48",30.35,0.75,100,580500,"B"
"ANV","10:10:45",30.35,0.75,500,580400,"B"
"ANV","10:10:41",30.35,0.75,200,579900,"B"
"ANV","10:10:32",30.35,0.75,5000,579700,"B"
"ANV","10:10:11",30.35,0.75,5000,574700,"B"
"ANV","10:09:47",30.35,0.75,1000,569700,"B"
"ANV","10:09:07",30.35,0.75,200,568700,"B"
"ANV","10:08:18",30.4,0.8,100,568500,"S"
"ANV","10:06:51",30.4,0.8,500,568400,"S"
"ANV","10:06:49",30.4,0.8,3000,567900,"S"
"ANV","10:06:22",30.4,0.8,2200,564900,"S"
"ANV","10:05:59",30.35,0.75,600,562700,"B"
"ANV","10:05:45",30.35,0.75,500,562100,"B"
"ANV","10:05:43",30.35,0.75,100,561600,"B"
"ANV","10:05:37",30.35,0.75,1000,561500,"B"
"ANV","10:05:12",30.35,0.75,5000,560500,"B"
"ANV","10:04:51",30.35,0.75,400,555500,"B"
"ANV","10:03:50",30.35,0.75,500,555100,"B"
"ANV","10:03:17",30.35,0.75,100,554600,"B"
"ANV","10:02:41",30.35,0.75,100,554500,"B"
"ANV","10:02:06",30.35,0.75,1000,554400,"B"
"ANV","10:01:56",30.35,0.75,1000,553400,"B"
"ANV","10:01:55",30.4,0.8,200,552400,"S"
"ANV","10:01:32",30.35,0.75,1000,552200,"B"
"ANV","10:01:28",30.35,0.75,1000,551200,"B"
"ANV","10:00:40",30.3,0.7,1000,550200,"B"
"ANV","10:00:40",30.35,0.75,4000,549200,"B"
"ANV","10:00:33",30.35,0.75,400,545200,"S"
"ANV","10:00:31",30.35,0.75,1000,544800,"S"
"ANV","10:00:27",30.35,0.75,100,543800,"B"
"ANV","10:00:26",30.35,0.75,600,543700,"S"
"ANV","10:00:17",30.35,0.75,400,543100,"B"
"ANV","09:59:58",30.35,0.75,700,542700,"S"
"ANV","09:59:44",30.3,0.7,500,542000,"B"
"ANV","09:58:49",30.35,0.75,100,541500,"B"
"ANV","09:58:31",30.35,0.75,3000,541400,"B"
"ANV","09:58:22",30.35,0.75,600,538400,"B"
"ANV","09:58:05",30.4,0.8,9900,537800,"B"
"ANV","09:57:31",30.45,0.85,500,527900,"S"
"ANV","09:56:56",30.45,0.85,100,527400,"S"
"ANV","09:56:21",30.45,0.85,400,527300,"B"
"ANV","09:56:13",30.45,0.85,1000,526900,"B"
"ANV","09:56:08",30.45,0.85,700,525900,"B"
"ANV","09:55:52",30.45,0.85,700,525200,"B"
"ANV","09:55:41",30.45,0.85,2000,524500,"B"
"ANV","09:55:41",30.5,0.9,1300,522500,"S"
"ANV","09:55:38",30.45,0.85,500,521200,"B"
"ANV","09:55:33",30.45,0.85,500,520700,"B"
"ANV","09:55:24",30.45,0.85,500,520200,"B"
"ANV","09:55:23",30.5,0.9,7000,519700,"S"
"ANV","09:55:14",30.45,0.85,500,512700,"B"
"ANV","09:55:12",30.45,0.85,2000,512200,"B"
"ANV","09:54:21",30.5,0.9,2000,510200,"S"
"ANV","09:54:13",30.5,0.9,1100,508200,"S"
"ANV","09:54:10",30.45,0.85,2000,498200,"B"
"ANV","09:53:53",30.5,0.9,6400,496200,"S"
"ANV","09:53:32",30.5,0.9,300,489800,"S"
"ANV","09:52:05",30.5,0.9,3200,489500,"S"
"ANV","09:51:51",30.5,0.9,4000,486300,"S"
"ANV","09:51:39",30.45,0.85,100,482300,"B"
"ANV","09:51:28",30.5,0.9,200,482200,"S"
"ANV","09:50:52",30.5,0.9,300,482000,"S"
"ANV","09:50:18",30.45,0.85,200,481700,"S"
"ANV","09:50:01",30.45,0.85,2000,481500,"S"
"ANV","09:49:59",30.45,0.85,500,479500,"S"
"ANV","09:49:54",30.45,0.85,500,479000,"S"
"ANV","09:49:53",30.45,0.85,5000,478500,"S"
"ANV","09:49:44",30.45,0.85,1500,473500,"S"
"ANV","09:49:38",30.45,0.85,100,472000,"S"
"ANV","09:49:36",30.45,0.85,1200,471900,"S"
"ANV","09:49:36",30.45,0.85,18800,470700,"S"
"ANV","09:49:12",30.4,0.8,1000,451900,"B"
"ANV","09:49:09",30.4,0.8,100,450900,"B"
"ANV","09:49:04",30.45,0.85,8000,450800,"S"
"ANV","09:48:09",30.4,0.8,5400,442800,"S"
"ANV","09:47:45",30.4,0.8,1000,437400,"S"
"ANV","09:47:42",30.4,0.8,800,436400,"S"
"ANV","09:47:35",30.4,0.8,1000,435600,"S"
"ANV","09:47:25",30.4,0.8,3000,434600,"S"
"ANV","09:47:23",30.4,0.8,500,431600,"S"
"ANV","09:47:12",30.35,0.75,1000,431100,"B"
"ANV","09:47:08",30.4,0.8,1300,426400,"S"
"ANV","09:46:57",30.4,0.8,30000,425100,"S"
"ANV","09:46:40",30.35,0.75,2000,395100,"B"
"ANV","09:45:02",30.4,0.8,1000,393100,"S"
"ANV","09:45:01",30.35,0.75,1000,392100,"B"
"ANV","09:44:58",30.35,0.75,500,391100,"B"
"ANV","09:44:56",30.35,0.75,800,390600,"B"
"ANV","09:44:39",30.35,0.75,1000,389800,"B"
"ANV","09:44:27",30.35,0.75,500,388800,"B"
"ANV","09:44:14",30.35,0.75,1400,388300,"B"
"ANV","09:44:05",30.35,0.75,3000,386900,"B"
"ANV","09:43:50",30.35,0.75,3000,383900,"B"
"ANV","09:43:40",30.35,0.75,100,380900,"B"
"ANV","09:42:10",30.4,0.8,8300,380800,"S"
"ANV","09:42:10",30.35,0.75,1700,372500,"S"
"ANV","09:41:59",30.35,0.75,13300,370800,"B"
"ANV","09:41:41",30.35,0.75,1000,357500,"B"
"ANV","09:41:32",30.35,0.75,100,356500,"B"
"ANV","09:41:27",30.4,0.8,700,356400,"S"
"ANV","09:41:20",30.35,0.75,100,355700,"B"
"ANV","09:41:08",30.35,0.75,300,355600,"B"
"ANV","09:40:57",30.35,0.75,100,355300,"B"
"ANV","09:40:53",30.35,0.75,200,355200,"B"
"ANV","09:40:46",30.35,0.75,12000,355000,"S"
"ANV","09:40:46",30.3,0.7,1900,343000,"S"
"ANV","09:40:34",30.3,0.7,2000,341100,"S"
"ANV","09:40:24",30.3,0.7,7400,339100,"B"
"ANV","09:40:14",30.3,0.7,500,331700,"B"
"ANV","09:40:10",30.35,0.75,100,331200,"S"
"ANV","09:40:09",30.3,0.7,1000,331100,"B"
"ANV","09:39:59",30.3,0.7,100,330100,"B"
"ANV","09:39:42",30.35,0.75,300,330000,"S"
"ANV","09:39:40",30.35,0.75,2000,329700,"S"
"ANV","09:39:39",30.35,0.75,1000,327700,"S"
"ANV","09:39:31",30.35,0.75,1000,326700,"S"
"ANV","09:39:29",30.35,0.75,6000,325700,"S"
"ANV","09:39:24",30.35,0.75,1000,319700,"S"
"ANV","09:39:20",30.35,0.75,2000,318700,"S"
"ANV","09:39:10",30.3,0.7,1000,316700,"B"
"ANV","09:39:07",30.3,0.7,100,315700,"B"
"ANV","09:38:58",30.3,0.7,200,315600,"B"
"ANV","09:38:56",30.3,0.7,200,315400,"B"
"ANV","09:38:49",30.3,0.7,100,315200,"B"
"ANV","09:38:29",30.3,0.7,100,315100,"B"
"ANV","09:37:55",30.35,0.75,200,315000,"B"
"ANV","09:37:49",30.35,0.75,1000,314800,"B"
"ANV","09:37:29",30.35,0.75,100,313800,"B"
"ANV","09:37:23",30.35,0.75,200,313700,"B"
"ANV","09:37:21",30.35,0.75,2000,313500,"B"
"ANV","09:37:17",30.35,0.75,1200,311500,"B"
"ANV","09:37:15",30.35,0.75,500,310300,"B"
"ANV","09:37:13",30.35,0.75,3000,309800,"B"
"ANV","09:37:11",30.35,0.75,300,306800,"B"
"ANV","09:36:58",30.35,0.75,300,306500,"B"
"ANV","09:36:46",30.4,0.8,700,306200,"S"
"ANV","09:36:33",30.35,0.75,1000,305500,"B"
"ANV","09:36:31",30.35,0.75,200,304500,"B"
"ANV","09:36:23",30.35,0.75,100,304300,"B"
"ANV","09:36:08",30.35,0.75,700,304200,"S"
"ANV","09:35:44",30.4,0.8,400,303500,"S"
"ANV","09:35:44",30.35,0.75,100,303100,"S"
"ANV","09:35:04",30.4,0.8,500,303000,"S"
"ANV","09:34:57",30.3,0.7,100,302500,"B"
"ANV","09:34:54",30.3,0.7,500,302400,"B"
"ANV","09:34:52",30.3,0.7,2000,301900,"B"
"ANV","09:34:48",30.3,0.7,3000,299900,"S"
"ANV","09:33:55",30.3,0.7,3900,296900,"B"
"ANV","09:33:55",30.35,0.75,1100,293000,"B"
"ANV","09:33:43",30.4,0.8,300,291900,"S"
"ANV","09:33:41",30.35,0.75,100,291600,"B"
"ANV","09:33:41",30.4,0.8,2000,291500,"S"
"ANV","09:33:32",30.35,0.75,100,289500,"B"
"ANV","09:33:31",30.4,0.8,1500,289400,"S"
"ANV","09:33:25",30.35,0.75,100,287900,"S"
"ANV","09:33:22",30.3,0.7,200,287800,"B"
"ANV","09:33:18",30.3,0.7,6900,287600,"S"
"ANV","09:33:18",30.3,0.7,100,280700,"S"
"ANV","09:33:18",30.2,0.6,3300,280600,"S"
"ANV","09:33:17",30.2,0.6,16000,277300,"S"
"ANV","09:33:17",30.2,0.6,1500,261300,"S"
"ANV","09:33:14",30.2,0.6,1300,259800,"S"
"ANV","09:33:07",30.2,0.6,16000,258500,"S"
"ANV","09:32:59",30.15,0.55,500,242500,"B"
"ANV","09:32:53",30.2,0.6,2800,242000,"S"
"ANV","09:32:51",30.2,0.6,900,239200,"S"
"ANV","09:32:46",30.2,0.6,1300,238300,"S"
"ANV","09:32:32",30.15,0.55,500,237000,"B"
"ANV","09:32:31",30.15,0.55,1100,236500,"B"
"ANV","09:32:27",30.2,0.6,200,235400,"S"
"ANV","09:32:23",30.15,0.55,8700,235200,"S"
"ANV","09:32:15",30.15,0.55,1000,226500,"S"
"ANV","09:32:00",30.1,0.5,1000,225500,"B"
"ANV","09:31:56",30.1,0.5,300,224500,"B"
"ANV","09:31:54",30.1,0.5,14600,224200,"S"
"ANV","09:31:49",30.05,0.45,500,209600,"B"
"ANV","09:31:40",30.05,0.45,10100,209100,"S"
"ANV","09:31:29",30,0.4,200,199000,"B"
"ANV","09:31:15",30,0.4,500,198800,"B"
"ANV","09:31:14",30,0.4,400,198300,"B"
"ANV","09:31:01",30,0.4,1000,197900,"B"
"ANV","09:30:58",30.05,0.45,1000,196900,"S"
"ANV","09:30:56",30,0.4,2000,195900,"B"
"ANV","09:30:42",30,0.4,100,193900,"B"
"ANV","09:30:31",30,0.4,2200,193800,"S"
"ANV","09:30:31",30,0.4,2000,191600,"S"
"ANV","09:30:27",30,0.4,4000,189600,"S"
"ANV","09:30:25",30,0.4,2500,185600,"S"
"ANV","09:30:23",30,0.4,400,183100,"S"
"ANV","09:30:20",30,0.4,600,182700,"S"
"ANV","09:30:17",30,0.4,25000,182100,"S"
"ANV","09:30:15",30,0.4,300,157100,"S"
"ANV","09:30:10",30,0.4,2600,156800,"S"
"ANV","09:30:10",30,0.4,1400,154200,"S"
"ANV","09:30:03",30,0.4,3000,152800,"S"
"ANV","09:29:42",29.95,0.35,6000,149800,"S"
"ANV","09:29:24",29.95,0.35,2000,143800,"S"
"ANV","09:29:13",29.9,0.3,100,141800,"B"
"ANV","09:28:59",29.9,0.3,6000,141700,"S"
"ANV","09:28:58",29.9,0.3,1000,135700,"S"
"ANV","09:28:55",29.9,0.3,3000,134700,"S"
"ANV","09:28:48",29.95,0.35,17500,131700,"S"
"ANV","09:28:48",29.9,0.3,2500,114200,"S"
"ANV","09:28:36",29.9,0.3,1000,111700,"S"
"ANV","09:28:28",29.9,0.3,500,110700,"S"
"ANV","09:28:18",29.9,0.3,200,110200,"S"
"ANV","09:27:54",29.75,0.15,4000,110000,"B"
"ANV","09:27:49",29.9,0.3,1000,106000,"S"
"ANV","09:27:49",29.85,0.25,100,105000,"S"
"ANV","09:27:49",29.8,0.2,100,104900,"S"
"ANV","09:27:14",29.75,0.15,1900,104800,"B"
"ANV","09:26:44",29.75,0.15,5000,102900,"B"
"ANV","09:26:22",29.75,0.15,1000,97900,"S"
"ANV","09:26:16",29.75,0.15,1000,96900,"B"
"ANV","09:25:57",29.8,0.2,1000,95900,"B"
"ANV","09:25:29",29.8,0.2,100,94900,"B"
"ANV","09:25:06",29.8,0.2,1200,94800,"S"
"ANV","09:24:59",29.8,0.2,5000,93600,"S"
"ANV","09:24:52",29.8,0.2,800,88600,"B"
"ANV","09:24:49",29.8,0.2,1200,87800,"S"
"ANV","09:24:45",29.8,0.2,2000,86600,"S"
"ANV","09:24:40",29.8,0.2,500,84600,"S"
"ANV","09:24:30",29.8,0.2,600,84100,"B"
"ANV","09:24:30",29.85,0.25,4200,83500,"B"
"ANV","09:24:23",29.85,0.25,1000,79300,"B"
"ANV","09:24:08",29.95,0.35,1600,78300,"S"
"ANV","09:24:08",29.9,0.3,4400,76700,"S"
"ANV","09:24:03",29.9,0.3,500,72300,"S"
"ANV","09:23:54",29.9,0.3,5000,71800,"S"
"ANV","09:23:51",29.9,0.3,400,66800,"S"
"ANV","09:23:47",29.9,0.3,1700,66400,"S"
"ANV","09:23:32",29.9,0.3,8000,64700,"S"
"ANV","09:23:21",29.85,0.25,300,55300,"S"
"ANV","09:23:11",29.85,0.25,700,55000,"B"
"ANV","09:21:33",29.9,0.3,2400,54300,"B"
"ANV","09:21:17",29.95,0.35,1000,51900,"S"
"ANV","09:20:59",29.9,0.3,3500,50900,"B"
"ANV","09:20:21",29.95,0.35,500,47400,"B"
"ANV","09:20:17",29.95,0.35,100,46900,"B"
"ANV","09:20:15",29.95,0.35,100,46800,"B"
"ANV","09:20:14",29.95,0.35,500,46700,"B"
"ANV","09:20:09",29.95,0.35,100,46200,"B"
"ANV","09:20:06",29.95,0.35,100,46100,"B"
"ANV","09:19:57",29.95,0.35,1800,46000,"B"
"ANV","09:19:56",29.95,0.35,200,44200,"B"
"ANV","09:19:47",29.95,0.35,500,44000,"B"
"ANV","09:19:46",29.95,0.35,2000,43500,"B"
"ANV","09:19:45",29.95,0.35,300,41500,"B"
"ANV","09:19:44",29.95,0.35,100,41200,"B"
"ANV","09:19:43",29.95,0.35,100,41100,"B"
"ANV","09:19:42",29.95,0.35,1400,41000,"B"
"ANV","09:19:36",29.95,0.35,100,39600,"B"
"ANV","09:19:34",29.95,0.35,100,39500,"B"
"ANV","09:19:29",29.95,0.35,1000,39400,"B"
"ANV","09:19:25",29.95,0.35,100,38400,"B"
"ANV","09:19:11",29.95,0.35,600,38300,"B"
"ANV","09:19:00",29.95,0.35,500,37700,"B"
"ANV","09:18:55",29.95,0.35,500,37200,"B"
"ANV","09:18:38",29.95,0.35,5000,36700,"B"
"ANV","09:18:34",30,0.4,300,31700,"S"
"ANV","09:18:30",30,0.4,100,31400,"S"
"ANV","09:18:21",29.95,0.35,8500,31300,"B"
"ANV","09:18:09",29.95,0.35,2500,22800,"S"
"ANV","09:18:08",29.9,0.3,1000,20300,"B"
"ANV","09:18:06",29.9,0.3,100,19300,"B"
"ANV","09:18:03",29.95,0.35,300,19200,"S"
"ANV","09:18:00",29.95,0.35,1000,18900,"S"
"ANV","09:17:22",29.95,0.35,300,17900,"B"
"ANV","09:17:11",29.95,0.35,500,17600,"S"
"ANV","09:16:39",29.95,0.35,500,17100,"S"
"ANV","09:16:32",29.95,0.35,500,16600,"S"
"ANV","09:16:23",29.95,0.35,900,16100,"B"
"ANV","09:16:08",29.95,0.35,1100,15200,"S"
"ANV","09:15:59",29.95,0.35,1000,14100,"S"
"ANV","09:15:16",29.95,0.35,2000,13100,"S"
"ANV","09:15:09",29.7,0.1,2000,11100,"B"
"ANV","09:15:00",29.95,0.35,9100,9100,
