"symbol","time","price","change","vol","total","side"
"CTG","14:45:00",26.55,0.25,217000,7638100,
"CTG","14:29:53",26.55,0.25,100,7421100,"S"
"CTG","14:29:51",26.55,0.25,10000,7421000,"S"
"CTG","14:29:30",26.55,0.25,10000,7411000,"S"
"CTG","14:29:27",26.5,0.2,4500,7401000,"B"
"CTG","14:29:25",26.5,0.2,5000,7396500,"B"
"CTG","14:29:21",26.5,0.2,300,7391500,"B"
"CTG","14:29:16",26.5,0.2,10000,7391200,"B"
"CTG","14:29:10",26.55,0.25,5500,7381200,"S"
"CTG","14:28:40",26.55,0.25,1000,7375700,"S"
"CTG","14:28:39",26.5,0.2,2000,7374700,"B"
"CTG","14:28:34",26.5,0.2,9500,7372700,"B"
"CTG","14:28:30",26.55,0.25,6100,7363200,"S"
"CTG","14:28:30",26.5,0.2,200,7357100,"B"
"CTG","14:28:26",26.55,0.25,1000,7356900,"S"
"CTG","14:28:20",26.5,0.2,9500,7355900,"B"
"CTG","14:28:15",26.5,0.2,200,7346400,"B"
"CTG","14:28:09",26.55,0.25,5600,7346200,"S"
"CTG","14:28:04",26.5,0.2,9500,7340600,"B"
"CTG","14:28:04",26.5,0.2,1000,7331100,"B"
"CTG","14:27:52",26.5,0.2,9500,7330100,"B"
"CTG","14:27:51",26.5,0.2,5000,7320600,"B"
"CTG","14:27:47",26.5,0.2,1000,7315600,"B"
"CTG","14:27:47",26.5,0.2,1300,7314600,"B"
"CTG","14:27:22",26.5,0.2,1300,7313300,"B"
"CTG","14:27:21",26.55,0.25,2000,7312000,"S"
"CTG","14:27:07",26.5,0.2,1300,7310000,"B"
"CTG","14:27:06",26.5,0.2,100,7308700,"B"
"CTG","14:26:55",26.55,0.25,7500,7308600,"S"
"CTG","14:26:53",26.55,0.25,100,7301100,"S"
"CTG","14:26:47",26.55,0.25,3000,7301000,"S"
"CTG","14:26:37",26.55,0.25,1000,7298000,"S"
"CTG","14:26:34",26.55,0.25,1200,7297000,"B"
"CTG","14:26:33",26.6,0.3,5000,7295800,"S"
"CTG","14:26:32",26.6,0.3,2000,7290800,"S"
"CTG","14:26:30",26.55,0.25,1000,7288800,"B"
"CTG","14:26:25",26.55,0.25,1000,7287800,"B"
"CTG","14:26:23",26.55,0.25,600,7286800,"B"
"CTG","14:26:19",26.55,0.25,400,7286200,"B"
"CTG","14:26:18",26.55,0.25,100,7285800,"B"
"CTG","14:26:12",26.55,0.25,2600,7285700,"B"
"CTG","14:26:11",26.55,0.25,2400,7283100,"B"
"CTG","14:26:02",26.6,0.3,400,7280700,"S"
"CTG","14:26:00",26.55,0.25,2000,7280300,"B"
"CTG","14:25:58",26.55,0.25,500,7278300,"B"
"CTG","14:25:58",26.55,0.25,1300,7277800,"B"
"CTG","14:25:52",26.55,0.25,100,7276500,"B"
"CTG","14:25:48",26.55,0.25,2000,7276400,"B"
"CTG","14:25:46",26.55,0.25,1000,7274400,"B"
"CTG","14:25:41",26.55,0.25,100,7273400,"B"
"CTG","14:25:35",26.55,0.25,700,7273300,"B"
"CTG","14:25:33",26.55,0.25,1300,7272600,"B"
"CTG","14:25:29",26.55,0.25,500,7271300,"B"
"CTG","14:25:22",26.55,0.25,1300,7270800,"B"
"CTG","14:25:19",26.6,0.3,1800,7269500,"S"
"CTG","14:25:16",26.6,0.3,3000,7267700,"S"
"CTG","14:25:00",26.6,0.3,6000,7264700,"S"
"CTG","14:24:58",26.55,0.25,9600,7258700,"B"
"CTG","14:24:57",26.55,0.25,400,7249100,"B"
"CTG","14:24:50",26.55,0.25,500,7248700,"B"
"CTG","14:24:46",26.55,0.25,700,7248200,"B"
"CTG","14:24:42",26.6,0.3,100,7247500,"S"
"CTG","14:24:39",26.55,0.25,1000,7247400,"B"
"CTG","14:24:14",26.5,0.2,500,7246400,"B"
"CTG","14:24:14",26.55,0.25,100,7245900,"B"
"CTG","14:24:07",26.5,0.2,6900,7245800,"B"
"CTG","14:24:03",26.6,0.3,1400,7238900,"S"
"CTG","14:24:03",26.55,0.25,3600,7237500,"S"
"CTG","14:24:02",26.55,0.25,5100,7233900,"S"
"CTG","14:24:01",26.55,0.25,200,7228800,"S"
"CTG","14:23:57",26.55,0.25,20000,7228600,"S"
"CTG","14:23:54",26.55,0.25,200,7208600,"S"
"CTG","14:23:48",26.55,0.25,100000,7208400,"S"
"CTG","14:23:41",26.55,0.25,6000,7108400,"S"
"CTG","14:23:31",26.5,0.2,100,7102400,"B"
"CTG","14:23:27",26.5,0.2,100,7102300,"B"
"CTG","14:23:19",26.5,0.2,100,7102200,"B"
"CTG","14:22:56",26.55,0.25,1000,7102100,"S"
"CTG","14:22:56",26.55,0.25,1000,7101100,"S"
"CTG","14:22:49",26.55,0.25,5000,7100100,"S"
"CTG","14:22:48",26.55,0.25,111000,7095100,"B"
"CTG","14:22:44",26.55,0.25,1000,6984100,"B"
"CTG","14:22:37",26.6,0.3,2000,6983100,"S"
"CTG","14:22:34",26.55,0.25,3100,6981100,"B"
"CTG","14:22:34",26.55,0.25,2600,6978000,"B"
"CTG","14:22:26",26.55,0.25,2600,6975400,"B"
"CTG","14:22:22",26.6,0.3,6000,6972800,"S"
"CTG","14:22:18",26.6,0.3,2000,6966800,"S"
"CTG","14:22:17",26.55,0.25,1400,6964800,"B"
"CTG","14:22:09",26.55,0.25,1300,6963400,"B"
"CTG","14:21:50",26.6,0.3,200,6962100,"S"
"CTG","14:21:46",26.55,0.25,14400,6961900,"S"
"CTG","14:21:45",26.55,0.25,100,6947500,"S"
"CTG","14:21:44",26.55,0.25,100,6947400,"S"
"CTG","14:21:42",26.55,0.25,5400,6947300,"S"
"CTG","14:21:38",26.55,0.25,1000,6941900,"S"
"CTG","14:21:30",26.55,0.25,19000,6940900,"S"
"CTG","14:21:30",26.55,0.25,10700,6921900,"S"
"CTG","14:21:29",26.55,0.25,89300,6911200,"S"
"CTG","14:21:25",26.55,0.25,5000,6821900,"S"
"CTG","14:21:06",26.5,0.2,100,6816900,"B"
"CTG","14:21:05",26.55,0.25,50000,6816800,"S"
"CTG","14:21:03",26.5,0.2,600,6766800,"B"
"CTG","14:21:02",26.55,0.25,6000,6766200,"S"
"CTG","14:20:38",26.5,0.2,300,6760200,"B"
"CTG","14:20:26",26.5,0.2,200,6759900,"B"
"CTG","14:20:25",26.5,0.2,2000,6759700,"B"
"CTG","14:20:21",26.5,0.2,2300,6757700,"B"
"CTG","14:20:13",26.5,0.2,200,6755400,"B"
"CTG","14:20:12",26.5,0.2,300,6755200,"B"
"CTG","14:20:12",26.5,0.2,1900,6754900,"B"
"CTG","14:20:11",26.5,0.2,3000,6753000,"B"
"CTG","14:20:10",26.5,0.2,30000,6750000,"B"
"CTG","14:20:09",26.5,0.2,100,6720000,"B"
"CTG","14:20:05",26.5,0.2,300,6719900,"B"
"CTG","14:20:04",26.5,0.2,3200,6719600,"B"
"CTG","14:20:03",26.5,0.2,22400,6716400,"S"
"CTG","14:20:03",26.45,0.15,100,6694000,"B"
"CTG","14:20:01",26.45,0.15,1900,6693900,"B"
"CTG","14:20:00",26.45,0.15,300,6692000,"B"
"CTG","14:19:59",26.45,0.15,3000,6691700,"B"
"CTG","14:19:58",26.45,0.15,200,6688700,"B"
"CTG","14:19:57",26.45,0.15,2000,6688500,"B"
"CTG","14:19:56",26.5,0.2,20000,6686500,"S"
"CTG","14:19:55",26.45,0.15,100,6666500,"B"
"CTG","14:19:54",26.45,0.15,1000,6666400,"B"
"CTG","14:19:53",26.5,0.2,10000,6665400,"S"
"CTG","14:19:47",26.45,0.15,300,6655400,"B"
"CTG","14:19:46",26.45,0.15,3000,6655100,"B"
"CTG","14:19:45",26.5,0.2,30000,6652100,"S"
"CTG","14:19:44",26.45,0.15,300,6622100,"B"
"CTG","14:19:43",26.5,0.2,3700,6621800,"S"
"CTG","14:19:41",26.45,0.15,300,6618100,"B"
"CTG","14:19:40",26.45,0.15,3100,6617800,"B"
"CTG","14:19:40",26.5,0.2,300,6614700,"S"
"CTG","14:19:39",26.5,0.2,30000,6614400,"S"
"CTG","14:19:39",26.45,0.15,1300,6584400,"B"
"CTG","14:19:38",26.45,0.15,13500,6583100,"B"
"CTG","14:19:37",26.5,0.2,135600,6569600,"B"
"CTG","14:19:18",26.5,0.2,300,6434000,"B"
"CTG","14:19:17",26.5,0.2,3800,6433700,"B"
"CTG","14:19:16",26.5,0.2,100,6429900,"B"
"CTG","14:19:15",26.5,0.2,1000,6429800,"B"
"CTG","14:19:11",26.5,0.2,200,6428800,"B"
"CTG","14:19:10",26.55,0.25,2000,6428600,"S"
"CTG","14:19:03",26.5,0.2,200,6426600,"B"
"CTG","14:19:02",26.55,0.25,2000,6426400,"S"
"CTG","14:18:53",26.5,0.2,500,6424400,"B"
"CTG","14:18:26",26.5,0.2,300,6423900,"B"
"CTG","14:18:24",26.55,0.25,3700,6423600,"S"
"CTG","14:18:21",26.5,0.2,500,6419900,"B"
"CTG","14:18:20",26.55,0.25,5000,6419400,"S"
"CTG","14:17:47",26.5,0.2,100,6414400,"B"
"CTG","14:17:44",26.5,0.2,500,6414300,"B"
"CTG","14:17:39",26.5,0.2,100,6413800,"B"
"CTG","14:17:34",26.5,0.2,100,6413700,"B"
"CTG","14:17:18",26.5,0.2,500,6413600,"B"
"CTG","14:17:06",26.5,0.2,300,6413100,"B"
"CTG","14:17:05",26.55,0.25,3700,6412800,"S"
"CTG","14:16:47",26.45,0.15,100,6409100,"B"
"CTG","14:16:46",26.45,0.15,1900,6409000,"B"
"CTG","14:16:45",26.45,0.15,19600,6407100,"B"
"CTG","14:16:45",26.5,0.2,300,6387500,"B"
"CTG","14:16:44",26.5,0.2,199700,6387200,"S"
"CTG","14:16:18",26.45,0.15,500,6187500,"B"
"CTG","14:16:17",26.5,0.2,5700,6187000,"S"
"CTG","14:16:08",26.45,0.15,400,6181300,"B"
"CTG","14:16:07",26.45,0.15,4400,6180900,"B"
"CTG","14:16:07",26.5,0.2,44800,6176500,"B"
"CTG","14:15:58",26.5,0.2,500,6131700,"B"
"CTG","14:15:47",26.5,0.2,300,6131200,"B"
"CTG","14:15:46",26.55,0.25,3600,6130900,"S"
"CTG","14:15:39",26.5,0.2,100,6127300,"B"
"CTG","14:15:38",26.5,0.2,1300,6127200,"B"
"CTG","14:15:34",26.5,0.2,300,6125900,"B"
"CTG","14:15:33",26.55,0.25,3600,6125600,"S"
"CTG","14:15:31",26.5,0.2,500,6122000,"B"
"CTG","14:15:30",26.55,0.25,5400,6121500,"S"
"CTG","14:15:28",26.5,0.2,200,6116100,"B"
"CTG","14:15:27",26.5,0.2,200,6115900,"B"
"CTG","14:15:27",26.55,0.25,2600,6115700,"S"
"CTG","14:15:23",26.5,0.2,100,6113100,"B"
"CTG","14:15:22",26.5,0.2,1000,6113000,"B"
"CTG","14:15:21",26.55,0.25,10000,6112000,"S"
"CTG","14:15:18",26.45,0.15,500,6102000,"B"
"CTG","14:15:17",26.45,0.15,2000,6101500,"B"
"CTG","14:15:17",26.55,0.25,2700,6099500,"S"
"CTG","14:15:17",26.5,0.2,900,6096800,"S"
"CTG","14:15:16",26.5,0.2,20000,6095900,"S"
"CTG","14:15:15",26.5,0.2,700,6075900,"S"
"CTG","14:15:13",26.45,0.15,100,6075200,"B"
"CTG","14:15:12",26.5,0.2,1200,6075100,"S"
"CTG","14:15:05",26.45,0.15,400,6073900,"B"
"CTG","14:15:04",26.45,0.15,4000,6073500,"B"
"CTG","14:15:03",26.5,0.2,40000,6069500,"S"
"CTG","14:15:00",26.45,0.15,100,6029500,"B"
"CTG","14:14:59",26.5,0.2,1300,6029400,"S"
"CTG","14:14:54",26.45,0.15,100,6028100,"B"
"CTG","14:14:53",26.45,0.15,1500,6028000,"B"
"CTG","14:14:52",26.45,0.15,700,6026500,"B"
"CTG","14:14:51",26.45,0.15,5000,6025800,"B"
"CTG","14:14:51",26.5,0.2,2600,6020800,"S"
"CTG","14:14:50",26.5,0.2,50000,6018200,"S"
"CTG","14:14:50",26.45,0.15,300,5968200,"B"
"CTG","14:14:49",26.5,0.2,3600,5967900,"S"
"CTG","14:14:35",26.5,0.2,200,5964300,"S"
"CTG","14:14:29",26.45,0.15,300,5964100,"B"
"CTG","14:14:29",26.45,0.15,100,5963800,"B"
"CTG","14:14:28",26.5,0.2,3600,5963700,"S"
"CTG","14:14:27",26.5,0.2,1000,5960100,"S"
"CTG","14:14:23",26.45,0.15,100,5959100,"B"
"CTG","14:14:22",26.45,0.15,1200,5959000,"B"
"CTG","14:14:08",26.45,0.15,500,5957800,"B"
"CTG","14:14:07",26.45,0.15,5000,5957300,"B"
"CTG","14:14:06",26.45,0.15,50000,5952300,"B"
"CTG","14:13:54",26.45,0.15,200,5902300,"B"
"CTG","14:13:53",26.45,0.15,2000,5902100,"B"
"CTG","14:13:52",26.45,0.15,500,5900100,"B"
"CTG","14:13:52",26.5,0.2,20000,5899600,"S"
"CTG","14:13:51",26.5,0.2,5000,5879600,"S"
"CTG","14:13:46",26.45,0.15,500,5874600,"B"
"CTG","14:13:45",26.5,0.2,5000,5874100,"S"
"CTG","14:13:32",26.45,0.15,200,5869100,"B"
"CTG","14:13:31",26.5,0.2,2600,5868900,"S"
"CTG","14:13:29",26.45,0.15,200,5866300,"B"
"CTG","14:13:28",26.45,0.15,200,5866100,"B"
"CTG","14:13:28",26.5,0.2,2000,5865900,"S"
"CTG","14:13:24",26.45,0.15,500,5863900,"B"
"CTG","14:13:23",26.5,0.2,5100,5863400,"S"
"CTG","14:13:21",26.45,0.15,200,5858300,"B"
"CTG","14:13:20",26.5,0.2,2600,5858100,"S"
"CTG","14:13:15",26.5,0.2,200,5855500,"S"
"CTG","14:13:08",26.45,0.15,400,5855300,"B"
"CTG","14:13:07",26.45,0.15,300,5854900,"B"
"CTG","14:13:07",26.5,0.2,3700,5854600,"S"
"CTG","14:13:06",26.5,0.2,3600,5850900,"S"
"CTG","14:12:58",26.45,0.15,200,5847300,"B"
"CTG","14:12:57",26.5,0.2,2600,5847100,"S"
"CTG","14:12:54",26.45,0.15,900,5844500,"B"
"CTG","14:12:53",26.45,0.15,9600,5843600,"B"
"CTG","14:12:52",26.5,0.2,95300,5834000,"B"
"CTG","14:12:52",26.55,0.25,1300,5738700,"S"
"CTG","14:12:51",26.5,0.2,300,5737400,"B"
"CTG","14:12:50",26.55,0.25,3600,5737100,"S"
"CTG","14:12:47",26.5,0.2,600,5733500,"B"
"CTG","14:12:46",26.55,0.25,1300,5732900,"S"
"CTG","14:12:40",26.5,0.2,300,5731600,"B"
"CTG","14:12:39",26.55,0.25,3000,5731300,"S"
"CTG","14:12:38",26.5,0.2,100,5728300,"B"
"CTG","14:12:37",26.5,0.2,1000,5728200,"B"
"CTG","14:12:31",26.5,0.2,300,5727200,"B"
"CTG","14:12:30",26.5,0.2,100,5726900,"B"
"CTG","14:12:29",26.55,0.25,1000,5723200,"S"
"CTG","14:12:28",26.5,0.2,200,5722200,"B"
"CTG","14:12:27",26.55,0.25,2600,5722000,"S"
"CTG","14:12:25",26.5,0.2,500,5719400,"B"
"CTG","14:12:24",26.5,0.2,5500,5718900,"B"
"CTG","14:12:16",26.5,0.2,300,5713400,"B"
"CTG","14:12:15",26.55,0.25,3600,5713100,"S"
"CTG","14:12:13",26.5,0.2,200,5709500,"B"
"CTG","14:12:12",26.55,0.25,2800,5709300,"S"
"CTG","14:12:06",26.5,0.2,300,5706500,"B"
"CTG","14:12:05",26.55,0.25,3600,5706200,"S"
"CTG","14:12:04",26.5,0.2,800,5702600,"B"
"CTG","14:12:03",26.55,0.25,6000,5701800,"S"
"CTG","14:12:03",26.55,0.25,2600,5695800,"S"
"CTG","14:11:54",26.5,0.2,300,5693200,"B"
"CTG","14:11:53",26.55,0.25,3100,5692900,"S"
"CTG","14:11:50",26.5,0.2,300,5689800,"B"
"CTG","14:11:49",26.55,0.25,3600,5689500,"S"
"CTG","14:11:44",26.5,0.2,100,5685900,"B"
"CTG","14:11:43",26.55,0.25,1000,5685800,"S"
"CTG","14:11:34",26.55,0.25,100,5684800,"S"
"CTG","14:11:15",26.55,0.25,200,5684700,"S"
"CTG","14:11:13",26.5,0.2,100,5684500,"B"
"CTG","14:11:12",26.55,0.25,1400,5684400,"S"
"CTG","14:10:54",26.55,0.25,400,5683000,"S"
"CTG","14:10:53",26.5,0.2,500,5682600,"B"
"CTG","14:10:52",26.5,0.2,500,5682100,"B"
"CTG","14:10:49",26.5,0.2,500,5681600,"B"
"CTG","14:10:43",26.5,0.2,400,5681100,"B"
"CTG","14:10:42",26.5,0.2,4200,5680700,"B"
"CTG","14:10:41",26.5,0.2,12400,5676500,"S"
"CTG","14:10:41",26.45,0.15,28700,5664100,"S"
"CTG","14:10:41",26.4,0.1,400,5635400,"B"
"CTG","14:10:41",26.45,0.15,1000,5635000,"S"
"CTG","14:10:40",26.4,0.1,4600,5634000,"B"
"CTG","14:10:39",26.45,0.15,46300,5629400,"B"
"CTG","14:10:30",26.45,0.15,300,5583100,"B"
"CTG","14:10:29",26.5,0.2,3700,5582800,"S"
"CTG","14:10:16",26.45,0.15,500,5579100,"B"
"CTG","14:10:00",26.45,0.15,100,5578600,"B"
"CTG","14:09:49",26.4,0.1,100,5578500,"B"
"CTG","14:09:48",26.4,0.1,1300,5578400,"B"
"CTG","14:09:47",26.4,0.1,13500,5577100,"B"
"CTG","14:09:46",26.4,0.1,20000,5563600,"B"
"CTG","14:09:46",26.45,0.15,14000,5543600,"B"
"CTG","14:09:46",26.5,0.2,101000,5529600,"B"
"CTG","14:09:32",26.45,0.15,200,5428600,"B"
"CTG","14:09:31",26.45,0.15,2900,5428400,"S"
"CTG","14:09:30",26.4,0.1,1100,5425500,"B"
"CTG","14:09:29",26.4,0.1,1000,5424400,"B"
"CTG","14:09:29",26.45,0.15,10000,5423400,"B"
"CTG","14:09:28",26.4,0.1,3600,5413400,"B"
"CTG","14:09:28",26.45,0.15,6400,5409800,"B"
"CTG","14:09:27",26.55,0.25,5400,5403400,"S"
"CTG","14:09:27",26.5,0.2,94600,5398000,"S"
"CTG","14:09:23",26.45,0.15,200,5303400,"B"
"CTG","14:09:13",26.45,0.15,300,5303200,"B"
"CTG","14:09:13",26.45,0.15,3400,5302900,"S"
"CTG","14:09:11",26.45,0.15,500,5299500,"S"
"CTG","14:09:10",26.4,0.1,300,5299000,"B"
"CTG","14:09:09",26.45,0.15,3600,5298700,"S"
"CTG","14:09:08",26.4,0.1,200,5295100,"B"
"CTG","14:09:07",26.45,0.15,2000,5294900,"S"
"CTG","14:08:56",26.45,0.15,400,5292900,"S"
"CTG","14:08:47",26.4,0.1,300,5292500,"B"
"CTG","14:08:46",26.45,0.15,1000,5292200,"S"
"CTG","14:08:44",26.45,0.15,100,5291200,"S"
"CTG","14:08:27",26.4,0.1,500,5291100,"B"
"CTG","14:08:26",26.4,0.1,100,5290600,"B"
"CTG","14:08:26",26.5,0.2,5400,5290500,"S"
"CTG","14:08:25",26.4,0.1,1600,5285100,"B"
"CTG","14:08:24",26.4,0.1,16200,5283500,"S"
"CTG","14:08:20",26.4,0.1,100,5267300,"S"
"CTG","14:08:17",26.35,0.05,100,5267200,"B"
"CTG","14:08:16",26.35,0.05,1000,5267100,"B"
"CTG","14:08:15",26.4,0.1,10000,5266100,"S"
"CTG","14:08:15",26.35,0.05,500,5256100,"B"
"CTG","14:08:14",26.35,0.05,5000,5255600,"B"
"CTG","14:08:13",26.4,0.1,50000,5250600,"S"
"CTG","14:08:02",26.35,0.05,500,5200600,"B"
"CTG","14:08:01",26.35,0.05,5000,5200100,"B"
"CTG","14:08:00",26.4,0.1,50000,5195100,"S"
"CTG","14:07:58",26.4,0.1,100,5145100,"S"
"CTG","14:07:51",26.35,0.05,300,5145000,"B"
"CTG","14:07:50",26.4,0.1,3600,5144700,"S"
"CTG","14:07:42",26.35,0.05,500,5141100,"B"
"CTG","14:07:41",26.35,0.05,5000,5140600,"B"
"CTG","14:07:40",26.4,0.1,50000,5135600,"S"
"CTG","14:07:35",26.35,0.05,200,5085600,"B"
"CTG","14:07:34",26.35,0.05,2000,5085400,"B"
"CTG","14:07:27",26.4,0.1,100,5083400,"S"
"CTG","14:07:23",26.4,0.1,200,5083300,"S"
"CTG","14:07:07",26.35,0.05,100,5083100,"B"
"CTG","14:07:05",26.4,0.1,1000,5083000,"S"
"CTG","14:07:04",26.35,0.05,600,5082000,"B"
"CTG","14:07:03",26.35,0.05,6800,5081400,"B"
"CTG","14:07:02",26.4,0.1,68700,5074600,"B"
"CTG","14:06:57",26.4,0.1,400,5005900,"B"
"CTG","14:06:56",26.45,0.15,4200,5005500,"S"
"CTG","14:06:52",26.45,0.15,100,5001300,"S"
"CTG","14:06:44",26.4,0.1,200,5001200,"B"
"CTG","14:06:43",26.45,0.15,2500,5001000,"S"
"CTG","14:06:32",26.4,0.1,300,4998500,"B"
"CTG","14:06:31",26.45,0.15,3700,4998200,"S"
"CTG","14:06:16",26.4,0.1,100,4994500,"B"
"CTG","14:06:15",26.4,0.1,1800,4994400,"S"
"CTG","14:06:10",26.35,0.05,300,4992600,"B"
"CTG","14:06:09",26.35,0.05,100,4992300,"B"
"CTG","14:06:09",26.4,0.1,3700,4992200,"S"
"CTG","14:06:07",26.4,0.1,1000,4988500,"S"
"CTG","14:06:05",26.35,0.05,300,4987500,"B"
"CTG","14:06:04",26.4,0.1,2500,4987200,"S"
"CTG","14:06:04",26.35,0.05,1000,4984700,"B"
"CTG","14:06:03",26.4,0.1,10000,4983700,"S"
"CTG","14:06:00",26.4,0.1,100,4973700,"S"
"CTG","14:05:59",26.35,0.05,500,4973600,"B"
"CTG","14:05:58",26.4,0.1,5200,4973100,"S"
"CTG","14:05:56",26.35,0.05,600,4967900,"B"
"CTG","14:05:55",26.4,0.1,6100,4967300,"S"
"CTG","14:05:47",26.4,0.1,200,4961200,"S"
"CTG","14:05:29",26.35,0.05,300,4961000,"B"
"CTG","14:05:28",26.4,0.1,3000,4960700,"S"
"CTG","14:05:27",26.35,0.05,100,4957700,"B"
"CTG","14:05:26",26.4,0.1,1100,4957600,"S"
"CTG","14:05:25",26.35,0.05,900,4956500,"B"
"CTG","14:05:24",26.4,0.1,9000,4955600,"S"
"CTG","14:05:22",26.4,0.1,200,4946600,"S"
"CTG","14:05:18",26.4,0.1,200,4946400,"S"
"CTG","14:05:15",26.4,0.1,300,4946200,"S"
"CTG","14:05:11",26.4,0.1,200,4945900,"S"
"CTG","14:05:09",26.35,0.05,400,4945700,"B"
"CTG","14:05:08",26.4,0.1,4000,4945300,"S"
"CTG","14:05:06",26.35,0.05,100,4941300,"B"
"CTG","14:05:05",26.4,0.1,300,4941200,"S"
"CTG","14:05:05",26.35,0.05,1000,4940900,"B"
"CTG","14:05:04",26.4,0.1,10000,4939900,"S"
"CTG","14:05:00",26.35,0.05,600,4929900,"B"
"CTG","14:04:59",26.4,0.1,3000,4929300,"S"
"CTG","14:04:59",26.4,0.1,3000,4926300,"S"
"CTG","14:04:54",26.4,0.1,100,4923300,"S"
"CTG","14:04:54",26.35,0.05,400,4923200,"B"
"CTG","14:04:53",26.4,0.1,4200,4922800,"S"
"CTG","14:04:46",26.4,0.1,100,4918600,"S"
"CTG","14:04:36",26.4,0.1,500,4918500,"S"
"CTG","14:04:33",26.35,0.05,200,4918000,"B"
"CTG","14:04:32",26.35,0.05,2000,4917800,"B"
"CTG","14:04:31",26.4,0.1,20000,4915800,"S"
"CTG","14:04:30",26.35,0.05,500,4895800,"B"
"CTG","14:04:29",26.4,0.1,5000,4895300,"S"
"CTG","14:04:26",26.35,0.05,500,4890300,"B"
"CTG","14:04:25",26.4,0.1,5000,4889800,"S"
"CTG","14:04:25",26.4,0.1,300,4884800,"S"
"CTG","14:04:24",26.35,0.05,100,4884500,"B"
"CTG","14:04:23",26.35,0.05,1100,4884400,"B"
"CTG","14:04:22",26.4,0.1,1000,4883300,"S"
"CTG","14:04:21",26.35,0.05,100,4882300,"B"
"CTG","14:04:20",26.4,0.1,1000,4882200,"S"
"CTG","14:04:14",26.35,0.05,100,4881200,"B"
"CTG","14:04:14",26.4,0.1,200,4881100,"S"
"CTG","14:04:13",26.4,0.1,1000,4880900,"S"
"CTG","14:04:07",26.35,0.05,200,4879900,"B"
"CTG","14:04:06",26.4,0.1,2000,4879700,"S"
"CTG","14:03:56",26.4,0.1,100,4877700,"S"
"CTG","14:03:56",26.35,0.05,100,4877600,"B"
"CTG","14:03:55",26.35,0.05,1000,4877500,"B"
"CTG","14:03:54",26.4,0.1,10500,4876500,"S"
"CTG","14:03:44",26.35,0.05,300,4866000,"B"
"CTG","14:03:43",26.4,0.1,3500,4865700,"S"
"CTG","14:03:43",26.35,0.05,100,4862200,"B"
"CTG","14:03:42",26.4,0.1,1000,4862100,"S"
"CTG","14:03:32",26.35,0.05,100,4861100,"B"
"CTG","14:03:32",26.4,0.1,100,4861000,"S"
"CTG","14:03:27",26.35,0.05,1000,4860900,"B"
"CTG","14:03:26",26.4,0.1,10000,4859900,"S"
"CTG","14:03:19",26.35,0.05,100,4849900,"B"
"CTG","14:03:18",26.35,0.05,1000,4849800,"B"
"CTG","14:03:17",26.4,0.1,10000,4848800,"S"
"CTG","14:03:16",26.35,0.05,100,4838800,"B"
"CTG","14:03:15",26.4,0.1,1100,4838700,"S"
"CTG","14:03:14",26.35,0.05,400,4837600,"B"
"CTG","14:03:13",26.4,0.1,4300,4837200,"S"
"CTG","14:03:09",26.4,0.1,100,4832900,"S"
"CTG","14:03:09",26.4,0.1,100,4832800,"S"
"CTG","14:03:08",26.35,0.05,100,4832700,"B"
"CTG","14:03:07",26.4,0.1,1000,4832600,"S"
"CTG","14:03:06",26.35,0.05,300,4831600,"B"
"CTG","14:03:04",26.4,0.1,3000,4831300,"S"
"CTG","14:03:04",26.35,0.05,100,4828300,"B"
"CTG","14:03:03",26.4,0.1,1000,4828200,"S"
"CTG","14:03:03",26.35,0.05,200,4827200,"B"
"CTG","14:03:02",26.4,0.1,1000,4827000,"S"
"CTG","14:03:02",26.35,0.05,1000,4826000,"B"
"CTG","14:03:01",26.4,0.1,10200,4825000,"S"
"CTG","14:02:55",26.4,0.1,300,4814800,"S"
"CTG","14:02:54",26.4,0.1,300,4814500,"S"
"CTG","14:02:47",26.35,0.05,100,4814200,"B"
"CTG","14:02:46",26.4,0.1,1000,4814100,"S"
"CTG","14:02:35",26.4,0.1,500,4813100,"S"
"CTG","14:02:27",26.35,0.05,500,4812600,"B"
"CTG","14:02:26",26.4,0.1,5400,4812100,"S"
"CTG","14:02:24",26.35,0.05,100,4806700,"B"
"CTG","14:02:23",26.4,0.1,1000,4806600,"S"
"CTG","14:02:20",26.4,0.1,100,4805600,"S"
"CTG","14:02:09",26.35,0.05,100,4805500,"B"
"CTG","14:01:50",26.35,0.05,100,4805400,"B"
"CTG","14:01:49",26.4,0.1,1000,4805300,"S"
"CTG","14:01:47",26.35,0.05,300,4804300,"B"
"CTG","14:01:46",26.4,0.1,3000,4804000,"S"
"CTG","14:01:33",26.35,0.05,200,4801000,"B"
"CTG","14:01:32",26.35,0.05,2000,4800800,"B"
"CTG","14:01:31",26.4,0.1,20000,4798800,"S"
"CTG","14:00:49",26.35,0.05,500,4778800,"B"
"CTG","14:00:48",26.35,0.05,500,4778300,"B"
"CTG","14:00:48",26.4,0.1,5000,4777800,"S"
"CTG","14:00:47",26.35,0.05,5800,4772800,"B"
"CTG","14:00:46",26.4,0.1,52300,4767000,"B"
"CTG","14:00:46",26.45,0.15,5900,4714700,"B"
"CTG","14:00:32",26.45,0.15,200,4708800,"B"
"CTG","14:00:31",26.45,0.15,2000,4708600,"S"
"CTG","14:00:11",26.4,0.1,100,4706600,"B"
"CTG","14:00:10",26.4,0.1,1000,4706500,"B"
"CTG","14:00:08",26.4,0.1,10100,4705500,"S"
"CTG","14:00:06",26.4,0.1,500,4695400,"S"
"CTG","14:00:00",26.35,0.05,100,4694900,"B"
"CTG","13:59:59",26.35,0.05,1300,4694800,"B"
"CTG","13:59:58",26.4,0.1,13000,4693500,"S"
"CTG","13:59:53",26.4,0.1,100,4680500,"S"
"CTG","13:59:40",26.35,0.05,100,4680400,"B"
"CTG","13:59:39",26.4,0.1,1000,4680300,"S"
"CTG","13:59:35",26.4,0.1,400,4679300,"S"
"CTG","13:59:22",26.35,0.05,100,4678900,"B"
"CTG","13:59:21",26.35,0.05,1000,4678800,"B"
"CTG","13:59:20",26.4,0.1,10000,4677800,"S"
"CTG","13:59:19",26.4,0.1,400,4667800,"S"
"CTG","13:59:13",26.35,0.05,100,4667400,"B"
"CTG","13:59:12",26.35,0.05,1000,4667300,"B"
"CTG","13:59:11",26.4,0.1,10000,4666300,"S"
"CTG","13:58:54",26.35,0.05,500,4656300,"B"
"CTG","13:58:53",26.4,0.1,5000,4655800,"S"
"CTG","13:58:35",26.35,0.05,100,4650800,"B"
"CTG","13:58:34",26.35,0.05,1000,4650700,"B"
"CTG","13:58:33",26.4,0.1,10000,4649700,"S"
"CTG","13:58:33",26.35,0.05,300,4639700,"B"
"CTG","13:58:32",26.35,0.05,1800,4639400,"B"
"CTG","13:58:31",26.4,0.1,2000,4637600,"S"
"CTG","13:58:31",26.35,0.05,18700,4635600,"B"
"CTG","13:58:30",26.4,0.1,90000,4616900,"B"
"CTG","13:58:30",26.45,0.15,97500,4526900,"B"
"CTG","13:58:28",26.5,0.2,300,4429400,"S"
"CTG","13:57:28",26.45,0.15,400,4429100,"B"
"CTG","13:57:27",26.45,0.15,300,4428700,"B"
"CTG","13:57:27",26.5,0.2,4000,4428400,"S"
"CTG","13:57:26",26.5,0.2,3600,4424400,"S"
"CTG","13:57:24",26.45,0.15,100,4420800,"B"
"CTG","13:57:23",26.45,0.15,1500,4420700,"B"
"CTG","13:57:22",26.5,0.2,15000,4419200,"S"
"CTG","13:57:14",26.45,0.15,300,4404200,"B"
"CTG","13:57:13",26.5,0.2,3600,4403900,"S"
"CTG","13:57:04",26.45,0.15,200,4400300,"B"
"CTG","13:57:03",26.5,0.2,2400,4400100,"S"
"CTG","13:56:58",26.45,0.15,500,4397700,"B"
"CTG","13:56:23",26.5,0.2,100,4397200,"S"
"CTG","13:55:24",26.45,0.15,200,4397100,"B"
"CTG","13:55:23",26.45,0.15,2000,4396900,"B"
"CTG","13:55:14",26.45,0.15,200,4394900,"B"
"CTG","13:55:13",26.45,0.15,2000,4394700,"B"
"CTG","13:54:18",26.45,0.15,500,4392700,"B"
"CTG","13:54:10",26.45,0.15,500,4392200,"B"
"CTG","13:53:39",26.45,0.15,100,4391700,"B"
"CTG","13:53:38",26.45,0.15,1000,4391600,"B"
"CTG","13:53:32",26.45,0.15,500,4390600,"B"
"CTG","13:53:29",26.45,0.15,100,4390100,"S"
"CTG","13:53:28",26.4,0.1,100,4390000,"B"
"CTG","13:53:27",26.45,0.15,1500,4389900,"S"
"CTG","13:53:16",26.4,0.1,300,4388400,"B"
"CTG","13:53:15",26.45,0.15,3000,4388100,"S"
"CTG","13:52:35",26.4,0.1,200,4385100,"B"
"CTG","13:52:34",26.45,0.15,2000,4384900,"S"
"CTG","13:52:29",26.4,0.1,500,4382900,"B"
"CTG","13:52:10",26.4,0.1,500,4382400,"B"
"CTG","13:51:54",26.4,0.1,300,4381900,"B"
"CTG","13:51:53",26.45,0.15,3000,4381600,"S"
"CTG","13:51:49",26.45,0.15,100,4378600,"S"
"CTG","13:51:39",26.4,0.1,200,4378500,"B"
"CTG","13:51:38",26.45,0.15,2600,4378300,"S"
"CTG","13:51:04",26.4,0.1,200,4375700,"B"
"CTG","13:51:02",26.4,0.1,2100,4375500,"S"
"CTG","13:51:02",26.4,0.1,100,4373400,"S"
"CTG","13:51:01",26.4,0.1,5800,4373300,"S"
"CTG","13:51:01",26.35,0.05,100,4367500,"B"
"CTG","13:50:58",26.35,0.05,100,4367400,"B"
"CTG","13:50:58",26.4,0.1,200,4367300,"S"
"CTG","13:50:55",26.35,0.05,800,4367100,"B"
"CTG","13:50:54",26.4,0.1,8000,4366300,"S"
"CTG","13:50:54",26.4,0.1,400,4358200,"S"
"CTG","13:50:51",26.35,0.05,300,4357800,"B"
"CTG","13:50:50",26.35,0.05,100,4357500,"B"
"CTG","13:50:50",26.4,0.1,3000,4357400,"S"
"CTG","13:50:44",26.35,0.05,100,4354400,"B"
"CTG","13:50:43",26.4,0.1,1000,4354300,"S"
"CTG","13:50:42",26.4,0.1,200,4353300,"S"
"CTG","13:50:39",26.35,0.05,700,4353100,"B"
"CTG","13:50:38",26.4,0.1,5000,4352400,"S"
"CTG","13:50:38",26.4,0.1,2000,4347400,"S"
"CTG","13:50:36",26.35,0.05,200,4345400,"B"
"CTG","13:50:34",26.4,0.1,1000,4345200,"S"
"CTG","13:50:32",26.35,0.05,100,4344200,"B"
"CTG","13:50:31",26.4,0.1,1800,4344100,"S"
"CTG","13:50:27",26.4,0.1,100,4342300,"S"
"CTG","13:50:20",26.35,0.05,100,4342200,"B"
"CTG","13:50:19",26.35,0.05,1000,4342100,"B"
"CTG","13:50:18",26.4,0.1,10000,4341100,"S"
"CTG","13:50:17",26.35,0.05,100,4331100,"B"
"CTG","13:50:14",26.4,0.1,100,4331000,"S"
"CTG","13:50:12",26.35,0.05,300,4330900,"B"
"CTG","13:50:11",26.35,0.05,3000,4330600,"B"
"CTG","13:50:10",26.4,0.1,30000,4327600,"S"
"CTG","13:49:54",26.35,0.05,500,4297600,"B"
"CTG","13:49:52",26.4,0.1,100,4297100,"S"
"CTG","13:49:29",26.35,0.05,100,4297000,"B"
"CTG","13:49:28",26.4,0.1,1000,4296900,"S"
"CTG","13:49:22",26.35,0.05,100,4295900,"B"
"CTG","13:49:21",26.35,0.05,1000,4295800,"B"
"CTG","13:49:09",26.4,0.1,100,4294800,"S"
"CTG","13:49:08",26.35,0.05,200,4294700,"B"
"CTG","13:49:07",26.4,0.1,2000,4294500,"S"
"CTG","13:49:01",26.35,0.05,500,4292500,"B"
"CTG","13:49:00",26.4,0.1,100,4287000,"S"
"CTG","13:48:52",26.35,0.05,100,4286900,"B"
"CTG","13:48:51",26.35,0.05,1000,4286800,"B"
"CTG","13:48:41",26.35,0.05,100,4275800,"B"
"CTG","13:48:40",26.35,0.05,1000,4275700,"B"
"CTG","13:48:39",26.4,0.1,10000,4274700,"S"
"CTG","13:48:32",26.35,0.05,300,4264700,"B"
"CTG","13:48:31",26.4,0.1,3400,4264400,"S"
"CTG","13:48:26",26.4,0.1,500,4261000,"S"
"CTG","13:48:23",26.4,0.1,500,4260500,"S"
"CTG","13:48:18",26.35,0.05,100,4260000,"B"
"CTG","13:48:17",26.4,0.1,1300,4259900,"S"
"CTG","13:48:07",26.35,0.05,100,4258600,"B"
"CTG","13:48:06",26.35,0.05,1000,4258500,"B"
"CTG","13:48:05",26.4,0.1,10000,4257500,"S"
"CTG","13:48:02",26.35,0.05,100,4247500,"B"
"CTG","13:48:01",26.35,0.05,1800,4247400,"B"
"CTG","13:48:00",26.4,0.1,18100,4245600,"S"
"CTG","13:47:47",26.4,0.1,200,4227500,"S"
"CTG","13:47:42",26.35,0.05,100,4227300,"B"
"CTG","13:47:41",26.4,0.1,1000,4227200,"S"
"CTG","13:47:31",26.4,0.1,500,4226200,"S"
"CTG","13:47:20",26.4,0.1,200,4225700,"S"
"CTG","13:47:17",26.35,0.05,200,4225500,"B"
"CTG","13:47:15",26.4,0.1,2000,4225300,"S"
"CTG","13:47:00",26.4,0.1,100,4223300,"S"
"CTG","13:46:57",26.35,0.05,200,4223200,"B"
"CTG","13:46:56",26.4,0.1,2000,4223000,"S"
"CTG","13:46:45",26.35,0.05,100,4221000,"B"
"CTG","13:46:37",26.35,0.05,100,4220900,"B"
"CTG","13:46:36",26.35,0.05,1000,4220800,"B"
"CTG","13:46:35",26.4,0.1,10000,4219800,"S"
"CTG","13:46:33",26.35,0.05,200,4209800,"B"
"CTG","13:46:32",26.35,0.05,2900,4209600,"B"
"CTG","13:46:21",26.35,0.05,200,4206700,"B"
"CTG","13:46:20",26.35,0.05,2000,4206500,"B"
"CTG","13:46:19",26.4,0.1,20000,4204500,"S"
"CTG","13:45:51",26.35,0.05,100,4184500,"B"
"CTG","13:45:50",26.35,0.05,1300,4184400,"B"
"CTG","13:45:20",26.35,0.05,200,4183100,"B"
"CTG","13:45:19",26.4,0.1,2000,4182900,"S"
"CTG","13:44:55",26.35,0.05,100,4180900,"B"
"CTG","13:44:54",26.4,0.1,1000,4180800,"S"
"CTG","13:44:51",26.35,0.05,500,4179800,"B"
"CTG","13:44:50",26.4,0.1,5000,4179300,"S"
"CTG","13:44:38",26.4,0.1,100,4174300,"S"
"CTG","13:43:58",26.35,0.05,100,4174200,"B"
"CTG","13:43:57",26.4,0.1,1000,4174100,"S"
"CTG","13:43:56",26.35,0.05,100,4173100,"B"
"CTG","13:43:55",26.4,0.1,1000,4173000,"S"
"CTG","13:43:52",26.35,0.05,100,4172000,"B"
"CTG","13:43:51",26.35,0.05,1300,4171900,"B"
"CTG","13:43:42",26.35,0.05,900,4170600,"B"
"CTG","13:43:41",26.35,0.05,9500,4169700,"B"
"CTG","13:43:40",26.4,0.1,87800,4160200,"B"
"CTG","13:43:40",26.45,0.15,8000,4072400,"B"
"CTG","13:43:26",26.4,0.1,900,4064400,"B"
"CTG","13:43:25",26.4,0.1,9500,4063500,"B"
"CTG","13:43:21",26.4,0.1,200,4054000,"B"
"CTG","13:43:20",26.4,0.1,1200,4053800,"B"
"CTG","13:43:20",26.45,0.15,1400,4052600,"B"
"CTG","13:43:15",26.45,0.15,300,4051200,"B"
"CTG","13:43:14",26.45,0.15,3900,4050900,"B"
"CTG","13:43:13",26.45,0.15,1300,4047000,"B"
"CTG","13:43:09",26.45,0.15,100,4045700,"B"
"CTG","13:43:08",26.45,0.15,1000,4045600,"B"
"CTG","13:43:07",26.45,0.15,100,4044600,"B"
"CTG","13:43:06",26.45,0.15,1800,4044500,"B"
"CTG","13:43:05",26.45,0.15,18000,4042700,"B"
"CTG","13:43:04",26.45,0.15,200,4024700,"B"
"CTG","13:43:03",26.45,0.15,2800,4024500,"B"
"CTG","13:42:41",26.45,0.15,100,4021700,"B"
"CTG","13:42:40",26.5,0.2,1000,4021600,"S"
"CTG","13:42:24",26.45,0.15,200,4020600,"B"
"CTG","13:42:23",26.5,0.2,2000,4020400,"S"
"CTG","13:42:23",26.45,0.15,300,4018400,"B"
"CTG","13:42:22",26.45,0.15,3000,4018100,"B"
"CTG","13:42:21",26.45,0.15,30000,4015100,"B"
"CTG","13:42:11",26.45,0.15,100,3985100,"B"
"CTG","13:42:10",26.45,0.15,1300,3985000,"B"
"CTG","13:42:08",26.45,0.15,400,3983700,"B"
"CTG","13:42:04",26.45,0.15,300,3983300,"B"
"CTG","13:42:03",26.45,0.15,3100,3983000,"B"
"CTG","13:42:00",26.45,0.15,600,3979900,"B"
"CTG","13:41:59",26.5,0.2,6000,3979300,"S"
"CTG","13:41:58",26.45,0.15,200,3973300,"B"
"CTG","13:41:57",26.45,0.15,2600,3973100,"B"
"CTG","13:41:49",26.5,0.2,100,3970500,"S"
"CTG","13:41:18",26.45,0.15,100,3970400,"B"
"CTG","13:41:17",26.45,0.15,1300,3970300,"B"
"CTG","13:41:14",26.45,0.15,100,3969000,"B"
"CTG","13:41:13",26.45,0.15,1000,3968900,"B"
"CTG","13:40:46",26.45,0.15,100,3967900,"B"
"CTG","13:39:28",26.4,0.1,200,3967800,"B"
"CTG","13:39:27",26.5,0.2,2600,3967600,"S"
"CTG","13:39:26",26.4,0.1,400,3965000,"B"
"CTG","13:39:25",26.4,0.1,2200,3964600,"B"
"CTG","13:39:25",26.45,0.15,1900,3962400,"B"
"CTG","13:39:24",26.5,0.2,3100,3960500,"S"
"CTG","13:39:24",26.45,0.15,100,3957400,"B"
"CTG","13:39:23",26.45,0.15,1600,3957300,"S"
"CTG","13:39:20",26.4,0.1,200,3955700,"B"
"CTG","13:39:19",26.45,0.15,2600,3955500,"S"
"CTG","13:39:13",26.4,0.1,100,3952900,"B"
"CTG","13:39:12",26.4,0.1,200,3952800,"B"
"CTG","13:39:12",26.45,0.15,1300,3952600,"S"
"CTG","13:39:11",26.45,0.15,2400,3951300,"S"
"CTG","13:39:10",26.4,0.1,300,3948900,"B"
"CTG","13:39:09",26.45,0.15,3600,3948600,"S"
"CTG","13:39:06",26.4,0.1,200,3945000,"B"
"CTG","13:39:05",26.45,0.15,2800,3944800,"S"
"CTG","13:38:59",26.4,0.1,300,3942000,"B"
"CTG","13:38:58",26.45,0.15,3100,3941700,"S"
"CTG","13:38:57",26.4,0.1,300,3938600,"B"
"CTG","13:38:56",26.45,0.15,3600,3938300,"S"
"CTG","13:38:54",26.4,0.1,100,3934700,"B"
"CTG","13:38:53",26.45,0.15,1300,3934600,"S"
"CTG","13:38:44",26.4,0.1,200,3933300,"B"
"CTG","13:38:42",26.4,0.1,300,3930200,"B"
"CTG","13:38:41",26.4,0.1,100,3929900,"B"
"CTG","13:38:41",26.45,0.15,3600,3929800,"S"
"CTG","13:38:40",26.45,0.15,1300,3926200,"S"
"CTG","13:38:33",26.4,0.1,200,3924900,"B"
"CTG","13:38:32",26.45,0.15,2900,3924700,"S"
"CTG","13:38:27",26.4,0.1,300,3921800,"B"
"CTG","13:38:26",26.45,0.15,3600,3921500,"S"
"CTG","13:38:16",26.4,0.1,500,3917900,"B"
"CTG","13:38:15",26.4,0.1,5700,3917400,"S"
"CTG","13:38:07",26.4,0.1,200,3911700,"S"
"CTG","13:37:46",26.4,0.1,200,3911500,"S"
"CTG","13:37:40",26.35,0.05,200,3911300,"B"
"CTG","13:37:39",26.4,0.1,2000,3911100,"S"
"CTG","13:37:38",26.35,0.05,200,3909100,"B"
"CTG","13:37:38",26.4,0.1,100,3908900,"S"
"CTG","13:37:37",26.35,0.05,2400,3908800,"B"
"CTG","13:37:36",26.35,0.05,24200,3906400,"B"
"CTG","13:37:35",26.4,0.1,242300,3882200,"B"
"CTG","13:37:04",26.4,0.1,300,3639900,"B"
"CTG","13:37:03",26.45,0.15,3600,3639600,"S"
"CTG","13:36:42",26.45,0.15,100,3636000,"S"
"CTG","13:36:38",26.4,0.1,100,3635900,"B"
"CTG","13:36:37",26.45,0.15,1000,3635800,"S"
"CTG","13:36:37",26.4,0.1,100,3634800,"B"
"CTG","13:36:36",26.4,0.1,200,3634700,"B"
"CTG","13:36:36",26.45,0.15,800,3634500,"S"
"CTG","13:36:35",26.45,0.15,2000,3633700,"S"
"CTG","13:36:15",26.45,0.15,100,3631700,"S"
"CTG","13:36:06",26.4,0.1,800,3631600,"B"
"CTG","13:36:05",26.45,0.15,8000,3630800,"S"
"CTG","13:35:17",26.4,0.1,300,3622800,"B"
"CTG","13:35:16",26.4,0.1,3000,3622500,"B"
"CTG","13:35:15",26.45,0.15,6800,3619500,"S"
"CTG","13:35:14",26.45,0.15,23200,3612700,"S"
"CTG","13:35:01",26.45,0.15,500,3589500,"S"
"CTG","13:34:16",26.45,0.15,500,3589000,"S"
"CTG","13:33:50",26.4,0.1,500,3588500,"B"
"CTG","13:33:49",26.45,0.15,1500,3588000,"S"
"CTG","13:33:49",26.45,0.15,4200,3586500,"S"
"CTG","13:33:38",26.4,0.1,900,3582300,"B"
"CTG","13:33:30",26.4,0.1,100,3581400,"B"
"CTG","13:33:29",26.45,0.15,1000,3581300,"S"
"CTG","13:33:08",26.4,0.1,200,3580300,"B"
"CTG","13:33:07",26.4,0.1,2000,3580100,"B"
"CTG","13:33:06",26.45,0.15,20000,3578100,"S"
"CTG","13:32:59",26.45,0.15,100,3558100,"S"
"CTG","13:32:58",26.45,0.15,300,3558000,"S"
"CTG","13:32:42",26.4,0.1,100,3557700,"B"
"CTG","13:32:41",26.4,0.1,1000,3557600,"B"
"CTG","13:32:40",26.45,0.15,10000,3556600,"S"
"CTG","13:32:33",26.4,0.1,300,3546600,"B"
"CTG","13:32:32",26.4,0.1,3000,3546300,"B"
"CTG","13:32:31",26.45,0.15,30000,3543300,"S"
"CTG","13:32:19",26.45,0.15,100,3513300,"S"
"CTG","13:31:56",26.4,0.1,100,3513200,"B"
"CTG","13:31:55",26.4,0.1,1000,3513100,"B"
"CTG","13:31:51",26.4,0.1,200,3512100,"B"
"CTG","13:31:42",26.4,0.1,100,3511900,"B"
"CTG","13:31:40",26.4,0.1,200,3511800,"B"
"CTG","13:31:29",26.4,0.1,100,3511600,"B"
"CTG","13:31:28",26.4,0.1,1000,3511500,"B"
"CTG","13:31:26",26.45,0.15,500,3510500,"S"
"CTG","13:31:17",26.4,0.1,100,3510000,"B"
"CTG","13:31:16",26.4,0.1,1400,3509900,"B"
"CTG","13:31:06",26.4,0.1,300,3508500,"B"
"CTG","13:31:05",26.45,0.15,3000,3508200,"S"
"CTG","13:30:53",26.4,0.1,300,3505200,"B"
"CTG","13:30:52",26.45,0.15,3500,3504900,"S"
"CTG","13:30:36",26.45,0.15,100,3501400,"S"
"CTG","13:30:30",26.45,0.15,100,3501300,"S"
"CTG","13:29:59",26.4,0.1,300,3501200,"B"
"CTG","13:29:58",26.45,0.15,3600,3500900,"S"
"CTG","13:29:43",26.45,0.15,100,3497300,"S"
"CTG","13:29:43",26.4,0.1,100,3497200,"B"
"CTG","13:29:42",26.4,0.1,1900,3497100,"B"
"CTG","13:29:41",26.45,0.15,19800,3495200,"S"
"CTG","13:29:34",26.4,0.1,100,3475400,"B"
"CTG","13:29:33",26.4,0.1,1000,3475300,"B"
"CTG","13:29:32",26.45,0.15,10000,3474300,"S"
"CTG","13:29:22",26.4,0.1,300,3464300,"B"
"CTG","13:29:21",26.4,0.1,3000,3464000,"B"
"CTG","13:29:20",26.45,0.15,30000,3461000,"S"
"CTG","13:29:01",26.4,0.1,200,3431000,"B"
"CTG","13:29:00",26.4,0.1,2000,3430800,"B"
"CTG","13:28:58",26.4,0.1,100,3428800,"B"
"CTG","13:28:57",26.4,0.1,1000,3428700,"B"
"CTG","13:28:48",26.4,0.1,600,3427700,"B"
"CTG","13:28:47",26.4,0.1,6700,3427100,"B"
"CTG","13:28:46",26.45,0.15,27000,3420400,"S"
"CTG","13:28:41",26.45,0.15,200,3393400,"S"
"CTG","13:28:13",26.4,0.1,100,3393200,"B"
"CTG","13:28:12",26.45,0.15,1000,3393100,"S"
"CTG","13:27:27",26.45,0.15,300,3392100,"S"
"CTG","13:27:16",26.45,0.15,400,3391800,"S"
"CTG","13:26:55",26.45,0.15,600,3391400,"S"
"CTG","13:26:38",26.45,0.15,100,3390800,"S"
"CTG","13:25:59",26.4,0.1,600,3390700,"B"
"CTG","13:25:45",26.4,0.1,100,3390100,"B"
"CTG","13:25:44",26.45,0.15,1000,3390000,"S"
"CTG","13:25:21",26.4,0.1,500,3389000,"B"
"CTG","13:25:20",26.45,0.15,5000,3388500,"S"
"CTG","13:25:04",26.4,0.1,200,3383500,"B"
"CTG","13:25:03",26.45,0.15,2000,3383300,"S"
"CTG","13:25:02",26.4,0.1,100,3381300,"B"
"CTG","13:24:59",26.4,0.1,100,3381200,"B"
"CTG","13:24:58",26.4,0.1,1000,3381100,"B"
"CTG","13:24:56",26.4,0.1,100,3380100,"B"
"CTG","13:24:55",26.4,0.1,1500,3380000,"B"
"CTG","13:24:53",26.4,0.1,200,3378500,"B"
"CTG","13:24:52",26.4,0.1,2800,3378300,"B"
"CTG","13:24:51",26.4,0.1,22000,3375500,"B"
"CTG","13:24:51",26.4,0.1,6000,3353500,"B"
"CTG","13:24:47",26.4,0.1,200,3347500,"B"
"CTG","13:24:46",26.4,0.1,2000,3347300,"B"
"CTG","13:24:03",26.4,0.1,300,3345300,"B"
"CTG","13:24:02",26.45,0.15,3800,3345000,"S"
"CTG","13:23:51",26.45,0.15,500,3341200,"S"
"CTG","13:23:19",26.4,0.1,800,3340700,"B"
"CTG","13:23:18",26.45,0.15,8600,3339900,"S"
"CTG","13:23:16",26.45,0.15,100,3331300,"S"
"CTG","13:23:15",26.45,0.15,200,3331200,"S"
"CTG","13:23:13",26.4,0.1,300,3331000,"B"
"CTG","13:23:12",26.4,0.1,3700,3330700,"B"
"CTG","13:23:11",26.45,0.15,37100,3327000,"B"
"CTG","13:23:06",26.45,0.15,100,3289900,"B"
"CTG","13:22:48",26.45,0.15,500,3289800,"B"
"CTG","13:22:47",26.5,0.2,5000,3289300,"S"
"CTG","13:22:32",26.45,0.15,300,3284300,"B"
"CTG","13:22:31",26.45,0.15,3000,3284000,"B"
"CTG","13:22:18",26.45,0.15,500,3281000,"B"
"CTG","13:22:17",26.45,0.15,5300,3280500,"B"
"CTG","13:22:16",26.45,0.15,53300,3275200,"S"
"CTG","13:22:13",26.45,0.15,100,3221900,"S"
"CTG","13:21:59",26.4,0.1,500,3221800,"B"
"CTG","13:21:58",26.45,0.15,5000,3221300,"S"
"CTG","13:21:14",26.4,0.1,300,3216300,"B"
"CTG","13:21:13",26.4,0.1,3000,3216000,"B"
"CTG","13:21:12",26.4,0.1,100,3213000,"B"
"CTG","13:21:12",26.45,0.15,30000,3212900,"S"
"CTG","13:21:11",26.4,0.1,1600,3182900,"B"
"CTG","13:21:10",26.4,0.1,16100,3181300,"B"
"CTG","13:21:09",26.45,0.15,161700,3165200,"B"
"CTG","13:21:01",26.45,0.15,500,3003500,"B"
"CTG","13:21:00",26.5,0.2,5000,3003000,"S"
"CTG","13:21:00",26.45,0.15,200,2998000,"B"
"CTG","13:20:59",26.45,0.15,2000,2997800,"B"
"CTG","13:20:28",26.45,0.15,100,2995800,"B"
"CTG","13:20:27",26.45,0.15,1300,2995700,"B"
"CTG","13:20:26",26.45,0.15,500,2994400,"B"
"CTG","13:20:26",26.5,0.2,13000,2993900,"S"
"CTG","13:20:25",26.5,0.2,5000,2980900,"S"
"CTG","13:20:22",26.5,0.2,100,2975900,"S"
"CTG","13:19:51",26.5,0.2,100,2975800,"S"
"CTG","13:19:51",26.45,0.15,300,2975700,"B"
"CTG","13:19:50",26.5,0.2,3000,2975400,"S"
"CTG","13:19:47",26.45,0.15,700,2972400,"B"
"CTG","13:19:46",26.5,0.2,7500,2971700,"S"
"CTG","13:19:40",26.45,0.15,300,2964200,"B"
"CTG","13:19:39",26.5,0.2,3000,2963900,"S"
"CTG","13:19:35",26.45,0.15,500,2960900,"B"
"CTG","13:19:34",26.5,0.2,5000,2960400,"S"
"CTG","13:18:58",26.5,0.2,100,2955400,"S"
"CTG","13:18:55",26.5,0.2,100,2955300,"S"
"CTG","13:18:39",26.5,0.2,900,2955200,"S"
"CTG","13:17:57",26.5,0.2,500,2954300,"S"
"CTG","13:17:55",26.45,0.15,200,2953800,"B"
"CTG","13:17:54",26.45,0.15,2600,2953600,"B"
"CTG","13:17:53",26.5,0.2,26800,2951000,"S"
"CTG","13:17:51",26.45,0.15,300,2924200,"B"
"CTG","13:17:50",26.5,0.2,3000,2923900,"S"
"CTG","13:17:45",26.5,0.2,200,2920900,"S"
"CTG","13:17:33",26.5,0.2,300,2920700,"S"
"CTG","13:17:17",26.5,0.2,100,2920400,"S"
"CTG","13:17:10",26.5,0.2,200,2920300,"S"
"CTG","13:17:10",26.45,0.15,200,2920100,"B"
"CTG","13:17:09",26.45,0.15,2000,2919900,"B"
"CTG","13:16:54",26.5,0.2,100,2917900,"S"
"CTG","13:16:43",26.45,0.15,500,2917800,"B"
"CTG","13:16:41",26.45,0.15,5100,2917300,"B"
"CTG","13:16:40",26.5,0.2,50000,2912200,"S"
"CTG","13:15:45",26.45,0.15,100,2862200,"B"
"CTG","13:15:44",26.45,0.15,1500,2862100,"B"
"CTG","13:15:27",26.45,0.15,600,2860600,"B"
"CTG","13:15:25",26.45,0.15,100,2860000,"B"
"CTG","13:15:24",26.45,0.15,1000,2859900,"B"
"CTG","13:15:23",26.45,0.15,10000,2858900,"B"
"CTG","13:15:18",26.45,0.15,200,2848900,"B"
"CTG","13:13:57",26.45,0.15,400,2848700,"B"
"CTG","13:13:55",26.45,0.15,100,2848300,"B"
"CTG","13:13:54",26.45,0.15,1800,2848200,"B"
"CTG","13:13:53",26.45,0.15,18100,2846400,"B"
"CTG","13:13:49",26.45,0.15,500,2828300,"B"
"CTG","13:13:48",26.45,0.15,5000,2827800,"B"
"CTG","13:13:45",26.45,0.15,200,2822800,"B"
"CTG","13:13:44",26.5,0.2,2500,2822600,"S"
"CTG","13:13:39",26.45,0.15,700,2820100,"B"
"CTG","13:13:37",26.45,0.15,300,2819400,"B"
"CTG","13:13:36",26.45,0.15,3600,2819100,"B"
"CTG","13:13:09",26.45,0.15,200,2815500,"B"
"CTG","13:13:08",26.45,0.15,2000,2815300,"B"
"CTG","13:13:00",26.45,0.15,300,2813300,"S"
"CTG","13:12:55",26.45,0.15,500,2813000,"S"
"CTG","13:12:53",26.45,0.15,500,2812500,"S"
"CTG","13:12:52",26.4,0.1,200,2812000,"B"
"CTG","13:12:51",26.4,0.1,1000,2811800,"B"
"CTG","13:12:51",26.4,0.1,1000,2810800,"B"
"CTG","13:12:50",26.4,0.1,400,2809800,"B"
"CTG","13:12:50",26.45,0.15,20000,2809400,"S"
"CTG","13:12:49",26.4,0.1,4100,2789400,"B"
"CTG","13:12:49",26.45,0.15,500,2785300,"S"
"CTG","13:12:48",26.45,0.15,400,2784800,"S"
"CTG","13:12:47",26.45,0.15,200,2784400,"S"
"CTG","13:12:39",26.45,0.15,500,2784200,"S"
"CTG","13:12:36",26.4,0.1,300,2783700,"B"
"CTG","13:12:35",26.4,0.1,3000,2783400,"B"
"CTG","13:12:34",26.45,0.15,30000,2780400,"S"
"CTG","13:12:25",26.4,0.1,500,2750400,"B"
"CTG","13:12:24",26.45,0.15,5000,2749900,"S"
"CTG","13:12:12",26.4,0.1,100,2744900,"B"
"CTG","13:12:11",26.4,0.1,1300,2744800,"B"
"CTG","13:12:10",26.45,0.15,13200,2743500,"S"
"CTG","13:12:01",26.4,0.1,200,2730300,"B"
"CTG","13:12:00",26.45,0.15,2000,2730100,"S"
"CTG","13:11:55",26.4,0.1,100,2728100,"B"
"CTG","13:11:54",26.45,0.15,1000,2728000,"S"
"CTG","13:11:47",26.45,0.15,100,2727000,"S"
"CTG","13:11:43",26.45,0.15,500,2726900,"S"
"CTG","13:11:06",26.4,0.1,100,2726400,"B"
"CTG","13:11:05",26.4,0.1,1000,2726300,"B"
"CTG","13:10:59",26.4,0.1,400,2725300,"B"
"CTG","13:10:39",26.4,0.1,200,2724900,"B"
"CTG","13:10:38",26.4,0.1,2000,2724700,"B"
"CTG","13:10:37",26.45,0.15,20000,2722700,"S"
"CTG","13:10:26",26.45,0.15,200,2702700,"S"
"CTG","13:10:25",26.4,0.1,100,2702500,"B"
"CTG","13:10:24",26.4,0.1,1400,2702400,"B"
"CTG","13:10:23",26.4,0.1,2000,2701000,"B"
"CTG","13:10:23",26.45,0.15,12000,2699000,"S"
"CTG","13:10:22",26.45,0.15,20000,2687000,"S"
"CTG","13:10:17",26.4,0.1,200,2667000,"B"
"CTG","13:10:16",26.45,0.15,2000,2666800,"S"
"CTG","13:10:14",26.4,0.1,2000,2664600,"B"
"CTG","13:10:13",26.45,0.15,20000,2662600,"S"
"CTG","13:09:58",26.4,0.1,100,2642600,"B"
"CTG","13:09:57",26.45,0.15,1300,2642500,"S"
"CTG","13:09:49",26.45,0.15,100,2641200,"S"
"CTG","13:09:42",26.4,0.1,300,2641100,"B"
"CTG","13:09:40",26.45,0.15,3600,2640800,"S"
"CTG","13:09:39",26.4,0.1,100,2637200,"B"
"CTG","13:09:38",26.4,0.1,1000,2637100,"B"
"CTG","13:09:37",26.45,0.15,300,2636100,"S"
"CTG","13:09:27",26.4,0.1,100,2635800,"B"
"CTG","13:09:26",26.4,0.1,1100,2635700,"B"
"CTG","13:09:25",26.45,0.15,5000,2634600,"S"
"CTG","13:09:25",26.4,0.1,6300,2629600,"B"
"CTG","13:09:24",26.4,0.1,12100,2623300,"B"
"CTG","13:09:20",26.4,0.1,200,2611200,"B"
"CTG","13:09:19",26.4,0.1,2000,2611000,"B"
"CTG","13:09:18",26.45,0.15,20000,2609000,"S"
"CTG","13:08:49",26.4,0.1,300,2589000,"B"
"CTG","13:08:47",26.45,0.15,3600,2588700,"S"
"CTG","13:08:42",26.4,0.1,600,2585100,"B"
"CTG","13:08:41",26.45,0.15,6800,2584500,"S"
"CTG","13:08:21",26.4,0.1,100,2577700,"B"
"CTG","13:08:20",26.45,0.15,1000,2577600,"S"
"CTG","13:08:05",26.4,0.1,100,2576600,"B"
"CTG","13:08:04",26.45,0.15,1300,2576500,"S"
"CTG","13:08:02",26.45,0.15,100,2575200,"S"
"CTG","13:07:54",26.4,0.1,500,2575100,"B"
"CTG","13:07:53",26.4,0.1,5900,2574600,"B"
"CTG","13:07:52",26.45,0.15,59100,2568700,"B"
"CTG","13:07:31",26.45,0.15,600,2509600,"B"
"CTG","13:07:30",26.45,0.15,500,2509000,"B"
"CTG","13:07:29",26.45,0.15,5800,2508500,"B"
"CTG","13:07:22",26.45,0.15,100,2502700,"B"
"CTG","13:07:21",26.5,0.2,1000,2502600,"S"
"CTG","13:07:18",26.45,0.15,800,2501600,"B"
"CTG","13:07:15",26.45,0.15,100,2500800,"B"
"CTG","13:07:11",26.45,0.15,100,2500700,"B"
"CTG","13:07:10",26.45,0.15,1000,2500600,"B"
"CTG","13:07:06",26.45,0.15,200,2499600,"B"
"CTG","13:06:35",26.45,0.15,100,2499400,"B"
"CTG","13:06:34",26.45,0.15,100,2499300,"B"
"CTG","13:06:23",26.45,0.15,100,2496600,"B"
"CTG","13:06:22",26.5,0.2,1300,2496500,"S"
"CTG","13:06:18",26.45,0.15,100,2495200,"B"
"CTG","13:06:17",26.5,0.2,100,2495100,"S"
"CTG","13:06:03",26.45,0.15,400,2495000,"S"
"CTG","13:06:02",26.4,0.1,900,2494600,"B"
"CTG","13:06:01",26.45,0.15,9600,2493700,"B"
"CTG","13:05:57",26.5,0.2,100,2484100,"S"
"CTG","13:05:56",26.45,0.15,100,2484000,"B"
"CTG","13:05:55",26.45,0.15,1100,2483900,"B"
"CTG","13:05:47",26.45,0.15,800,2482800,"B"
"CTG","13:05:46",26.5,0.2,8000,2482000,"S"
"CTG","13:05:38",26.5,0.2,200,2474000,"S"
"CTG","13:05:36",26.45,0.15,100,2473800,"B"
"CTG","13:05:35",26.45,0.15,1000,2473700,"B"
"CTG","13:05:34",26.5,0.2,10000,2472700,"S"
"CTG","13:05:26",26.5,0.2,700,2462700,"S"
"CTG","13:05:09",26.5,0.2,100,2462000,"S"
"CTG","13:05:03",26.45,0.15,500,2461900,"B"
"CTG","13:05:02",26.45,0.15,5000,2461400,"B"
"CTG","13:04:48",26.5,0.2,100,2456400,"S"
"CTG","13:04:44",26.45,0.15,200,2456300,"B"
"CTG","13:04:42",26.45,0.15,2400,2456100,"S"
"CTG","13:04:41",26.45,0.15,100,2453700,"S"
"CTG","13:04:33",26.45,0.15,800,2453600,"S"
"CTG","13:04:32",26.45,0.15,100,2452800,"S"
"CTG","13:04:29",26.4,0.1,100,2452700,"B"
"CTG","13:04:28",26.45,0.15,1000,2452600,"S"
"CTG","13:04:26",26.45,0.15,600,2451600,"B"
"CTG","13:04:23",26.5,0.2,100,2451000,"S"
"CTG","13:04:15",26.45,0.15,200,2450900,"B"
"CTG","13:04:14",26.45,0.15,2100,2450700,"B"
"CTG","13:04:13",26.45,0.15,2100,2448600,"S"
"CTG","13:04:10",26.4,0.1,300,2446500,"B"
"CTG","13:03:54",26.45,0.15,100,2443100,"S"
"CTG","13:03:51",26.4,0.1,300,2443000,"B"
"CTG","13:03:49",26.45,0.15,3600,2442700,"S"
"CTG","13:03:33",26.4,0.1,100,2439100,"B"
"CTG","13:03:31",26.45,0.15,1000,2439000,"S"
"CTG","13:03:12",26.45,0.15,900,2438000,"S"
"CTG","13:01:12",26.45,0.15,500,2437100,"S"
"CTG","13:01:05",26.4,0.1,100,2436600,"B"
"CTG","13:01:04",26.4,0.1,1100,2436500,"B"
"CTG","13:00:57",26.4,0.1,100,2435400,"B"
"CTG","13:00:56",26.4,0.1,1200,2435300,"B"
"CTG","13:00:55",26.4,0.1,12000,2434100,"B"
"CTG","13:00:33",26.4,0.1,600,2422100,"B"
"CTG","13:00:32",26.4,0.1,6000,2421500,"B"
"CTG","13:00:31",26.45,0.15,300,2415500,"S"
"CTG","13:00:22",26.4,0.1,100,2415200,"B"
"CTG","13:00:10",26.4,0.1,400,2415100,"B"
"CTG","13:00:09",26.45,0.15,1300,2414700,"S"
"CTG","13:00:07",26.4,0.1,200,2413400,"B"
"CTG","13:00:06",26.4,0.1,2000,2413200,"B"
"CTG","13:00:04",26.4,0.1,100,2411200,"B"
"CTG","13:00:04",26.45,0.15,20000,2411100,"S"
"CTG","13:00:02",26.4,0.1,1300,2391100,"B"
"CTG","13:00:02",26.45,0.15,100,2389800,"S"
"CTG","13:00:01",26.4,0.1,100,2389700,"B"
"CTG","11:29:51",26.4,0.1,500,2389600,"B"
"CTG","11:29:41",26.4,0.1,500,2389100,"B"
"CTG","11:29:26",26.4,0.1,100,2388600,"B"
"CTG","11:29:13",26.4,0.1,100,2388500,"B"
"CTG","11:29:11",26.45,0.15,1300,2388400,"S"
"CTG","11:28:51",26.4,0.1,200,2387100,"B"
"CTG","11:28:50",26.4,0.1,2200,2386900,"B"
"CTG","11:28:49",26.4,0.1,22000,2384700,"B"
"CTG","11:28:21",26.4,0.1,200,2362700,"B"
"CTG","11:28:20",26.45,0.15,1300,2362500,"S"
"CTG","11:28:20",26.45,0.15,1300,2361200,"S"
"CTG","11:28:19",26.4,0.1,500,2359900,"B"
"CTG","11:28:19",26.45,0.15,2600,2359400,"S"
"CTG","11:28:18",26.45,0.15,2600,2356800,"S"
"CTG","11:27:56",26.4,0.1,400,2354200,"B"
"CTG","11:27:49",26.4,0.1,300,2353800,"B"
"CTG","11:27:48",26.45,0.15,3600,2353500,"S"
"CTG","11:27:46",26.4,0.1,500,2349900,"B"
"CTG","11:27:37",26.4,0.1,500,2349400,"B"
"CTG","11:27:33",26.4,0.1,500,2348900,"B"
"CTG","11:26:43",26.4,0.1,300,2348400,"B"
"CTG","11:26:42",26.45,0.15,3600,2348100,"S"
"CTG","11:26:41",26.4,0.1,400,2344500,"B"
"CTG","11:26:36",26.4,0.1,100,2344100,"B"
"CTG","11:26:35",26.45,0.15,1300,2344000,"S"
"CTG","11:26:31",26.4,0.1,500,2342700,"B"
"CTG","11:26:22",26.4,0.1,500,2342200,"B"
"CTG","11:26:17",26.4,0.1,500,2341700,"B"
"CTG","11:26:05",26.4,0.1,100,2341200,"B"
"CTG","11:26:04",26.4,0.1,1500,2341100,"B"
"CTG","11:25:26",26.4,0.1,400,2339600,"B"
"CTG","11:25:16",26.4,0.1,500,2339200,"B"
"CTG","11:25:07",26.4,0.1,500,2338700,"B"
"CTG","11:25:03",26.4,0.1,500,2338200,"B"
"CTG","11:24:09",26.4,0.1,400,2337700,"B"
"CTG","11:23:59",26.4,0.1,500,2337300,"B"
"CTG","11:23:48",26.4,0.1,500,2336800,"B"
"CTG","11:23:44",26.4,0.1,500,2336300,"B"
"CTG","11:22:54",26.45,0.15,100,2335800,"S"
"CTG","11:22:50",26.4,0.1,400,2335700,"B"
"CTG","11:22:44",26.45,0.15,100,2335300,"S"
"CTG","11:22:40",26.4,0.1,500,2335200,"B"
"CTG","11:22:34",26.45,0.15,100,2334700,"S"
"CTG","11:22:29",26.4,0.1,500,2334600,"B"
"CTG","11:22:28",26.45,0.15,100,2334100,"S"
"CTG","11:22:26",26.4,0.1,500,2334000,"B"
"CTG","11:22:17",26.45,0.15,200,2333500,"S"
"CTG","11:21:55",26.45,0.15,100,2333300,"S"
"CTG","11:21:51",26.4,0.1,300,2333200,"B"
"CTG","11:21:51",26.45,0.15,3600,2332900,"S"
"CTG","11:21:49",26.45,0.15,200,2329300,"S"
"CTG","11:21:47",26.45,0.15,100,2329100,"S"
"CTG","11:21:43",26.4,0.1,100,2329000,"B"
"CTG","11:21:42",26.45,0.15,1900,2328900,"S"
"CTG","11:21:40",26.45,0.15,100,2327000,"S"
"CTG","11:21:38",26.4,0.1,300,2326900,"B"
"CTG","11:21:38",26.45,0.15,3600,2326600,"S"
"CTG","11:21:32",26.4,0.1,400,2323000,"B"
"CTG","11:21:29",26.45,0.15,100,2322600,"S"
"CTG","11:21:24",26.4,0.1,300,2322500,"B"
"CTG","11:21:23",26.45,0.15,3600,2322200,"S"
"CTG","11:21:22",26.4,0.1,500,2318600,"B"
"CTG","11:21:21",26.4,0.1,200,2318100,"B"
"CTG","11:21:21",26.45,0.15,2800,2317900,"S"
"CTG","11:21:19",26.45,0.15,100,2315100,"S"
"CTG","11:21:12",26.4,0.1,500,2315000,"B"
"CTG","11:21:08",26.4,0.1,500,2314500,"B"
"CTG","11:21:07",26.45,0.15,100,2314000,"S"
"CTG","11:20:57",26.35,0.05,300,2313900,"B"
"CTG","11:20:56",26.45,0.15,3600,2313600,"S"
"CTG","11:20:52",26.45,0.15,100,2310000,"S"
"CTG","11:20:46",26.35,0.05,300,2309900,"B"
"CTG","11:20:46",26.45,0.15,100,2309600,"S"
"CTG","11:20:45",26.45,0.15,3600,2309500,"S"
"CTG","11:20:03",26.45,0.15,100,2305900,"S"
"CTG","11:20:01",26.35,0.05,800,2305800,"B"
"CTG","11:19:52",26.35,0.05,100,2305000,"B"
"CTG","11:19:52",26.45,0.15,100,2304900,"S"
"CTG","11:19:52",26.35,0.05,900,2304800,"B"
"CTG","11:19:52",26.4,0.1,100,2303900,"B"
"CTG","11:19:43",26.35,0.05,100,2303800,"B"
"CTG","11:19:42",26.35,0.05,1000,2303700,"B"
"CTG","11:19:39",26.35,0.05,100,2302700,"B"
"CTG","11:19:38",26.35,0.05,900,2302600,"B"
"CTG","11:19:38",26.4,0.1,100,2301700,"B"
"CTG","11:19:36",26.4,0.1,100,2301600,"B"
"CTG","11:19:33",26.4,0.1,200,2301500,"S"
"CTG","11:19:32",26.35,0.05,200,2301300,"B"
"CTG","11:19:29",26.35,0.05,200,2301100,"B"
"CTG","11:19:26",26.35,0.05,200,2300900,"B"
"CTG","11:19:16",26.35,0.05,100,2300700,"B"
"CTG","11:19:02",26.4,0.1,100,2299400,"S"
"CTG","11:18:52",26.35,0.05,700,2299300,"B"
"CTG","11:18:52",26.4,0.1,7900,2298600,"S"
"CTG","11:18:46",26.35,0.05,800,2290700,"B"
"CTG","11:18:37",26.35,0.05,100,2289900,"B"
"CTG","11:18:37",26.35,0.05,1000,2289800,"B"
"CTG","11:18:31",26.4,0.1,100,2288800,"S"
"CTG","11:18:27",26.35,0.05,100,2288700,"B"
"CTG","11:18:26",26.35,0.05,1000,2288600,"B"
"CTG","11:18:23",26.35,0.05,100,2287600,"B"
"CTG","11:18:23",26.35,0.05,1000,2287500,"B"
"CTG","11:17:31",26.35,0.05,800,2286500,"B"
"CTG","11:17:22",26.35,0.05,100,2285700,"B"
"CTG","11:17:21",26.35,0.05,1000,2285600,"B"
"CTG","11:17:13",26.35,0.05,100,2284600,"B"
"CTG","11:17:12",26.35,0.05,1000,2284500,"B"
"CTG","11:17:08",26.35,0.05,100,2283500,"B"
"CTG","11:17:07",26.35,0.05,1000,2283400,"B"
"CTG","11:17:01",26.4,0.1,100,2282400,"S"
"CTG","11:16:25",26.4,0.1,100,2282300,"S"
"CTG","11:16:22",26.4,0.1,200,2282200,"S"
"CTG","11:16:16",26.35,0.05,800,2282000,"B"
"CTG","11:16:07",26.35,0.05,100,2281200,"B"
"CTG","11:16:06",26.35,0.05,1000,2281100,"B"
"CTG","11:16:06",26.4,0.1,100,2280100,"S"
"CTG","11:15:57",26.35,0.05,100,2280000,"B"
"CTG","11:15:57",26.35,0.05,1000,2279900,"B"
"CTG","11:15:53",26.35,0.05,100,2278900,"B"
"CTG","11:15:53",26.35,0.05,1000,2278800,"B"
"CTG","11:15:46",26.35,0.05,500,2277800,"B"
"CTG","11:15:46",26.4,0.1,5000,2277300,"S"
"CTG","11:15:42",26.35,0.05,100,2272300,"B"
"CTG","11:15:42",26.35,0.05,1400,2272200,"B"
"CTG","11:15:41",26.35,0.05,300,2270800,"B"
"CTG","11:15:41",26.4,0.1,100,2270500,"S"
"CTG","11:15:40",26.4,0.1,17400,2270400,"S"
"CTG","11:15:34",26.35,0.05,500,2253000,"B"
"CTG","11:15:32",26.4,0.1,5000,2252500,"S"
"CTG","11:15:02",26.4,0.1,500,2247500,"S"
"CTG","11:15:01",26.35,0.05,800,2247000,"B"
"CTG","11:15:00",26.35,0.05,100,2246200,"B"
"CTG","11:14:59",26.35,0.05,1000,2246100,"B"
"CTG","11:14:58",26.35,0.05,10000,2245100,"B"
"CTG","11:14:57",26.4,0.1,100000,2235100,"S"
"CTG","11:14:52",26.35,0.05,100,2135100,"B"
"CTG","11:14:51",26.35,0.05,1000,2135000,"B"
"CTG","11:14:42",26.35,0.05,100,2134000,"B"
"CTG","11:14:41",26.35,0.05,1500,2133900,"B"
"CTG","11:14:40",26.4,0.1,5800,2132400,"S"
"CTG","11:14:38",26.35,0.05,100,2126600,"B"
"CTG","11:14:38",26.35,0.05,1000,2126500,"B"
"CTG","11:14:35",26.4,0.1,100,2125500,"S"
"CTG","11:14:14",26.4,0.1,200,2125400,"S"
"CTG","11:14:03",26.35,0.05,300,2125200,"B"
"CTG","11:14:03",26.4,0.1,3600,2124900,"S"
"CTG","11:13:45",26.35,0.05,800,2121300,"B"
"CTG","11:13:35",26.35,0.05,100,2120500,"B"
"CTG","11:13:35",26.35,0.05,1000,2120400,"B"
"CTG","11:13:25",26.35,0.05,1100,2119400,"B"
"CTG","11:13:21",26.35,0.05,100,2118300,"B"
"CTG","11:13:20",26.35,0.05,1000,2118200,"B"
"CTG","11:13:02",26.35,0.05,100,2117200,"B"
"CTG","11:13:00",26.4,0.1,1000,2117100,"S"
"CTG","11:12:54",26.4,0.1,100,2116100,"S"
"CTG","11:12:46",26.35,0.05,400,2116000,"B"
"CTG","11:12:45",26.4,0.1,4600,2115600,"S"
"CTG","11:12:27",26.35,0.05,800,2111000,"B"
"CTG","11:12:25",26.35,0.05,100,2110200,"B"
"CTG","11:12:24",26.35,0.05,1000,2110100,"B"
"CTG","11:12:23",26.35,0.05,10300,2109100,"B"
"CTG","11:12:23",26.4,0.1,103400,2098800,"B"
"CTG","11:12:18",26.4,0.1,100,1995400,"B"
"CTG","11:12:17",26.4,0.1,1000,1995300,"B"
"CTG","11:12:10",26.4,0.1,300,1994300,"B"
"CTG","11:12:09",26.45,0.15,3600,1994000,"S"
"CTG","11:12:07",26.4,0.1,1000,1990300,"B"
"CTG","11:12:04",26.4,0.1,400,1989300,"B"
"CTG","11:12:03",26.45,0.15,3000,1988900,"S"
"CTG","11:12:03",26.4,0.1,1000,1985900,"B"
"CTG","11:11:56",26.4,0.1,200,1984900,"B"
"CTG","11:11:55",26.45,0.15,2000,1984700,"S"
"CTG","11:11:30",26.4,0.1,300,1982700,"B"
"CTG","11:11:29",26.45,0.15,3600,1982400,"S"
"CTG","11:11:15",26.4,0.1,100,1978800,"B"
"CTG","11:11:14",26.45,0.15,1300,1978700,"S"
"CTG","11:11:08",26.4,0.1,800,1977400,"B"
"CTG","11:10:59",26.4,0.1,100,1976600,"B"
"CTG","11:10:58",26.4,0.1,1000,1976500,"B"
"CTG","11:10:58",26.45,0.15,300,1975500,"S"
"CTG","11:10:53",26.4,0.1,300,1975200,"B"
"CTG","11:10:50",26.45,0.15,3600,1974900,"S"
"CTG","11:10:49",26.4,0.1,100,1971300,"B"
"CTG","11:10:48",26.4,0.1,1000,1971200,"B"
"CTG","11:10:45",26.4,0.1,100,1970200,"B"
"CTG","11:10:44",26.4,0.1,1000,1970100,"B"
"CTG","11:10:19",26.4,0.1,400,1969100,"B"
"CTG","11:10:18",26.45,0.15,4000,1968700,"S"
"CTG","11:10:16",26.4,0.1,100,1964700,"B"
"CTG","11:10:12",26.4,0.1,100,1964600,"B"
"CTG","11:10:01",26.4,0.1,100,1964500,"B"
"CTG","11:10:00",26.45,0.15,1000,1964400,"S"
"CTG","11:09:59",26.4,0.1,600,1963400,"B"
"CTG","11:09:58",26.45,0.15,6200,1962800,"S"
"CTG","11:09:49",26.4,0.1,800,1956600,"B"
"CTG","11:09:48",26.45,0.15,600,1955800,"S"
"CTG","11:09:46",26.4,0.1,400,1955200,"B"
"CTG","11:09:45",26.45,0.15,4000,1954800,"S"
"CTG","11:09:39",26.4,0.1,100,1950800,"B"
"CTG","11:09:38",26.4,0.1,1000,1950700,"B"
"CTG","11:09:32",26.4,0.1,300,1949700,"B"
"CTG","11:09:31",26.45,0.15,3600,1949400,"S"
"CTG","11:09:29",26.4,0.1,1100,1945800,"B"
"CTG","11:09:25",26.4,0.1,100,1944700,"B"
"CTG","11:09:24",26.4,0.1,1000,1944600,"B"
"CTG","11:09:23",26.4,0.1,200,1943600,"B"
"CTG","11:09:22",26.4,0.1,300,1943400,"B"
"CTG","11:09:22",26.45,0.15,2600,1943100,"S"
"CTG","11:09:21",26.45,0.15,3900,1940500,"S"
"CTG","11:09:20",26.4,0.1,200,1936600,"B"
"CTG","11:09:20",26.45,0.15,2600,1936400,"S"
"CTG","11:09:10",26.4,0.1,100,1933800,"B"
"CTG","11:09:09",26.4,0.1,1000,1933700,"B"
"CTG","11:08:31",26.4,0.1,800,1932700,"B"
"CTG","11:08:24",26.4,0.1,100,1931900,"B"
"CTG","11:08:21",26.4,0.1,1000,1931800,"B"
"CTG","11:08:12",26.4,0.1,100,1930800,"B"
"CTG","11:08:11",26.4,0.1,1000,1930700,"B"
"CTG","11:08:08",26.4,0.1,100,1929700,"B"
"CTG","11:08:07",26.4,0.1,1000,1929600,"B"
"CTG","11:08:01",26.4,0.1,200,1928600,"B"
"CTG","11:08:01",26.4,0.1,2200,1928400,"B"
"CTG","11:07:21",26.4,0.1,200,1926200,"B"
"CTG","11:07:16",26.4,0.1,800,1926000,"B"
"CTG","11:07:15",26.45,0.15,8000,1925200,"S"
"CTG","11:07:13",26.4,0.1,800,1917200,"B"
"CTG","11:07:04",26.4,0.1,100,1916400,"B"
"CTG","11:07:03",26.4,0.1,1000,1916300,"B"
"CTG","11:07:00",26.45,0.15,500,1915300,"S"
"CTG","11:06:55",26.4,0.1,100,1914800,"B"
"CTG","11:06:54",26.4,0.1,1000,1914700,"B"
"CTG","11:06:51",26.4,0.1,100,1913700,"B"
"CTG","11:06:50",26.4,0.1,100,1913600,"B"
"CTG","11:06:49",26.4,0.1,1000,1913500,"B"
"CTG","11:06:25",26.4,0.1,300,1912500,"B"
"CTG","11:06:24",26.45,0.15,3600,1912200,"S"
"CTG","11:06:23",26.4,0.1,200,1908600,"B"
"CTG","11:06:22",26.4,0.1,2000,1908400,"B"
"CTG","11:06:07",26.4,0.1,900,1906400,"B"
"CTG","11:06:06",26.4,0.1,9100,1905500,"B"
"CTG","11:06:06",26.45,0.15,91900,1896400,"B"
"CTG","11:05:58",26.45,0.15,800,1804500,"B"
"CTG","11:05:49",26.45,0.15,400,1803700,"B"
"CTG","11:05:48",26.5,0.2,3600,1803300,"S"
"CTG","11:05:48",26.45,0.15,1000,1799700,"B"
"CTG","11:05:40",26.45,0.15,100,1798700,"B"
"CTG","11:05:38",26.45,0.15,1000,1798600,"B"
"CTG","11:05:34",26.45,0.15,100,1797600,"B"
"CTG","11:05:34",26.45,0.15,1000,1797500,"B"
"CTG","11:05:30",26.45,0.15,100,1796500,"B"
"CTG","11:05:25",26.45,0.15,400,1796400,"B"
"CTG","11:05:19",26.45,0.15,100,1796000,"B"
"CTG","11:05:18",26.45,0.15,1000,1795900,"B"
"CTG","11:04:50",26.5,0.2,200,1794900,"S"
"CTG","11:04:42",26.45,0.15,800,1794700,"B"
"CTG","11:04:36",26.5,0.2,100,1793900,"S"
"CTG","11:04:35",26.45,0.15,300,1793800,"B"
"CTG","11:04:32",26.45,0.15,100,1793500,"B"
"CTG","11:04:32",26.45,0.15,1000,1793400,"B"
"CTG","11:04:23",26.45,0.15,1100,1792400,"B"
"CTG","11:04:19",26.45,0.15,100,1791300,"B"
"CTG","11:04:18",26.45,0.15,1000,1791200,"B"
"CTG","11:04:12",26.45,0.15,3300,1790200,"B"
"CTG","11:03:27",26.45,0.15,800,1786900,"B"
"CTG","11:03:18",26.45,0.15,100,1786100,"B"
"CTG","11:03:18",26.5,0.2,100,1786000,"S"
"CTG","11:03:17",26.45,0.15,1000,1785900,"B"
"CTG","11:03:09",26.45,0.15,100,1784900,"B"
"CTG","11:03:08",26.45,0.15,1000,1784800,"B"
"CTG","11:03:04",26.45,0.15,100,1783800,"B"
"CTG","11:03:03",26.45,0.15,1000,1783700,"B"
"CTG","11:02:59",26.45,0.15,300,1782700,"B"
"CTG","11:02:59",26.5,0.2,3600,1782400,"S"
"CTG","11:02:09",26.45,0.15,800,1778800,"B"
"CTG","11:02:00",26.45,0.15,200,1778000,"B"
"CTG","11:01:59",26.5,0.2,2000,1777800,"S"
"CTG","11:01:59",26.45,0.15,100,1775800,"B"
"CTG","11:01:58",26.45,0.15,1000,1775700,"B"
"CTG","11:01:55",26.5,0.2,100,1774700,"S"
"CTG","11:01:54",26.45,0.15,500,1774600,"B"
"CTG","11:01:50",26.45,0.15,100,1774100,"B"
"CTG","11:01:49",26.45,0.15,1000,1774000,"B"
"CTG","11:01:45",26.45,0.15,100,1773000,"B"
"CTG","11:01:44",26.45,0.15,1000,1772900,"B"
"CTG","11:01:43",26.45,0.15,300,1771900,"B"
"CTG","11:01:42",26.45,0.15,3200,1771600,"B"
"CTG","11:01:29",26.45,0.15,100,1768400,"B"
"CTG","11:01:28",26.45,0.15,1000,1768300,"B"
"CTG","11:01:27",26.45,0.15,10000,1767300,"B"
"CTG","11:01:09",26.45,0.15,100,1757300,"B"
"CTG","11:01:09",26.5,0.2,1300,1757200,"S"
"CTG","11:01:08",26.45,0.15,100,1755900,"B"
"CTG","11:01:07",26.45,0.15,11000,1755800,"B"
"CTG","11:00:52",26.45,0.15,800,1744800,"B"
"CTG","11:00:43",26.45,0.15,100,1744000,"B"
"CTG","11:00:42",26.45,0.15,1200,1743900,"B"
"CTG","11:00:41",26.45,0.15,2500,1742700,"B"
"CTG","11:00:39",26.5,0.2,100,1740200,"S"
"CTG","11:00:37",26.5,0.2,200,1740100,"S"
"CTG","11:00:35",26.45,0.15,100,1739900,"B"
"CTG","11:00:35",26.5,0.2,1300,1739800,"S"
"CTG","11:00:33",26.45,0.15,100,1738500,"B"
"CTG","11:00:32",26.45,0.15,1000,1738400,"B"
"CTG","11:00:28",26.45,0.15,100,1737400,"B"
"CTG","11:00:28",26.45,0.15,1000,1737300,"B"
"CTG","11:00:18",26.45,0.15,500,1736300,"B"
"CTG","11:00:17",26.5,0.2,5000,1735800,"S"
"CTG","11:00:14",26.45,0.15,300,1730800,"B"
"CTG","11:00:13",26.5,0.2,3600,1730500,"S"
"CTG","11:00:03",26.5,0.2,100,1726900,"S"
"CTG","11:00:02",26.45,0.15,300,1726800,"B"
"CTG","11:00:01",26.5,0.2,3000,1726500,"S"
"CTG","10:59:36",26.45,0.15,200,1723500,"B"
"CTG","10:59:35",26.45,0.15,2000,1723300,"B"
"CTG","10:59:34",26.5,0.2,20000,1721300,"S"
"CTG","10:59:33",26.45,0.15,800,1701300,"B"
"CTG","10:59:23",26.45,0.15,1100,1700500,"B"
"CTG","10:59:13",26.45,0.15,100,1699400,"B"
"CTG","10:59:12",26.45,0.15,1000,1699300,"B"
"CTG","10:59:10",26.45,0.15,500,1698300,"B"
"CTG","10:59:09",26.45,0.15,100,1697800,"B"
"CTG","10:59:08",26.45,0.15,1000,1697700,"B"
"CTG","10:59:05",26.45,0.15,1500,1696700,"B"
"CTG","10:58:48",26.5,0.2,900,1695200,"S"
"CTG","10:58:33",26.45,0.15,300,1694300,"B"
"CTG","10:58:32",26.5,0.2,3600,1694000,"S"
"CTG","10:58:15",26.45,0.15,800,1690400,"B"
"CTG","10:58:06",26.45,0.15,100,1689600,"B"
"CTG","10:58:06",26.45,0.15,1000,1689500,"B"
"CTG","10:57:56",26.45,0.15,100,1688500,"B"
"CTG","10:57:55",26.45,0.15,1300,1688400,"B"
"CTG","10:57:55",26.5,0.2,100,1687100,"S"
"CTG","10:57:54",26.5,0.2,3600,1687000,"S"
"CTG","10:57:51",26.45,0.15,100,1683400,"B"
"CTG","10:57:50",26.45,0.15,1000,1683300,"B"
"CTG","10:57:39",26.45,0.15,100,1682300,"B"
"CTG","10:57:34",26.5,0.2,100,1682200,"S"
"CTG","10:57:21",26.45,0.15,100,1682100,"B"
"CTG","10:57:20",26.5,0.2,1300,1682000,"S"
"CTG","10:57:17",26.45,0.15,300,1680700,"B"
"CTG","10:57:17",26.5,0.2,3600,1680400,"S"
"CTG","10:57:09",26.45,0.15,200,1676800,"B"
"CTG","10:57:08",26.5,0.2,2600,1676600,"S"
"CTG","10:56:59",26.45,0.15,800,1674000,"B"
"CTG","10:56:56",26.45,0.15,200,1673200,"B"
"CTG","10:56:56",26.5,0.2,100,1673000,"S"
"CTG","10:56:55",26.5,0.2,2600,1672900,"S"
"CTG","10:56:54",26.45,0.15,100,1670300,"B"
"CTG","10:56:53",26.45,0.15,1000,1670200,"B"
"CTG","10:56:49",26.45,0.15,400,1669200,"B"
"CTG","10:56:49",26.45,0.15,1000,1668800,"B"
"CTG","10:56:49",26.5,0.2,3600,1667800,"S"
"CTG","10:56:40",26.45,0.15,100,1664200,"B"
"CTG","10:56:39",26.45,0.15,1200,1664100,"B"
"CTG","10:56:36",26.45,0.15,100,1662900,"B"
"CTG","10:56:35",26.45,0.15,1000,1662800,"B"
"CTG","10:56:32",26.45,0.15,300,1661800,"B"
"CTG","10:56:24",26.45,0.15,200,1661500,"B"
"CTG","10:56:16",26.45,0.15,700,1661300,"B"
"CTG","10:56:15",26.45,0.15,300,1660600,"B"
"CTG","10:56:15",26.5,0.2,3600,1660300,"S"
"CTG","10:56:13",26.5,0.2,100,1656700,"S"
"CTG","10:56:06",26.45,0.15,900,1656600,"B"
"CTG","10:56:01",26.5,0.2,100,1655700,"S"
"CTG","10:55:47",26.45,0.15,500,1655600,"B"
"CTG","10:55:43",26.45,0.15,800,1655100,"B"
"CTG","10:55:42",26.45,0.15,100,1654300,"B"
"CTG","10:55:41",26.45,0.15,1100,1654200,"B"
"CTG","10:55:40",26.45,0.15,1000,1653100,"B"
"CTG","10:55:35",26.45,0.15,100,1652100,"B"
"CTG","10:55:35",26.45,0.15,1000,1652000,"B"
"CTG","10:55:34",26.45,0.15,100,1651000,"B"
"CTG","10:55:33",26.45,0.15,100,1650900,"B"
"CTG","10:55:33",26.45,0.15,2000,1650800,"B"
"CTG","10:55:31",26.45,0.15,100,1648800,"B"
"CTG","10:55:30",26.45,0.15,1000,1648700,"B"
"CTG","10:55:25",26.45,0.15,100,1647700,"B"
"CTG","10:55:24",26.45,0.15,1000,1647600,"B"
"CTG","10:55:20",26.45,0.15,100,1646600,"B"
"CTG","10:55:20",26.45,0.15,1000,1646500,"B"
"CTG","10:55:03",26.5,0.2,100,1645500,"S"
"CTG","10:55:01",26.5,0.2,500,1645400,"S"
"CTG","10:54:59",26.5,0.2,500,1644900,"S"
"CTG","10:54:47",26.45,0.15,100,1644400,"B"
"CTG","10:54:47",26.5,0.2,100,1644300,"S"
"CTG","10:54:46",26.45,0.15,1000,1644200,"B"
"CTG","10:54:40",26.45,0.15,600,1643200,"B"
"CTG","10:54:06",26.45,0.15,300,1642600,"B"
"CTG","10:54:05",26.5,0.2,3000,1642300,"S"
"CTG","10:53:53",26.45,0.15,100,1639300,"B"
"CTG","10:53:53",26.5,0.2,1800,1639200,"S"
"CTG","10:53:42",26.5,0.2,100,1637400,"S"
"CTG","10:53:41",26.5,0.2,500,1637300,"S"
"CTG","10:53:36",26.5,0.2,100,1636800,"S"
"CTG","10:53:30",26.5,0.2,500,1636700,"S"
"CTG","10:53:27",26.5,0.2,100,1636200,"S"
"CTG","10:52:51",26.5,0.2,100,1636100,"S"
"CTG","10:52:42",26.45,0.15,200,1636000,"B"
"CTG","10:52:41",26.5,0.2,2000,1635800,"S"
"CTG","10:52:40",26.5,0.2,100,1633800,"S"
"CTG","10:52:32",26.45,0.15,400,1633700,"B"
"CTG","10:52:32",26.5,0.2,1000,1633300,"S"
"CTG","10:52:31",26.5,0.2,3300,1632300,"B"
"CTG","10:52:30",26.5,0.2,900,1629000,"B"
"CTG","10:52:29",26.5,0.2,100,1628100,"B"
"CTG","10:52:06",26.5,0.2,200,1628000,"B"
"CTG","10:52:06",26.5,0.2,2000,1627800,"B"
"CTG","10:52:04",26.5,0.2,5000,1625300,"B"
"CTG","10:51:53",26.55,0.25,600,1620300,"S"
"CTG","10:51:50",26.5,0.2,800,1619700,"B"
"CTG","10:51:50",26.5,0.2,8100,1618900,"B"
"CTG","10:51:36",26.5,0.2,100,1610800,"B"
"CTG","10:51:35",26.5,0.2,1400,1610700,"B"
"CTG","10:51:34",26.55,0.25,14900,1609300,"B"
"CTG","10:51:29",26.6,0.3,100,1594400,"S"
"CTG","10:51:26",26.55,0.25,100,1594300,"B"
"CTG","10:51:25",26.55,0.25,1800,1594200,"S"
"CTG","10:51:21",26.55,0.25,300,1592400,"S"
"CTG","10:51:18",26.5,0.2,100,1592100,"B"
"CTG","10:51:18",26.55,0.25,1000,1592000,"S"
"CTG","10:51:17",26.5,0.2,500,1591000,"B"
"CTG","10:51:15",26.55,0.25,5400,1590500,"B"
"CTG","10:51:14",26.55,0.25,100,1585100,"B"
"CTG","10:51:13",26.55,0.25,1000,1585000,"B"
"CTG","10:51:12",26.55,0.25,10000,1584000,"B"
"CTG","10:51:11",26.6,0.3,100,1574000,"S"
"CTG","10:51:07",26.55,0.25,500,1573900,"B"
"CTG","10:51:05",26.55,0.25,6000,1573400,"S"
"CTG","10:51:03",26.55,0.25,100,1567400,"S"
"CTG","10:50:58",26.5,0.2,100,1567300,"B"
"CTG","10:50:57",26.5,0.2,1000,1567200,"B"
"CTG","10:50:57",26.55,0.25,9000,1566200,"S"
"CTG","10:50:56",26.5,0.2,1000,1557200,"B"
"CTG","10:50:37",26.5,0.2,300,1556200,"B"
"CTG","10:50:36",26.55,0.25,3600,1555900,"S"
"CTG","10:50:30",26.5,0.2,200,1552300,"B"
"CTG","10:50:29",26.55,0.25,2600,1552100,"S"
"CTG","10:50:10",26.5,0.2,300,1549500,"B"
"CTG","10:50:09",26.55,0.25,3600,1549200,"S"
"CTG","10:50:01",26.55,0.25,200,1545600,"S"
"CTG","10:49:51",26.45,0.15,200,1545400,"B"
"CTG","10:49:51",26.55,0.25,700,1545200,"S"
"CTG","10:49:51",26.5,0.2,2100,1544500,"S"
"CTG","10:49:49",26.5,0.2,600,1542400,"S"
"CTG","10:49:46",26.5,0.2,100,1541800,"S"
"CTG","10:49:45",26.45,0.15,200,1541700,"B"
"CTG","10:49:44",26.45,0.15,100,1541500,"B"
"CTG","10:49:44",26.5,0.2,2600,1541400,"S"
"CTG","10:49:43",26.45,0.15,1300,1538800,"B"
"CTG","10:49:43",26.5,0.2,10600,1537500,"S"
"CTG","10:49:42",26.5,0.2,3600,1526900,"S"
"CTG","10:49:40",26.5,0.2,600,1523300,"S"
"CTG","10:49:38",26.45,0.15,500,1522700,"B"
"CTG","10:49:38",26.5,0.2,5400,1522200,"S"
"CTG","10:49:32",26.45,0.15,700,1516800,"B"
"CTG","10:49:31",26.45,0.15,200,1516100,"B"
"CTG","10:49:31",26.5,0.2,7000,1515900,"S"
"CTG","10:49:30",26.5,0.2,2600,1508900,"S"
"CTG","10:49:27",26.5,0.2,600,1506300,"S"
"CTG","10:49:27",26.45,0.15,200,1505700,"B"
"CTG","10:49:26",26.5,0.2,2000,1505500,"S"
"CTG","10:49:24",26.45,0.15,200,1503500,"B"
"CTG","10:49:23",26.45,0.15,2200,1503300,"B"
"CTG","10:49:23",26.5,0.2,2900,1501100,"S"
"CTG","10:49:18",26.45,0.15,100,1498200,"B"
"CTG","10:49:18",26.5,0.2,1000,1498100,"S"
"CTG","10:49:14",26.45,0.15,200,1497100,"B"
"CTG","10:49:13",26.5,0.2,2200,1496900,"S"
"CTG","10:48:41",26.45,0.15,600,1494700,"B"
"CTG","10:48:40",26.5,0.2,6400,1494100,"S"
"CTG","10:48:38",26.5,0.2,400,1487700,"S"
"CTG","10:48:27",26.45,0.15,200,1487300,"B"
"CTG","10:48:26",26.5,0.2,2600,1487100,"S"
"CTG","10:48:23",26.45,0.15,300,1484500,"B"
"CTG","10:48:23",26.5,0.2,3600,1484200,"S"
"CTG","10:48:20",26.45,0.15,500,1480600,"B"
"CTG","10:48:20",26.5,0.2,2700,1480100,"S"
"CTG","10:48:19",26.5,0.2,2600,1477400,"S"
"CTG","10:48:13",26.45,0.15,200,1474800,"B"
"CTG","10:48:12",26.5,0.2,2600,1474600,"S"
"CTG","10:48:09",26.45,0.15,200,1472000,"B"
"CTG","10:48:09",26.5,0.2,2600,1471800,"S"
"CTG","10:47:47",26.45,0.15,200,1469200,"B"
"CTG","10:47:47",26.5,0.2,2600,1469000,"S"
"CTG","10:47:39",26.45,0.15,600,1466400,"S"
"CTG","10:47:30",26.4,0.1,400,1465800,"B"
"CTG","10:47:28",26.4,0.1,100,1465400,"B"
"CTG","10:47:27",26.45,0.15,1000,1465300,"S"
"CTG","10:47:25",26.4,0.1,200,1464300,"B"
"CTG","10:47:24",26.45,0.15,2000,1464100,"S"
"CTG","10:47:20",26.4,0.1,700,1462100,"B"
"CTG","10:47:20",26.45,0.15,2000,1461400,"S"
"CTG","10:47:10",26.4,0.1,500,1459400,"B"
"CTG","10:47:06",26.4,0.1,100,1458900,"B"
"CTG","10:47:06",26.4,0.1,500,1458800,"B"
"CTG","10:47:05",26.4,0.1,500,1458300,"B"
"CTG","10:47:05",26.45,0.15,5000,1457800,"S"
"CTG","10:46:56",26.45,0.15,300,1452800,"S"
"CTG","10:46:52",26.45,0.15,100,1452500,"S"
"CTG","10:46:45",26.45,0.15,100,1452400,"S"
"CTG","10:46:35",26.4,0.1,100,1452300,"B"
"CTG","10:46:34",26.4,0.1,1000,1452200,"B"
"CTG","10:46:33",26.45,0.15,10000,1451200,"S"
"CTG","10:46:32",26.4,0.1,100,1441200,"B"
"CTG","10:46:31",26.45,0.15,1000,1441100,"S"
"CTG","10:46:25",26.45,0.15,200,1440100,"S"
"CTG","10:46:16",26.45,0.15,300,1439900,"S"
"CTG","10:46:12",26.4,0.1,400,1439600,"B"
"CTG","10:46:10",26.4,0.1,500,1439200,"B"
"CTG","10:46:10",26.45,0.15,5000,1438700,"S"
"CTG","10:46:02",26.4,0.1,500,1433700,"B"
"CTG","10:45:53",26.4,0.1,100,1433200,"B"
"CTG","10:45:52",26.4,0.1,500,1433100,"B"
"CTG","10:45:52",26.45,0.15,900,1432600,"S"
"CTG","10:45:48",26.4,0.1,500,1431700,"B"
"CTG","10:45:32",26.4,0.1,100,1431200,"B"
"CTG","10:45:31",26.4,0.1,200,1431100,"B"
"CTG","10:45:30",26.4,0.1,300,1429900,"B"
"CTG","10:45:30",26.45,0.15,6200,1429600,"S"
"CTG","10:45:26",26.45,0.15,500,1423400,"S"
"CTG","10:45:25",26.4,0.1,200,1422900,"B"
"CTG","10:45:25",26.45,0.15,2600,1422700,"S"
"CTG","10:45:22",26.45,0.15,100,1420100,"S"
"CTG","10:45:19",26.4,0.1,100,1420000,"B"
"CTG","10:45:18",26.4,0.1,1000,1419900,"B"
"CTG","10:45:17",26.4,0.1,10000,1418900,"B"
"CTG","10:45:06",26.4,0.1,200,1408900,"B"
"CTG","10:45:05",26.45,0.15,2600,1408700,"S"
"CTG","10:44:56",26.35,0.05,400,1406100,"B"
"CTG","10:44:51",26.4,0.1,100,1405700,"B"
"CTG","10:44:51",26.4,0.1,1000,1405600,"S"
"CTG","10:44:46",26.35,0.05,200,1404600,"B"
"CTG","10:44:36",26.35,0.05,300,1404100,"B"
"CTG","10:44:36",26.4,0.1,200,1403800,"B"
"CTG","10:44:32",26.4,0.1,500,1403600,"B"
"CTG","10:44:21",26.4,0.1,100,1403100,"B"
"CTG","10:44:21",26.4,0.1,1000,1403000,"B"
"CTG","10:44:19",26.45,0.15,10000,1402000,"S"
"CTG","10:44:16",26.4,0.1,500,1392000,"B"
"CTG","10:44:15",26.4,0.1,5300,1391500,"B"
"CTG","10:44:15",26.4,0.1,52900,1386200,"S"
"CTG","10:44:14",26.35,0.05,200,1333300,"B"
"CTG","10:44:13",26.4,0.1,2600,1333100,"S"
"CTG","10:44:03",26.35,0.05,100,1330500,"B"
"CTG","10:43:56",26.35,0.05,200,1330400,"B"
"CTG","10:43:55",26.4,0.1,2600,1330200,"S"
"CTG","10:43:55",26.35,0.05,300,1327600,"B"
"CTG","10:43:55",26.35,0.05,100,1327300,"B"
"CTG","10:43:54",26.4,0.1,3600,1327200,"S"
"CTG","10:43:53",26.35,0.05,1300,1323600,"B"
"CTG","10:43:52",26.35,0.05,200,1322300,"B"
"CTG","10:43:51",26.4,0.1,2400,1322100,"S"
"CTG","10:43:44",26.35,0.05,200,1319700,"B"
"CTG","10:43:43",26.4,0.1,2600,1319500,"S"
"CTG","10:43:41",26.35,0.05,200,1316900,"B"
"CTG","10:43:33",26.35,0.05,600,1316700,"B"
"CTG","10:43:32",26.4,0.1,6200,1316100,"S"
"CTG","10:43:29",26.35,0.05,100,1309900,"B"
"CTG","10:43:28",26.35,0.05,1000,1309800,"B"
"CTG","10:43:22",26.35,0.05,700,1308800,"S"
"CTG","10:43:09",26.3,0,400,1308100,"B"
"CTG","10:42:56",26.3,0,500,1307700,"B"
"CTG","10:42:41",26.3,0,500,1307200,"B"
"CTG","10:42:35",26.3,0,500,1306700,"B"
"CTG","10:42:31",26.3,0,200,1306200,"B"
"CTG","10:42:30",26.35,0.05,2000,1306000,"S"
"CTG","10:42:25",26.35,0.05,300,1304000,"S"
"CTG","10:42:05",26.35,0.05,100,1303700,"S"
"CTG","10:41:55",26.3,0,100,1303600,"B"
"CTG","10:41:54",26.3,0,1000,1303500,"B"
"CTG","10:41:53",26.35,0.05,10000,1302500,"S"
"CTG","10:41:22",26.3,0,400,1292500,"B"
"CTG","10:41:07",26.3,0,500,1292100,"B"
"CTG","10:40:53",26.3,0,500,1291600,"B"
"CTG","10:40:47",26.3,0,500,1291100,"B"
"CTG","10:39:48",26.3,0,300,1290600,"B"
"CTG","10:39:47",26.3,0,3000,1290300,"B"
"CTG","10:39:38",26.3,0,300,1287300,"B"
"CTG","10:39:37",26.3,0,3600,1287000,"B"
"CTG","10:39:33",26.3,0,400,1283400,"B"
"CTG","10:39:19",26.3,0,500,1283000,"B"
"CTG","10:39:14",26.3,0,700,1282500,"B"
"CTG","10:39:13",26.3,0,7000,1281800,"S"
"CTG","10:39:11",26.25,-0.05,400,1274800,"B"
"CTG","10:39:11",26.3,0,1300,1274400,"S"
"CTG","10:39:10",26.3,0,700,1273100,"S"
"CTG","10:39:09",26.25,-0.05,3000,1272400,"B"
"CTG","10:39:08",26.3,0,30000,1269400,"S"
"CTG","10:39:08",26.25,-0.05,100,1239400,"B"
"CTG","10:39:07",26.25,-0.05,1000,1239300,"B"
"CTG","10:39:06",26.3,0,10200,1238300,"S"
"CTG","10:39:05",26.25,-0.05,500,1228100,"B"
"CTG","10:39:04",26.25,-0.05,100,1227600,"B"
"CTG","10:39:04",26.3,0,1200,1227500,"S"
"CTG","10:39:03",26.25,-0.05,100,1226300,"B"
"CTG","10:39:02",26.25,-0.05,1900,1226200,"B"
"CTG","10:39:00",26.25,-0.05,1000,1224200,"B"
"CTG","10:38:59",26.25,-0.05,500,1223200,"B"
"CTG","10:38:59",26.3,0,10000,1222700,"S"
"CTG","10:38:55",26.25,-0.05,200,1212700,"B"
"CTG","10:38:55",26.3,0,1000,1212500,"S"
"CTG","10:38:55",26.25,-0.05,1900,1211500,"B"
"CTG","10:38:47",26.25,-0.05,100,1209600,"B"
"CTG","10:38:47",26.25,-0.05,1900,1209500,"B"
"CTG","10:38:38",26.25,-0.05,100,1207600,"B"
"CTG","10:38:37",26.3,0,1000,1207500,"S"
"CTG","10:38:26",26.25,-0.05,100,1206500,"B"
"CTG","10:38:25",26.25,-0.05,100,1206400,"B"
"CTG","10:38:24",26.25,-0.05,1900,1206300,"B"
"CTG","10:38:21",26.25,-0.05,100,1204400,"B"
"CTG","10:38:20",26.25,-0.05,1300,1204300,"B"
"CTG","10:38:19",26.25,-0.05,13000,1203000,"B"
"CTG","10:38:19",26.3,0,130000,1190000,"S"
"CTG","10:38:12",26.25,-0.05,100,1060000,"B"
"CTG","10:38:12",26.25,-0.05,1900,1059900,"B"
"CTG","10:38:07",26.25,-0.05,100,1058000,"B"
"CTG","10:38:07",26.3,0,1000,1057900,"S"
"CTG","10:38:05",26.25,-0.05,100,1056900,"B"
"CTG","10:38:04",26.3,0,1000,1056800,"S"
"CTG","10:38:03",26.25,-0.05,200,1055800,"B"
"CTG","10:37:57",26.25,-0.05,100,1055600,"B"
"CTG","10:37:57",26.3,0,1000,1055500,"S"
"CTG","10:37:52",26.3,0,100,1054500,"S"
"CTG","10:37:45",26.25,-0.05,400,1054400,"B"
"CTG","10:37:31",26.25,-0.05,500,1054000,"B"
"CTG","10:37:22",26.25,-0.05,100,1053500,"B"
"CTG","10:37:17",26.25,-0.05,500,1053400,"B"
"CTG","10:37:16",26.25,-0.05,100,1052900,"B"
"CTG","10:37:15",26.25,-0.05,1900,1052800,"B"
"CTG","10:37:12",26.25,-0.05,500,1050900,"B"
"CTG","10:37:05",26.25,-0.05,100,1050400,"B"
"CTG","10:37:04",26.25,-0.05,1900,1050300,"B"
"CTG","10:36:37",26.25,-0.05,100,1048400,"B"
"CTG","10:36:36",26.25,-0.05,1600,1048300,"B"
"CTG","10:36:21",26.25,-0.05,100,1046700,"B"
"CTG","10:36:20",26.3,0,1300,1046600,"S"
"CTG","10:36:17",26.3,0,700,1045300,"S"
"CTG","10:36:11",26.3,0,200,1044600,"S"
"CTG","10:36:09",26.3,0,100,1044400,"S"
"CTG","10:36:07",26.25,-0.05,100,1044300,"B"
"CTG","10:36:06",26.3,0,1000,1044200,"S"
"CTG","10:35:57",26.25,-0.05,400,1043200,"B"
"CTG","10:35:57",26.3,0,100,1042800,"S"
"CTG","10:35:57",26.25,-0.05,100,1042700,"B"
"CTG","10:35:56",26.3,0,1300,1042600,"S"
"CTG","10:35:54",26.25,-0.05,100,1041300,"B"
"CTG","10:35:54",26.25,-0.05,1900,1041200,"B"
"CTG","10:35:43",26.25,-0.05,500,1039300,"B"
"CTG","10:35:30",26.25,-0.05,100,1038800,"B"
"CTG","10:35:30",26.3,0,1000,1038700,"S"
"CTG","10:35:28",26.25,-0.05,500,1037700,"B"
"CTG","10:35:26",26.25,-0.05,200,1037200,"B"
"CTG","10:35:26",26.3,0,1000,1037000,"S"
"CTG","10:35:25",26.3,0,1000,1036000,"S"
"CTG","10:35:22",26.3,0,500,1035000,"S"
"CTG","10:35:21",26.25,-0.05,500,1034500,"B"
"CTG","10:35:11",26.3,0,100,1034000,"S"
"CTG","10:34:56",26.3,0,500,1033900,"S"
"CTG","10:34:37",26.25,-0.05,200,1033400,"B"
"CTG","10:34:36",26.3,0,2000,1033200,"S"
"CTG","10:34:18",26.3,0,100,1031200,"S"
"CTG","10:34:07",26.25,-0.05,100,1031100,"B"
"CTG","10:34:06",26.25,-0.05,1900,1031000,"B"
"CTG","10:34:05",26.25,-0.05,400,1029100,"B"
"CTG","10:33:55",26.25,-0.05,100,1028700,"B"
"CTG","10:33:54",26.3,0,1600,1028600,"S"
"CTG","10:33:52",26.25,-0.05,500,1027000,"B"
"CTG","10:33:51",26.25,-0.05,400,1026500,"B"
"CTG","10:33:50",26.25,-0.05,4500,1026100,"B"
"CTG","10:33:49",26.3,0,45800,1021600,"B"
"CTG","10:33:48",26.3,0,100,975800,"B"
"CTG","10:33:47",26.3,0,1900,975700,"B"
"CTG","10:33:37",26.3,0,600,973800,"B"
"CTG","10:33:36",26.3,0,1900,973200,"B"
"CTG","10:33:31",26.3,0,500,971300,"B"
"CTG","10:33:11",26.4,0.1,100,970800,"S"
"CTG","10:32:56",26.3,0,100,970700,"B"
"CTG","10:32:55",26.4,0.1,1300,970600,"S"
"CTG","10:32:48",26.3,0,100,969300,"B"
"CTG","10:32:47",26.4,0.1,1300,969200,"S"
"CTG","10:32:41",26.3,0,100,967900,"B"
"CTG","10:32:40",26.4,0.1,1300,967800,"S"
"CTG","10:32:36",26.3,0,100,966500,"B"
"CTG","10:32:35",26.3,0,1200,966400,"S"
"CTG","10:32:31",26.3,0,100,965200,"S"
"CTG","10:32:23",26.3,0,100,965100,"S"
"CTG","10:32:20",26.25,-0.05,100,965000,"B"
"CTG","10:32:19",26.3,0,1600,964900,"S"
"CTG","10:32:17",26.25,-0.05,100,963300,"B"
"CTG","10:32:16",26.25,-0.05,1000,963200,"B"
"CTG","10:32:16",26.3,0,200,962200,"S"
"CTG","10:32:15",26.3,0,10700,962000,"S"
"CTG","10:32:12",26.3,0,100,951300,"S"
"CTG","10:32:08",26.3,0,100,951200,"S"
"CTG","10:32:07",26.25,-0.05,200,951100,"B"
"CTG","10:32:06",26.3,0,500,948900,"S"
"CTG","10:32:05",26.3,0,200,948400,"S"
"CTG","10:32:03",26.3,0,100,948200,"S"
"CTG","10:32:02",26.25,-0.05,300,948100,"B"
"CTG","10:32:01",26.3,0,3700,947800,"S"
"CTG","10:32:00",26.3,0,100,944100,"S"
"CTG","10:31:56",26.3,0,100,944000,"S"
"CTG","10:31:55",26.25,-0.05,100,943900,"B"
"CTG","10:31:55",26.25,-0.05,1000,943800,"B"
"CTG","10:31:55",26.3,0,300,942800,"S"
"CTG","10:31:53",26.3,0,10000,942500,"S"
"CTG","10:31:52",26.3,0,100,932500,"S"
"CTG","10:31:50",26.25,-0.05,400,932400,"B"
"CTG","10:31:48",26.25,-0.05,300,932000,"B"
"CTG","10:31:48",26.3,0,100,931700,"S"
"CTG","10:31:47",26.3,0,3600,931600,"S"
"CTG","10:31:45",26.3,0,100,928000,"S"
"CTG","10:31:40",26.3,0,100,927900,"S"
"CTG","10:31:39",26.25,-0.05,100,927800,"B"
"CTG","10:31:38",26.25,-0.05,1000,927700,"B"
"CTG","10:31:38",26.3,0,100,926700,"S"
"CTG","10:31:37",26.3,0,10000,926600,"S"
"CTG","10:31:36",26.25,-0.05,800,916600,"B"
"CTG","10:31:35",26.3,0,3600,915800,"S"
"CTG","10:31:33",26.3,0,100,912200,"S"
"CTG","10:31:32",26.25,-0.05,700,912100,"B"
"CTG","10:31:31",26.25,-0.05,100,911400,"B"
"CTG","10:31:31",26.3,0,7300,911300,"S"
"CTG","10:31:30",26.25,-0.05,1000,904000,"B"
"CTG","10:31:29",26.3,0,10100,903000,"S"
"CTG","10:31:24",26.25,-0.05,1600,892900,"B"
"CTG","10:31:24",26.3,0,3600,891300,"S"
"CTG","10:31:23",26.3,0,2100,887700,"S"
"CTG","10:31:22",26.25,-0.05,500,885600,"B"
"CTG","10:31:22",26.3,0,10000,885100,"S"
"CTG","10:31:17",26.25,-0.05,100,875100,"B"
"CTG","10:31:16",26.25,-0.05,1000,875000,"B"
"CTG","10:31:15",26.25,-0.05,2500,874000,"B"
"CTG","10:31:15",26.25,-0.05,2500,871500,"B"
"CTG","10:31:14",26.3,0,50000,869000,"S"
"CTG","10:31:08",26.25,-0.05,400,819000,"B"
"CTG","10:31:07",26.25,-0.05,2000,818600,"B"
"CTG","10:31:07",26.3,0,2600,816600,"S"
"CTG","10:31:06",26.3,0,20000,814000,"S"
"CTG","10:31:02",26.3,0,200,794000,"S"
"CTG","10:30:53",26.25,-0.05,900,793800,"B"
"CTG","10:30:52",26.25,-0.05,9500,792900,"B"
"CTG","10:30:51",26.3,0,81600,783400,"B"
"CTG","10:30:51",26.35,0.05,13600,701800,"B"
"CTG","10:30:49",26.35,0.05,200,688200,"B"
"CTG","10:30:49",26.35,0.05,2000,688000,"B"
"CTG","10:30:31",26.35,0.05,200,686000,"B"
"CTG","10:30:30",26.4,0.1,2600,685800,"S"
"CTG","10:30:25",26.35,0.05,300,683200,"B"
"CTG","10:30:24",26.35,0.05,100,682900,"B"
"CTG","10:30:23",26.4,0.1,1900,679700,"S"
"CTG","10:30:18",26.4,0.1,600,677800,"S"
"CTG","10:30:17",26.35,0.05,400,677200,"B"
"CTG","10:30:17",26.4,0.1,3100,676800,"S"
"CTG","10:30:15",26.35,0.05,100,672400,"B"
"CTG","10:30:14",26.35,0.05,1000,672300,"B"
"CTG","10:30:02",26.35,0.05,400,671300,"B"
"CTG","10:29:50",26.35,0.05,100,670900,"B"
"CTG","10:29:49",26.4,0.1,1500,670800,"S"
"CTG","10:29:48",26.35,0.05,500,669300,"B"
"CTG","10:29:33",26.35,0.05,500,668800,"B"
"CTG","10:29:28",26.35,0.05,500,668300,"B"
"CTG","10:29:06",26.35,0.05,100,667800,"B"
"CTG","10:29:06",26.4,0.1,1300,667700,"S"
"CTG","10:28:14",26.35,0.05,400,666400,"B"
"CTG","10:27:59",26.3,0,500,666000,"B"
"CTG","10:27:45",26.3,0,500,665500,"B"
"CTG","10:27:39",26.3,0,500,665000,"B"
"CTG","10:27:35",26.35,0.05,100,664500,"B"
"CTG","10:27:35",26.35,0.05,1000,664400,"B"
"CTG","10:27:15",26.35,0.05,1400,663400,"S"
"CTG","10:27:08",26.35,0.05,100,662000,"S"
"CTG","10:26:54",26.35,0.05,100,661900,"S"
"CTG","10:26:24",26.3,0,400,661800,"B"
"CTG","10:26:20",26.3,0,600,661400,"B"
"CTG","10:26:19",26.3,0,6000,660800,"B"
"CTG","10:26:11",26.3,0,500,654800,"B"
"CTG","10:26:06",26.35,0.05,100,654300,"S"
"CTG","10:25:59",26.3,0,300,654200,"B"
"CTG","10:25:58",26.3,0,3000,653900,"B"
"CTG","10:25:57",26.35,0.05,30000,650900,"S"
"CTG","10:25:56",26.3,0,500,620900,"B"
"CTG","10:25:54",26.3,0,100,620400,"B"
"CTG","10:25:53",26.35,0.05,1000,620300,"S"
"CTG","10:25:50",26.3,0,600,619300,"B"
"CTG","10:25:49",26.3,0,1000,618700,"B"
"CTG","10:25:48",26.35,0.05,10000,617700,"S"
"CTG","10:25:37",26.35,0.05,100,607700,"S"
"CTG","10:25:24",26.35,0.05,100,607600,"S"
"CTG","10:25:10",26.35,0.05,200,607500,"S"
"CTG","10:25:09",26.3,0,500,607300,"B"
"CTG","10:25:09",26.3,0,5000,606800,"B"
"CTG","10:24:33",26.3,0,400,601800,"B"
"CTG","10:24:19",26.3,0,500,601400,"B"
"CTG","10:24:16",26.35,0.05,100,600900,"S"
"CTG","10:24:05",26.3,0,500,600800,"B"
"CTG","10:23:59",26.3,0,500,600300,"B"
"CTG","10:23:31",26.35,0.05,100,599800,"S"
"CTG","10:23:20",26.3,0,300,599700,"B"
"CTG","10:23:20",26.35,0.05,3800,599400,"S"
"CTG","10:23:17",26.3,0,100,595600,"B"
"CTG","10:23:16",26.35,0.05,1000,595500,"S"
"CTG","10:22:45",26.3,0,600,594500,"B"
"CTG","10:22:45",26.3,0,6000,593900,"B"
"CTG","10:21:27",26.3,0,300,587900,"B"
"CTG","10:21:15",26.3,0,500,587600,"B"
"CTG","10:21:09",26.3,0,200,587100,"B"
"CTG","10:21:08",26.3,0,2000,586900,"S"
"CTG","10:21:06",26.25,-0.05,100,584900,"B"
"CTG","10:21:05",26.25,-0.05,500,584800,"B"
"CTG","10:21:05",26.3,0,1000,584300,"S"
"CTG","10:20:58",26.25,-0.05,500,583300,"B"
"CTG","10:20:57",26.25,-0.05,5700,582800,"B"
"CTG","10:20:56",26.3,0,57000,577100,"B"
"CTG","10:20:46",26.35,0.05,100,520100,"S"
"CTG","10:20:28",26.3,0,100,520000,"B"
"CTG","10:20:27",26.35,0.05,1300,519900,"S"
"CTG","10:20:23",26.3,0,200,518600,"B"
"CTG","10:20:22",26.3,0,2000,518400,"B"
"CTG","10:19:28",26.3,0,100,516400,"B"
"CTG","10:18:39",26.3,0,300,516300,"B"
"CTG","10:18:30",26.3,0,600,516000,"B"
"CTG","10:18:30",26.35,0.05,6800,515400,"S"
"CTG","10:18:27",26.3,0,500,508600,"B"
"CTG","10:18:20",26.3,0,100,508100,"B"
"CTG","10:18:20",26.3,0,100,508000,"B"
"CTG","10:18:19",26.35,0.05,2600,507900,"S"
"CTG","10:18:17",26.3,0,500,505300,"B"
"CTG","10:17:54",26.3,0,100,504800,"B"
"CTG","10:17:53",26.35,0.05,1300,504700,"S"
"CTG","10:17:19",26.3,0,300,503400,"B"
"CTG","10:17:13",26.3,0,2200,503100,"B"
"CTG","10:17:06",26.3,0,500,500900,"B"
"CTG","10:16:56",26.3,0,500,500400,"B"
"CTG","10:16:01",26.3,0,100,499900,"B"
"CTG","10:15:58",26.3,0,100,499800,"B"
"CTG","10:15:58",26.3,0,300,499700,"B"
"CTG","10:15:55",26.3,0,100,499400,"B"
"CTG","10:15:47",26.3,0,200,499300,"B"
"CTG","10:15:46",26.3,0,2000,499100,"B"
"CTG","10:15:45",26.3,0,500,497100,"B"
"CTG","10:15:39",26.3,0,200,496600,"B"
"CTG","10:15:35",26.3,0,500,496400,"B"
"CTG","10:15:34",26.3,0,100,495900,"B"
"CTG","10:15:33",26.3,0,1200,495800,"B"
"CTG","10:15:13",26.3,0,100,494600,"B"
"CTG","10:15:06",26.3,0,300,494500,"B"
"CTG","10:15:05",26.3,0,3000,494200,"B"
"CTG","10:14:35",26.3,0,100,491200,"B"
"CTG","10:14:34",26.35,0.05,1300,491100,"S"
"CTG","10:14:11",26.3,0,300,489800,"B"
"CTG","10:13:59",26.3,0,500,489500,"B"
"CTG","10:13:55",26.3,0,100,489000,"B"
"CTG","10:13:50",26.3,0,200,488900,"B"
"CTG","10:13:48",26.3,0,500,488700,"B"
"CTG","10:13:48",26.3,0,500,488200,"B"
"CTG","10:13:43",26.3,0,600,487700,"B"
"CTG","10:13:35",26.3,0,500,487100,"B"
"CTG","10:13:26",26.3,0,400,486600,"B"
"CTG","10:13:22",26.3,0,500,486200,"B"
"CTG","10:12:49",26.3,0,300,485700,"B"
"CTG","10:12:43",26.3,0,1600,485400,"B"
"CTG","10:12:37",26.3,0,500,483800,"B"
"CTG","10:12:26",26.3,0,300,483300,"B"
"CTG","10:12:26",26.3,0,200,483000,"B"
"CTG","10:11:47",26.3,0,100,482800,"B"
"CTG","10:11:46",26.3,0,1400,482700,"B"
"CTG","10:11:45",26.35,0.05,14000,481300,"S"
"CTG","10:11:30",26.35,0.05,400,467300,"S"
"CTG","10:11:28",26.3,0,300,466900,"B"
"CTG","10:11:16",26.3,0,500,466600,"B"
"CTG","10:11:10",26.3,0,100,466100,"B"
"CTG","10:11:09",26.3,0,1000,466000,"B"
"CTG","10:11:05",26.3,0,500,465000,"B"
"CTG","10:10:05",26.3,0,300,464500,"B"
"CTG","10:09:52",26.3,0,500,464200,"B"
"CTG","10:09:42",26.3,0,500,463700,"B"
"CTG","10:08:42",26.3,0,300,463200,"B"
"CTG","10:08:30",26.3,0,500,462900,"B"
"CTG","10:08:22",26.3,0,200,462400,"B"
"CTG","10:08:19",26.3,0,500,462200,"B"
"CTG","10:08:10",26.3,0,100,461700,"B"
"CTG","10:08:09",26.3,0,1000,461600,"B"
"CTG","10:07:49",26.3,0,100,460600,"B"
"CTG","10:07:22",26.3,0,1100,460500,"B"
"CTG","10:07:02",26.3,0,300,459400,"B"
"CTG","10:06:56",26.3,0,400,459100,"B"
"CTG","10:06:56",26.3,0,3300,458700,"B"
"CTG","10:06:55",26.3,0,1400,455400,"B"
"CTG","10:06:50",26.3,0,500,454000,"B"
"CTG","10:06:39",26.3,0,500,453500,"B"
"CTG","10:06:16",26.3,0,100,453000,"B"
"CTG","10:06:15",26.3,0,1000,452900,"B"
"CTG","10:05:51",26.3,0,1300,451900,"B"
"CTG","10:05:32",26.3,0,100,450600,"B"
"CTG","10:05:31",26.35,0.05,1000,450500,"S"
"CTG","10:05:18",26.3,0,200,449500,"B"
"CTG","10:05:17",26.3,0,2000,449300,"B"
"CTG","10:05:14",26.3,0,300,447300,"B"
"CTG","10:05:02",26.3,0,500,447000,"B"
"CTG","10:04:52",26.3,0,500,446500,"B"
"CTG","10:03:53",26.3,0,300,446000,"B"
"CTG","10:03:40",26.3,0,500,445700,"B"
"CTG","10:03:30",26.3,0,500,445200,"B"
"CTG","10:02:46",26.35,0.05,100,444700,"S"
"CTG","10:02:32",26.3,0,300,444600,"B"
"CTG","10:02:22",26.3,0,500,444300,"B"
"CTG","10:02:20",26.3,0,500,443800,"B"
"CTG","10:02:09",26.3,0,500,443300,"B"
"CTG","10:02:08",26.3,0,100,442800,"B"
"CTG","10:02:08",26.3,0,1500,442700,"B"
"CTG","10:02:04",26.3,0,600,441200,"B"
"CTG","10:02:02",26.3,0,100,440600,"B"
"CTG","10:02:01",26.3,0,1900,440500,"B"
"CTG","10:02:00",26.3,0,19400,438600,"B"
"CTG","10:01:10",26.3,0,300,419200,"B"
"CTG","10:00:58",26.3,0,500,418900,"B"
"CTG","10:00:47",26.3,0,500,418400,"B"
"CTG","09:59:42",26.3,0,100,417900,"B"
"CTG","09:59:41",26.3,0,1000,417800,"B"
"CTG","09:59:40",26.3,0,10500,416800,"S"
"CTG","09:58:53",26.25,-0.05,300,406300,"B"
"CTG","09:58:53",26.3,0,3500,406000,"S"
"CTG","09:58:52",26.25,-0.05,300,402500,"B"
"CTG","09:58:40",26.25,-0.05,500,402200,"B"
"CTG","09:58:34",26.25,-0.05,100,401700,"B"
"CTG","09:58:34",26.3,0,1500,401600,"B"
"CTG","09:58:29",26.3,0,500,400100,"B"
"CTG","09:58:17",26.3,0,500,399600,"B"
"CTG","09:57:35",26.3,0,500,399100,"S"
"CTG","09:57:31",26.25,-0.05,300,398600,"B"
"CTG","09:57:19",26.25,-0.05,500,398300,"B"
"CTG","09:57:09",26.25,-0.05,500,397800,"B"
"CTG","09:57:07",26.25,-0.05,300,397300,"B"
"CTG","09:57:06",26.25,-0.05,3000,397000,"B"
"CTG","09:56:10",26.25,-0.05,300,394000,"B"
"CTG","09:55:58",26.25,-0.05,500,393700,"B"
"CTG","09:55:48",26.25,-0.05,500,393200,"B"
"CTG","09:55:39",26.3,0,100,392700,"S"
"CTG","09:55:37",26.25,-0.05,100,392600,"B"
"CTG","09:55:36",26.25,-0.05,1000,392500,"B"
"CTG","09:55:36",26.25,-0.05,10000,391500,"B"
"CTG","09:54:50",26.25,-0.05,300,381500,"B"
"CTG","09:54:40",26.25,-0.05,500,381200,"B"
"CTG","09:54:39",26.3,0,5300,380700,"B"
"CTG","09:54:38",26.3,0,100,375400,"B"
"CTG","09:54:38",26.3,0,500,375300,"B"
"CTG","09:54:37",26.3,0,600,374800,"B"
"CTG","09:54:36",26.3,0,6300,374200,"B"
"CTG","09:54:35",26.3,0,63300,367900,"B"
"CTG","09:54:27",26.3,0,500,304600,"B"
"CTG","09:54:07",26.3,0,400,304100,"B"
"CTG","09:54:07",26.3,0,4700,303700,"B"
"CTG","09:53:43",26.3,0,100,299000,"B"
"CTG","09:53:39",26.3,0,700,298900,"B"
"CTG","09:53:38",26.3,0,7000,298200,"B"
"CTG","09:53:30",26.3,0,600,291200,"B"
"CTG","09:53:30",26.3,0,1900,290600,"B"
"CTG","09:53:29",26.3,0,4900,288700,"B"
"CTG","09:52:49",26.3,0,100,283800,"B"
"CTG","09:52:48",26.3,0,1500,283700,"B"
"CTG","09:52:44",26.3,0,2200,282200,"B"
"CTG","09:52:36",26.3,0,2700,280000,"B"
"CTG","09:52:26",26.3,0,200,277300,"B"
"CTG","09:52:25",26.3,0,2500,277100,"B"
"CTG","09:51:58",26.3,0,800,274600,"B"
"CTG","09:50:33",26.3,0,700,273800,"B"
"CTG","09:50:32",26.3,0,300,273100,"B"
"CTG","09:50:24",26.3,0,1100,272800,"B"
"CTG","09:50:23",26.3,0,1500,271700,"B"
"CTG","09:50:18",26.3,0,500,270200,"B"
"CTG","09:50:08",26.3,0,500,269700,"B"
"CTG","09:49:55",26.3,0,10000,269200,"B"
"CTG","09:49:15",26.3,0,500,259200,"B"
"CTG","09:48:47",26.35,0.05,3000,258700,"S"
"CTG","09:47:23",26.3,0,300,255700,"B"
"CTG","09:47:22",26.35,0.05,5000,255400,"S"
"CTG","09:47:20",26.35,0.05,200,250400,"S"
"CTG","09:47:18",26.35,0.05,2000,250200,"S"
"CTG","09:47:17",26.3,0,500,248200,"B"
"CTG","09:47:15",26.35,0.05,1000,247700,"S"
"CTG","09:47:14",26.35,0.05,100,246700,"S"
"CTG","09:47:13",26.3,0,500,246600,"B"
"CTG","09:46:45",26.35,0.05,1000,246100,"S"
"CTG","09:46:36",26.35,0.05,5000,245100,"S"
"CTG","09:46:32",26.3,0,100,240100,"B"
"CTG","09:46:30",26.35,0.05,100,240000,"S"
"CTG","09:46:20",26.3,0,100,239900,"B"
"CTG","09:45:58",26.3,0,300,239800,"B"
"CTG","09:45:54",26.3,0,500,239500,"B"
"CTG","09:45:50",26.35,0.05,100,239000,"S"
"CTG","09:45:49",26.3,0,500,238900,"B"
"CTG","09:45:48",26.35,0.05,20000,238400,"S"
"CTG","09:45:44",26.3,0,5000,218400,"B"
"CTG","09:45:29",26.3,0,100,213400,"B"
"CTG","09:45:25",26.3,0,500,213300,"B"
"CTG","09:45:04",26.35,0.05,100,212800,"S"
"CTG","09:44:36",26.35,0.05,100,212700,"S"
"CTG","09:44:21",26.3,0,200,212600,"B"
"CTG","09:44:18",26.3,0,200,212400,"B"
"CTG","09:43:05",26.3,0,400,212200,"B"
"CTG","09:43:02",26.3,0,300,211800,"B"
"CTG","09:42:58",26.3,0,500,211500,"B"
"CTG","09:42:54",26.3,0,500,211000,"B"
"CTG","09:42:22",26.35,0.05,300,210500,"S"
"CTG","09:41:55",26.35,0.05,3200,210200,"S"
"CTG","09:41:43",26.3,0,9000,207000,"B"
"CTG","09:41:16",26.35,0.05,5000,198000,"S"
"CTG","09:40:51",26.35,0.05,1000,193000,"S"
"CTG","09:40:46",26.3,0,400,192000,"B"
"CTG","09:40:37",26.3,0,1300,191600,"B"
"CTG","09:40:37",26.35,0.05,100,190300,"S"
"CTG","09:40:16",26.3,0,100,190200,"B"
"CTG","09:39:27",26.3,0,700,190100,"B"
"CTG","09:39:23",26.3,0,500,189400,"B"
"CTG","09:39:20",26.3,0,500,188900,"B"
"CTG","09:39:05",26.35,0.05,1000,188400,"S"
"CTG","09:38:58",26.35,0.05,500,187400,"B"
"CTG","09:38:14",26.35,0.05,5000,186900,"B"
"CTG","09:37:39",26.35,0.05,300,181900,"B"
"CTG","09:37:36",26.35,0.05,500,181600,"B"
"CTG","09:37:33",26.35,0.05,500,181100,"B"
"CTG","09:37:28",26.35,0.05,500,180600,"B"
"CTG","09:37:26",26.35,0.05,2600,180100,"S"
"CTG","09:35:59",26.35,0.05,9800,177500,"B"
"CTG","09:35:48",26.35,0.05,1300,167700,"B"
"CTG","09:35:40",26.35,0.05,500,166400,"B"
"CTG","09:35:34",26.35,0.05,1200,165900,"B"
"CTG","09:35:32",26.35,0.05,1200,164700,"B"
"CTG","09:35:32",26.35,0.05,5800,163500,"B"
"CTG","09:35:25",26.35,0.05,1000,157700,"B"
"CTG","09:35:15",26.35,0.05,2000,156700,"B"
"CTG","09:35:06",26.35,0.05,2600,154700,"B"
"CTG","09:34:18",26.35,0.05,5000,152100,"B"
"CTG","09:33:38",26.35,0.05,1300,147100,"B"
"CTG","09:33:38",26.35,0.05,1300,145800,"B"
"CTG","09:33:01",26.4,0.1,1000,144500,"S"
"CTG","09:31:50",26.4,0.1,100,143500,"S"
"CTG","09:31:50",26.35,0.05,300,143400,"B"
"CTG","09:31:33",26.4,0.1,3100,143100,"S"
"CTG","09:31:19",26.4,0.1,400,140000,"S"
"CTG","09:31:17",26.4,0.1,500,139600,"S"
"CTG","09:30:46",26.4,0.1,3000,139100,"S"
"CTG","09:30:28",26.35,0.05,3600,136100,"B"
"CTG","09:30:23",26.35,0.05,1300,132500,"B"
"CTG","09:30:23",26.35,0.05,2600,131200,"B"
"CTG","09:30:22",26.35,0.05,5200,128600,"B"
"CTG","09:30:21",26.35,0.05,5200,123400,"B"
"CTG","09:30:20",26.35,0.05,3900,118200,"B"
"CTG","09:30:19",26.35,0.05,2600,114300,"B"
"CTG","09:30:18",26.35,0.05,1300,111700,"B"
"CTG","09:30:17",26.35,0.05,2600,110400,"B"
"CTG","09:30:16",26.35,0.05,11000,107800,"B"
"CTG","09:29:55",26.35,0.05,300,96800,"B"
"CTG","09:29:49",26.35,0.05,700,96500,"B"
"CTG","09:29:37",26.4,0.1,400,95800,"S"
"CTG","09:29:14",26.4,0.1,2300,95400,"S"
"CTG","09:29:01",26.4,0.1,1100,93100,"S"
"CTG","09:28:28",26.4,0.1,100,92000,"S"
"CTG","09:27:44",26.4,0.1,2000,91900,"S"
"CTG","09:27:01",26.4,0.1,3200,89900,"S"
"CTG","09:26:57",26.4,0.1,500,86700,"S"
"CTG","09:26:42",26.35,0.05,200,86200,"B"
"CTG","09:26:09",26.35,0.05,200,86000,"B"
"CTG","09:26:07",26.35,0.05,100,85800,"B"
"CTG","09:24:58",26.35,0.05,600,85700,"B"
"CTG","09:24:34",26.35,0.05,500,85100,"B"
"CTG","09:24:30",26.4,0.1,300,84600,"S"
"CTG","09:23:23",26.4,0.1,300,84300,"S"
"CTG","09:23:13",26.4,0.1,400,84000,"S"
"CTG","09:23:07",26.4,0.1,2100,83600,"S"
"CTG","09:22:59",26.4,0.1,1100,81500,"S"
"CTG","09:22:30",26.4,0.1,100,80400,"S"
"CTG","09:21:46",26.35,0.05,1000,80300,"B"
"CTG","09:21:15",26.35,0.05,1900,79300,"B"
"CTG","09:21:11",26.35,0.05,7100,77400,"B"
"CTG","09:20:38",26.4,0.1,1700,70300,"S"
"CTG","09:20:27",26.35,0.05,600,68600,"B"
"CTG","09:20:18",26.35,0.05,600,68000,"B"
"CTG","09:20:12",26.35,0.05,100,67400,"B"
"CTG","09:20:11",26.35,0.05,600,67300,"B"
"CTG","09:19:54",26.4,0.1,400,66700,"S"
"CTG","09:19:53",26.4,0.1,100,66300,"S"
"CTG","09:19:52",26.35,0.05,600,66200,"B"
"CTG","09:19:45",26.4,0.1,100,65600,"S"
"CTG","09:19:33",26.35,0.05,600,65500,"B"
"CTG","09:19:31",26.35,0.05,1000,64900,"B"
"CTG","09:19:30",26.4,0.1,5000,63900,"S"
"CTG","09:19:28",26.4,0.1,400,58900,"S"
"CTG","09:19:28",26.35,0.05,600,58500,"B"
"CTG","09:19:21",26.35,0.05,600,57900,"B"
"CTG","09:19:17",26.35,0.05,600,57300,"B"
"CTG","09:19:11",26.4,0.1,1100,56700,"S"
"CTG","09:19:11",26.35,0.05,200,55600,"S"
"CTG","09:19:10",26.3,0,600,55400,"B"
"CTG","09:19:01",26.35,0.05,600,54800,"B"
"CTG","09:18:57",26.35,0.05,4000,54200,"B"
"CTG","09:18:40",26.3,0,21900,50200,"B"
"CTG","09:18:24",26.3,0,600,28300,"B"
"CTG","09:18:19",26.3,0,600,27700,"B"
"CTG","09:18:09",26.35,0.05,600,27100,"B"
"CTG","09:17:36",26.4,0.1,2000,26500,"S"
"CTG","09:17:02",26.4,0.1,500,24500,"S"
"CTG","09:16:49",26.4,0.1,1000,24000,"S"
"CTG","09:16:20",26.4,0.1,200,23000,"S"
"CTG","09:16:14",26.4,0.1,100,22800,"S"
"CTG","09:16:12",26.4,0.1,2300,22700,"B"
"CTG","09:15:55",26.45,0.15,300,20400,"S"
"CTG","09:15:46",26.4,0.1,100,20100,"B"
"CTG","09:15:39",26.4,0.1,600,20000,"B"
"CTG","09:15:00",26.45,0.15,19400,19400,
