"symbol","time","price","change","vol","total","side"
"DTD","14:45:01",24,1,39600,1474800,
"DTD","14:29:00",23.9,0.9,1300,1435200,
"DTD","14:28:59",23.8,0.8,2000,1433900,
"DTD","14:28:33",23.9,0.9,3100,1431900,
"DTD","14:28:30",23.9,0.9,15000,1428800,
"DTD","14:28:13",23.9,0.9,5000,1413800,
"DTD","14:28:07",23.9,0.9,200,1408800,
"DTD","14:27:50",23.9,0.9,2000,1408600,
"DTD","14:27:08",24,1,1000,1406600,
"DTD","14:25:58",24,1,500,1405600,
"DTD","14:25:49",24,1,1400,1405100,
"DTD","14:25:42",24,1,700,1403700,
"DTD","14:25:19",24,1,3000,1403000,
"DTD","14:24:39",24,1,2700,1400000,
"DTD","14:24:19",24,1,5000,1397300,
"DTD","14:23:54",24,1,4100,1392300,
"DTD","14:23:35",24.1,1.1,1000,1388200,
"DTD","14:23:26",24,1,200,1387200,
"DTD","14:22:45",24.1,1.1,900,1387000,
"DTD","14:22:38",24.1,1.1,1100,1386100,
"DTD","14:22:31",24.1,1.1,900,1385000,
"DTD","14:22:15",24.1,1.1,100,1384100,
"DTD","14:22:11",24,1,9000,1384000,
"DTD","14:21:56",24.1,1.1,200,1375000,
"DTD","14:21:51",24.2,1.2,3000,1374800,
"DTD","14:21:39",24.1,1.1,5000,1371800,
"DTD","14:21:24",24.2,1.2,800,1366800,
"DTD","14:20:23",24.2,1.2,7000,1366000,
"DTD","14:19:30",24.2,1.2,5000,1359000,
"DTD","14:19:23",24.2,1.2,5000,1354000,
"DTD","14:18:42",24.2,1.2,4100,1349000,
"DTD","14:18:11",24.1,1.1,800,1344900,
"DTD","14:18:05",24.1,1.1,200,1344100,
"DTD","14:17:59",24.2,1.2,1000,1343900,
"DTD","14:17:45",24.1,1.1,1800,1342900,
"DTD","14:17:43",24.1,1.1,200,1341100,
"DTD","14:17:38",24.1,1.1,800,1340900,
"DTD","14:17:37",24.1,1.1,200,1340100,
"DTD","14:17:33",24.1,1.1,2000,1339900,
"DTD","14:17:15",24.1,1.1,5000,1337900,
"DTD","14:17:12",24.1,1.1,2000,1332900,
"DTD","14:17:07",24.1,1.1,2000,1330900,
"DTD","14:16:48",24.1,1.1,5000,1328900,
"DTD","14:16:36",24.1,1.1,2300,1323900,
"DTD","14:16:35",24.1,1.1,5000,1321600,
"DTD","14:16:33",24.1,1.1,1800,1316600,
"DTD","14:16:29",24.1,1.1,2300,1314800,
"DTD","14:16:28",24.1,1.1,100,1312500,
"DTD","14:16:08",24.1,1.1,4000,1312400,
"DTD","14:15:54",24.1,1.1,2300,1308400,
"DTD","14:15:53",24.1,1.1,600,1306100,
"DTD","14:14:02",24,1,8000,1305500,
"DTD","14:13:08",24,1,400,1297500,
"DTD","14:12:44",24,1,2600,1297100,
"DTD","14:12:33",24,1,4000,1294500,
"DTD","14:12:31",24,1,800,1290500,
"DTD","14:12:29",24,1,6800,1289700,
"DTD","14:12:28",24,1,20000,1282900,
"DTD","14:12:25",24,1,5000,1262900,
"DTD","14:12:24",24,1,400,1257900,
"DTD","14:12:17",24,1,500,1257500,
"DTD","14:12:08",24,1,6800,1257000,
"DTD","14:12:07",24,1,300,1250200,
"DTD","14:11:40",24,1,1000,1249900,
"DTD","14:10:41",24,1,1000,1248900,
"DTD","14:09:54",24,1,1000,1247900,
"DTD","14:09:21",24,1,1400,1246900,
"DTD","14:08:56",24,1,3000,1245500,
"DTD","14:08:13",24,1,100,1242500,
"DTD","14:08:08",24,1,5000,1242400,
"DTD","14:07:28",24,1,26900,1237400,
"DTD","14:07:11",23.9,0.9,1000,1210500,
"DTD","14:07:05",23.9,0.9,4000,1209500,
"DTD","14:06:32",23.9,0.9,2700,1205500,
"DTD","14:06:31",23.9,0.9,7300,1202800,
"DTD","14:06:23",23.9,0.9,1000,1195500,
"DTD","14:06:05",23.9,0.9,400,1194500,
"DTD","14:06:04",23.9,0.9,6000,1194100,
"DTD","14:04:33",23.9,0.9,700,1188100,
"DTD","14:04:17",23.9,0.9,8500,1187400,
"DTD","14:04:04",23.9,0.9,100,1178900,
"DTD","14:03:51",23.9,0.9,500,1178800,
"DTD","14:03:38",23.9,0.9,12700,1178300,
"DTD","14:03:16",23.9,0.9,2000,1165600,
"DTD","14:03:01",23.9,0.9,2300,1163600,
"DTD","14:02:55",23.9,0.9,5400,1161300,
"DTD","14:02:51",23.9,0.9,12300,1155900,
"DTD","14:01:20",24,1,500,1143600,
"DTD","14:00:29",24,1,300,1143100,
"DTD","14:00:15",24,1,1000,1142800,
"DTD","13:59:50",24,1,3000,1141800,
"DTD","13:59:42",24,1,200,1138800,
"DTD","13:59:06",24,1,2300,1138600,
"DTD","13:59:03",24,1,100,1136300,
"DTD","13:57:03",23.9,0.9,500,1136200,
"DTD","13:56:57",23.9,0.9,5500,1135700,
"DTD","13:56:53",23.9,0.9,400,1130200,
"DTD","13:56:36",23.9,0.9,400,1129800,
"DTD","13:56:15",23.9,0.9,1000,1129400,
"DTD","13:56:12",24,1,200,1128400,
"DTD","13:55:47",24,1,200,1128200,
"DTD","13:55:42",23.9,0.9,1500,1128000,
"DTD","13:55:24",23.9,0.9,200,1126500,
"DTD","13:54:32",23.9,0.9,4300,1126300,
"DTD","13:54:26",23.9,0.9,4000,1122000,
"DTD","13:54:17",23.9,0.9,5000,1118000,
"DTD","13:54:03",23.9,0.9,2000,1113000,
"DTD","13:53:51",23.9,0.9,10000,1111000,
"DTD","13:53:06",23.9,0.9,500,1101000,
"DTD","13:52:02",23.9,0.9,10000,1100500,
"DTD","13:51:54",23.8,0.8,500,1090500,
"DTD","13:51:34",23.9,0.9,200,1090000,
"DTD","13:51:08",23.9,0.9,2600,1089800,
"DTD","13:50:47",23.8,0.8,500,1087200,
"DTD","13:49:02",23.8,0.8,500,1086700,
"DTD","13:48:59",23.8,0.8,1000,1086200,
"DTD","13:48:29",23.8,0.8,1000,1085200,
"DTD","13:47:23",23.8,0.8,100,1084200,
"DTD","13:47:22",23.8,0.8,1000,1084100,
"DTD","13:46:44",23.8,0.8,900,1083100,
"DTD","13:46:38",23.8,0.8,1400,1082200,
"DTD","13:46:29",23.8,0.8,3300,1080800,
"DTD","13:45:49",23.9,0.9,1800,1077500,
"DTD","13:43:46",23.9,0.9,3000,1075700,
"DTD","13:42:08",23.9,0.9,9300,1072700,
"DTD","13:41:48",23.9,0.9,700,1063400,
"DTD","13:41:44",23.9,0.9,6000,1062700,
"DTD","13:41:23",23.9,0.9,400,1056700,
"DTD","13:41:20",23.9,0.9,3000,1056300,
"DTD","13:41:19",23.9,0.9,5000,1053300,
"DTD","13:40:10",23.9,0.9,2000,1048300,
"DTD","13:39:37",23.8,0.8,300,1046300,
"DTD","13:38:59",23.8,0.8,5000,1046000,
"DTD","13:38:05",23.8,0.8,300,1041000,
"DTD","13:37:36",23.8,0.8,13500,1040700,
"DTD","13:36:43",23.9,0.9,1000,1027200,
"DTD","13:35:55",23.9,0.9,100,1026200,
"DTD","13:35:46",23.9,0.9,300,1026100,
"DTD","13:35:42",23.8,0.8,1500,1025800,
"DTD","13:34:23",23.8,0.8,500,1024300,
"DTD","13:34:15",23.8,0.8,1800,1023800,
"DTD","13:34:13",23.8,0.8,700,1022000,
"DTD","13:34:12",23.8,0.8,100,1021300,
"DTD","13:33:53",23.8,0.8,2000,1021200,
"DTD","13:33:41",23.8,0.8,900,1019200,
"DTD","13:33:01",23.9,0.9,2000,1018300,
"DTD","13:32:05",23.9,0.9,200,1016300,
"DTD","13:31:54",23.9,0.9,300,1016100,
"DTD","13:31:39",23.9,0.9,7300,1015800,
"DTD","13:31:35",23.9,0.9,700,1008500,
"DTD","13:31:25",23.9,0.9,1000,1007800,
"DTD","13:31:19",23.9,0.9,5000,1006800,
"DTD","13:31:07",23.9,0.9,5000,1001800,
"DTD","13:30:33",23.9,0.9,500,996800,
"DTD","13:29:16",24,1,500,996300,
"DTD","13:29:11",24,1,100,995800,
"DTD","13:29:04",24,1,100,995700,
"DTD","13:28:48",24,1,1000,995600,
"DTD","13:27:43",24,1,400,994600,
"DTD","13:27:29",24,1,700,994200,
"DTD","13:27:16",24,1,4300,993500,
"DTD","13:27:12",24,1,1000,989200,
"DTD","13:27:03",24,1,500,988200,
"DTD","13:26:59",24,1,700,987700,
"DTD","13:26:57",24,1,300,987000,
"DTD","13:26:56",24,1,100,986700,
"DTD","13:26:54",24,1,100,986600,
"DTD","13:26:21",24,1,500,986500,
"DTD","13:26:20",24,1,200,986000,
"DTD","13:26:14",24,1,5000,985800,
"DTD","13:25:50",24,1,50000,980800,
"DTD","13:25:49",23.9,0.9,100,930800,
"DTD","13:25:48",23.9,0.9,5000,930700,
"DTD","13:25:07",24,1,1000,925700,
"DTD","13:24:49",24,1,100,924700,
"DTD","13:24:28",23.9,0.9,700,924600,
"DTD","13:24:22",24,1,500,923900,
"DTD","13:23:29",23.9,0.9,2700,923400,
"DTD","13:23:19",24,1,300,920700,
"DTD","13:23:12",24,1,100,920400,
"DTD","13:23:09",23.9,0.9,1000,920300,
"DTD","13:22:42",23.9,0.9,3500,919300,
"DTD","13:22:12",24,1,500,915800,
"DTD","13:21:41",24,1,2000,915300,
"DTD","13:21:39",23.9,0.9,2000,913300,
"DTD","13:21:33",23.9,0.9,4000,911300,
"DTD","13:20:36",23.9,0.9,1100,907300,
"DTD","13:20:30",23.9,0.9,1000,906200,
"DTD","13:19:30",23.9,0.9,7500,905200,
"DTD","13:18:48",23.9,0.9,2000,897700,
"DTD","13:18:32",23.9,0.9,9700,895700,
"DTD","13:18:27",23.9,0.9,1000,886000,
"DTD","13:18:22",23.9,0.9,2200,885000,
"DTD","13:18:08",23.9,0.9,1200,882800,
"DTD","13:18:04",23.9,0.9,700,881600,
"DTD","13:18:03",23.9,0.9,200,880900,
"DTD","13:17:44",24,1,5000,880700,
"DTD","13:17:31",23.9,0.9,1000,875700,
"DTD","13:17:23",23.9,0.9,600,874700,
"DTD","13:17:18",23.9,0.9,3000,874100,
"DTD","13:17:06",23.9,0.9,100,871100,
"DTD","13:16:18",23.9,0.9,100,871000,
"DTD","13:15:54",23.9,0.9,100,870900,
"DTD","13:15:45",24,1,1000,870800,
"DTD","13:15:40",23.9,0.9,1000,869800,
"DTD","13:15:27",23.9,0.9,100,868800,
"DTD","13:14:42",24,1,1000,868700,
"DTD","13:14:22",24,1,2000,867700,
"DTD","13:14:18",23.9,0.9,200,865700,
"DTD","13:14:04",23.9,0.9,100,865500,
"DTD","13:13:51",23.9,0.9,2000,865400,
"DTD","13:13:44",23.9,0.9,100,863400,
"DTD","13:13:41",23.9,0.9,2900,863300,
"DTD","13:13:39",23.8,0.8,100,860400,
"DTD","13:13:30",23.8,0.8,100,860300,
"DTD","13:13:24",23.8,0.8,500,860200,
"DTD","13:13:16",23.8,0.8,10900,859700,
"DTD","13:13:03",23.8,0.8,20000,848800,
"DTD","13:13:02",23.6,0.6,100,828800,
"DTD","13:12:18",23.6,0.6,1300,828700,
"DTD","13:12:08",23.6,0.6,1500,827400,
"DTD","13:12:06",23.6,0.6,1000,825900,
"DTD","13:11:57",23.6,0.6,2000,824900,
"DTD","13:11:53",23.6,0.6,2000,822900,
"DTD","13:11:40",23.6,0.6,1500,820900,
"DTD","13:10:42",23.6,0.6,2000,819400,
"DTD","13:10:31",23.6,0.6,3000,817400,
"DTD","13:10:25",23.6,0.6,500,814400,
"DTD","13:10:14",23.6,0.6,5900,813900,
"DTD","13:10:12",23.6,0.6,20000,808000,
"DTD","13:09:51",23.6,0.6,1000,788000,
"DTD","13:09:30",23.6,0.6,1000,787000,
"DTD","13:09:25",23.6,0.6,2000,786000,
"DTD","13:09:24",23.6,0.6,2000,784000,
"DTD","13:09:06",23.6,0.6,2000,782000,
"DTD","13:09:05",23.6,0.6,4000,780000,
"DTD","13:08:53",23.5,0.5,500,776000,
"DTD","13:08:10",23.5,0.5,1000,775500,
"DTD","13:06:45",23.5,0.5,2100,774500,
"DTD","13:06:13",23.5,0.5,400,772400,
"DTD","13:06:10",23.5,0.5,5000,772000,
"DTD","13:06:09",23.5,0.5,4000,767000,
"DTD","13:06:05",23.5,0.5,5000,763000,
"DTD","13:06:02",23.4,0.4,1000,758000,
"DTD","13:05:58",23.5,0.5,8000,757000,
"DTD","13:05:57",23.5,0.5,100,749000,
"DTD","13:05:56",23.5,0.5,3000,748900,
"DTD","13:05:49",23.5,0.5,2000,745900,
"DTD","13:05:41",23.5,0.5,1000,743900,
"DTD","13:05:18",23.5,0.5,2000,742900,
"DTD","13:04:43",23.4,0.4,2100,740900,
"DTD","13:03:34",23.4,0.4,700,738800,
"DTD","13:03:07",23.5,0.5,100,738100,
"DTD","13:02:59",23.5,0.5,400,738000,
"DTD","13:02:23",23.4,0.4,1500,737600,
"DTD","13:01:50",23.4,0.4,100,736100,
"DTD","13:01:27",23.4,0.4,4000,736000,
"DTD","13:00:10",23.4,0.4,500,726000,
"DTD","13:00:09",23.5,0.5,100,725500,
"DTD","13:00:08",23.5,0.5,1000,725400,
"DTD","13:00:07",23.4,0.4,1500,724400,
"DTD","13:00:06",23.4,0.4,700,722900,
"DTD","13:00:05",23.5,0.5,1100,722200,
"DTD","11:29:35",23.4,0.4,500,721100,
"DTD","11:24:28",23.4,0.4,2000,720600,
"DTD","11:24:27",23.4,0.4,100,718600,
"DTD","11:23:11",23.4,0.4,15000,718500,
"DTD","11:22:35",23.4,0.4,4000,703500,
"DTD","11:18:12",23.4,0.4,5000,699500,
"DTD","11:17:37",23.4,0.4,16000,694500,
"DTD","11:16:55",23.5,0.5,1000,678500,
"DTD","11:15:04",23.5,0.5,5000,677500,
"DTD","11:14:56",23.4,0.4,1500,672500,
"DTD","11:14:27",23.4,0.4,300,671000,
"DTD","11:14:17",23.4,0.4,100,670700,
"DTD","11:14:16",23.4,0.4,2000,670600,
"DTD","11:13:43",23.4,0.4,200,668600,
"DTD","11:12:23",23.4,0.4,500,668400,
"DTD","11:11:46",23.5,0.5,3400,667900,
"DTD","11:10:28",23.4,0.4,100,664500,
"DTD","11:10:26",23.5,0.5,5000,664400,
"DTD","11:08:35",23.4,0.4,400,659400,
"DTD","11:08:22",23.4,0.4,100,659000,
"DTD","11:08:16",23.4,0.4,4500,658900,
"DTD","11:08:08",23.5,0.5,2000,654400,
"DTD","11:07:58",23.4,0.4,200,652400,
"DTD","11:07:51",23.5,0.5,3000,652200,
"DTD","11:07:43",23.4,0.4,20000,649200,
"DTD","11:07:28",23.5,0.5,2000,629200,
"DTD","11:06:43",23.4,0.4,6000,627200,
"DTD","11:06:23",23.4,0.4,5000,621200,
"DTD","11:06:06",23.6,0.6,1000,616200,
"DTD","11:06:05",23.5,0.5,5000,615200,
"DTD","11:05:45",23.5,0.5,5000,610200,
"DTD","11:05:36",23.6,0.6,1000,605200,
"DTD","11:05:16",23.5,0.5,100,604200,
"DTD","11:04:15",23.5,0.5,900,604100,
"DTD","11:03:55",23.5,0.5,5000,603200,
"DTD","11:03:43",23.5,0.5,2200,598200,
"DTD","11:03:38",23.4,0.4,5000,596000,
"DTD","11:03:35",23.4,0.4,1000,591000,
"DTD","11:03:33",23.5,0.5,10000,590000,
"DTD","11:03:20",23.4,0.4,5000,580000,
"DTD","11:03:02",23.4,0.4,5000,575000,
"DTD","11:02:58",23.4,0.4,500,570000,
"DTD","11:02:26",23.4,0.4,2600,569500,
"DTD","11:02:24",23.4,0.4,2400,566900,
"DTD","11:02:09",23.4,0.4,400,564500,
"DTD","11:02:00",23.4,0.4,1800,564100,
"DTD","11:01:42",23.4,0.4,2800,562300,
"DTD","11:01:15",23.4,0.4,200,559500,
"DTD","11:01:14",23.4,0.4,100,559300,
"DTD","11:01:05",23.4,0.4,4700,559200,
"DTD","11:00:52",23.4,0.4,300,554500,
"DTD","11:00:43",23.4,0.4,400,554200,
"DTD","11:00:37",23.4,0.4,1000,553800,
"DTD","11:00:33",23.4,0.4,600,552800,
"DTD","11:00:25",23.4,0.4,2700,552200,
"DTD","11:00:04",23.4,0.4,300,549500,
"DTD","10:59:45",23.4,0.4,500,549200,
"DTD","10:59:17",23.4,0.4,4300,548700,
"DTD","10:58:57",23.4,0.4,5000,544400,
"DTD","10:58:04",23.4,0.4,15000,539400,
"DTD","10:57:59",23.5,0.5,100,524400,
"DTD","10:57:27",23.4,0.4,5000,524300,
"DTD","10:57:10",23.4,0.4,5000,519300,
"DTD","10:56:26",23.4,0.4,5000,514300,
"DTD","10:56:18",23.5,0.5,100,509300,
"DTD","10:56:12",23.5,0.5,100,509200,
"DTD","10:56:08",23.5,0.5,900,509100,
"DTD","10:56:06",23.5,0.5,5000,508200,
"DTD","10:55:59",23.5,0.5,200,503200,
"DTD","10:55:01",23.5,0.5,5000,503000,
"DTD","10:54:43",23.4,0.4,5000,498000,
"DTD","10:54:41",23.5,0.5,100,493000,
"DTD","10:54:23",23.4,0.4,5000,492900,
"DTD","10:53:47",23.4,0.4,5000,487900,
"DTD","10:52:54",23.4,0.4,5000,482900,
"DTD","10:52:29",23.4,0.4,5000,477900,
"DTD","10:52:14",23.5,0.5,100,472900,
"DTD","10:52:05",23.5,0.5,5000,472800,
"DTD","10:51:29",23.5,0.5,2800,467800,
"DTD","10:51:27",23.5,0.5,7700,465000,
"DTD","10:51:23",23.5,0.5,5000,457300,
"DTD","10:51:16",23.5,0.5,2300,452300,
"DTD","10:50:52",23.4,0.4,5000,450000,
"DTD","10:50:45",23.5,0.5,500,445000,
"DTD","10:50:44",23.5,0.5,100,444500,
"DTD","10:50:28",23.4,0.4,5000,444400,
"DTD","10:49:57",23.4,0.4,400,439400,
"DTD","10:49:54",23.4,0.4,400,439000,
"DTD","10:49:52",23.4,0.4,300,438600,
"DTD","10:49:47",23.4,0.4,100,438300,
"DTD","10:49:36",23.4,0.4,1000,438200,
"DTD","10:49:21",23.4,0.4,2800,437200,
"DTD","10:48:33",23.4,0.4,20000,434400,
"DTD","10:48:32",23.5,0.5,1000,414400,
"DTD","10:48:31",23.5,0.5,4800,413400,
"DTD","10:48:12",23.5,0.5,2200,408600,
"DTD","10:48:04",23.5,0.5,10000,406400,
"DTD","10:47:56",23.4,0.4,5000,396400,
"DTD","10:47:37",23.4,0.4,1000,391400,
"DTD","10:47:09",23.4,0.4,500,390400,
"DTD","10:46:56",23.4,0.4,200,389900,
"DTD","10:46:54",23.4,0.4,2300,389700,
"DTD","10:46:47",23.5,0.5,100,387400,
"DTD","10:46:31",23.4,0.4,100,387300,
"DTD","10:46:19",23.4,0.4,10000,387200,
"DTD","10:45:44",23.5,0.5,200,377200,
"DTD","10:45:22",23.3,0.3,28000,377000,
"DTD","10:45:06",23.4,0.4,100,349000,
"DTD","10:45:03",23.4,0.4,1600,348900,
"DTD","10:44:51",23.4,0.4,800,347300,
"DTD","10:44:49",23.4,0.4,300,346500,
"DTD","10:44:45",23.4,0.4,1400,346200,
"DTD","10:44:31",23.4,0.4,1000,344800,
"DTD","10:44:08",23.4,0.4,1000,343800,
"DTD","10:43:56",23.4,0.4,1000,342800,
"DTD","10:43:34",23.4,0.4,800,341800,
"DTD","10:43:04",23.4,0.4,100,341000,
"DTD","10:42:45",23.4,0.4,4100,340900,
"DTD","10:42:34",23.4,0.4,900,336800,
"DTD","10:42:33",23.4,0.4,4100,335900,
"DTD","10:42:31",23.4,0.4,2000,331800,
"DTD","10:42:30",23.4,0.4,1000,329800,
"DTD","10:42:25",23.4,0.4,2900,328800,
"DTD","10:42:17",23.4,0.4,4000,325900,
"DTD","10:42:04",23.4,0.4,6000,321900,
"DTD","10:41:49",23.4,0.4,3300,315900,
"DTD","10:41:31",23.4,0.4,100,312600,
"DTD","10:41:13",23.4,0.4,1600,312500,
"DTD","10:40:46",23.4,0.4,500,310900,
"DTD","10:40:43",23.4,0.4,4300,310400,
"DTD","10:40:24",23.4,0.4,700,306100,
"DTD","10:40:00",23.4,0.4,5000,305400,
"DTD","10:39:36",23.4,0.4,8000,300400,
"DTD","10:38:51",23.4,0.4,2300,292400,
"DTD","10:38:49",23.4,0.4,5000,290100,
"DTD","10:38:28",23.4,0.4,5000,285100,
"DTD","10:37:59",23.4,0.4,25000,280100,
"DTD","10:37:30",23.4,0.4,3000,255100,
"DTD","10:37:04",23.4,0.4,3000,252100,
"DTD","10:36:32",23.4,0.4,3000,249100,
"DTD","10:35:47",23.4,0.4,6000,246100,
"DTD","10:35:12",23.4,0.4,8000,240100,
"DTD","10:34:29",23.4,0.4,700,232100,
"DTD","10:33:59",23.4,0.4,2000,231400,
"DTD","10:33:52",23.4,0.4,300,229400,
"DTD","10:32:41",23.4,0.4,3000,229100,
"DTD","10:32:24",23.4,0.4,200,226100,
"DTD","10:32:12",23.4,0.4,200,225900,
"DTD","10:32:09",23.4,0.4,4600,225700,
"DTD","10:31:23",23.4,0.4,3000,221100,
"DTD","10:30:34",23.4,0.4,3000,218100,
"DTD","10:30:05",23.4,0.4,3000,215100,
"DTD","10:29:35",23.4,0.4,7000,212100,
"DTD","10:29:18",23.4,0.4,1500,205100,
"DTD","10:28:38",23.4,0.4,1700,203600,
"DTD","10:28:31",23.4,0.4,300,201900,
"DTD","10:28:07",23.4,0.4,2000,201600,
"DTD","10:27:36",23.4,0.4,3000,199600,
"DTD","10:27:06",23.4,0.4,1000,196600,
"DTD","10:26:53",23.5,0.5,5000,195600,
"DTD","10:26:52",23.4,0.4,2200,190600,
"DTD","10:26:16",23.4,0.4,1000,188400,
"DTD","10:26:11",23.4,0.4,6000,187400,
"DTD","10:23:24",23.4,0.4,4200,181400,
"DTD","10:22:59",23.4,0.4,6700,177200,
"DTD","10:19:41",23.4,0.4,400,170500,
"DTD","10:18:55",23.4,0.4,500,170100,
"DTD","10:18:24",23.4,0.4,8000,169600,
"DTD","10:18:00",23.4,0.4,300,161600,
"DTD","10:16:45",23.4,0.4,1500,161300,
"DTD","10:16:41",23.4,0.4,500,159800,
"DTD","10:13:29",23.4,0.4,3000,159300,
"DTD","10:10:10",23.4,0.4,3700,156300,
"DTD","10:08:25",23.5,0.5,1000,152600,
"DTD","10:06:47",23.5,0.5,500,151600,
"DTD","10:06:20",23.5,0.5,13500,151100,
"DTD","10:06:16",23.4,0.4,1000,137600,
"DTD","10:06:10",23.4,0.4,900,136600,
"DTD","10:05:36",23.4,0.4,100,135700,
"DTD","10:05:02",23.5,0.5,100,135600,
"DTD","10:05:00",23.4,0.4,300,135500,
"DTD","10:04:48",23.4,0.4,900,135200,
"DTD","10:04:12",23.4,0.4,12300,134300,
"DTD","10:03:57",23.4,0.4,10000,122000,
"DTD","10:02:47",23.5,0.5,2900,112000,
"DTD","10:01:51",23.5,0.5,200,109100,
"DTD","10:01:30",23.5,0.5,500,108900,
"DTD","10:01:23",23.5,0.5,100,108400,
"DTD","10:00:09",23.5,0.5,100,108300,
"DTD","09:59:54",23.5,0.5,100,108200,
"DTD","09:59:03",23.5,0.5,500,108100,
"DTD","09:58:39",23.5,0.5,600,107600,
"DTD","09:58:30",23.5,0.5,6400,107000,
"DTD","09:58:12",23.5,0.5,500,100600,
"DTD","09:57:46",23.5,0.5,5000,100100,
"DTD","09:57:14",23.4,0.4,100,95100,
"DTD","09:56:54",23.3,0.3,4900,95000,
"DTD","09:56:53",23.4,0.4,100,90100,
"DTD","09:56:51",23.4,0.4,27900,90000,
"DTD","09:55:57",23.4,0.4,2300,62100,
"DTD","09:54:36",23.3,0.3,2800,59800,
"DTD","09:53:57",23.3,0.3,900,57000,
"DTD","09:53:06",23.3,0.3,2200,56100,
"DTD","09:52:20",23.3,0.3,700,53900,
"DTD","09:48:57",23.2,0.2,2400,53200,
"DTD","09:48:19",23.3,0.3,1000,50800,
"DTD","09:48:08",23.2,0.2,2500,49800,
"DTD","09:47:40",23.3,0.3,3200,47300,
"DTD","09:46:37",23.3,0.3,100,44100,
"DTD","09:45:59",23.3,0.3,100,44000,
"DTD","09:41:15",23.3,0.3,400,43900,
"DTD","09:38:53",23.3,0.3,100,43500,
"DTD","09:38:38",23.3,0.3,300,43400,
"DTD","09:38:16",23.3,0.3,100,43100,
"DTD","09:37:15",23.3,0.3,100,43000,
"DTD","09:36:40",23.3,0.3,900,42900,
"DTD","09:36:18",23.3,0.3,100,42000,
"DTD","09:36:03",23.4,0.4,100,41900,
"DTD","09:35:28",23.3,0.3,6000,41800,
"DTD","09:34:39",23.3,0.3,100,35800,
"DTD","09:34:22",23.3,0.3,100,35700,
"DTD","09:34:08",23.3,0.3,800,35600,
"DTD","09:28:41",23.3,0.3,100,34800,
"DTD","09:28:07",23.3,0.3,300,34700,
"DTD","09:27:26",23.3,0.3,2800,34400,
"DTD","09:26:37",23.3,0.3,200,31600,
"DTD","09:26:36",23.3,0.3,7000,31400,
"DTD","09:25:17",23.4,0.4,400,24400,
"DTD","09:25:12",23.4,0.4,1200,24000,
"DTD","09:24:49",23.4,0.4,200,22800,
"DTD","09:20:30",23.4,0.4,500,22600,
"DTD","09:19:51",23.4,0.4,100,22100,
"DTD","09:18:57",23.5,0.5,100,22000,
"DTD","09:18:35",23.5,0.5,500,21900,
"DTD","09:18:13",23.6,0.6,500,21400,
"DTD","09:17:43",23.7,0.7,100,20900,
"DTD","09:17:21",23.6,0.6,1500,20800,
"DTD","09:17:19",23.7,0.7,500,19300,
"DTD","09:17:03",23.7,0.7,400,18800,
"DTD","09:17:02",23.8,0.8,1500,18400,
"DTD","09:16:52",23.7,0.7,200,16900,
"DTD","09:16:36",23.7,0.7,100,16700,
"DTD","09:16:25",23.8,0.8,1000,16600,
"DTD","09:16:20",23.8,0.8,200,15600,
"DTD","09:16:08",23.7,0.7,800,15400,
"DTD","09:16:00",23.7,0.7,4000,14600,
"DTD","09:15:53",23.6,0.6,3500,10600,
"DTD","09:15:37",23.6,0.6,1500,7100,
"DTD","09:15:35",23.5,0.5,100,5600,
"DTD","09:14:56",23.5,0.5,200,5500,
"DTD","09:14:45",23.5,0.5,100,5300,
"DTD","09:14:34",23.5,0.5,1100,5200,
"DTD","09:13:33",23.5,0.5,2000,4100,
"DTD","09:12:30",23.5,0.5,100,2100,
"DTD","09:11:21",23.4,0.4,600,2000,
"DTD","09:11:12",23.3,0.3,500,1400,
"DTD","09:09:35",23.3,0.3,100,900,
"DTD","09:08:08",23.3,0.3,600,800,
"DTD","09:07:04",23.3,0.3,100,200,
"DTD","09:03:18",23.3,0.3,100,100,
