"symbol","time","price","change","vol","total","side"
"EVG","14:45:00",5.44,0.1,47400,2906900,
"EVG","14:29:56",5.46,0.12,1000,2859500,"B"
"EVG","14:29:36",5.46,0.12,300,2858500,"B"
"EVG","14:29:30",5.46,0.12,1000,2858200,"B"
"EVG","14:29:12",5.46,0.12,200,2857200,"B"
"EVG","14:28:59",5.46,0.12,6000,2857000,"S"
"EVG","14:28:36",5.44,0.1,2600,2851000,"B"
"EVG","14:28:36",5.45,0.11,400,2848400,"B"
"EVG","14:28:31",5.44,0.1,2000,2848000,"B"
"EVG","14:27:30",5.44,0.1,500,2846000,"B"
"EVG","14:27:12",5.44,0.1,100,2845500,"B"
"EVG","14:27:11",5.44,0.1,3200,2845400,"B"
"EVG","14:27:03",5.44,0.1,7400,2842200,"B"
"EVG","14:26:44",5.46,0.12,1700,2834800,"B"
"EVG","14:26:29",5.47,0.13,600,2833100,"S"
"EVG","14:26:19",5.46,0.12,3300,2832500,"S"
"EVG","14:26:17",5.46,0.12,2500,2829200,"B"
"EVG","14:26:13",5.46,0.12,100,2826700,"B"
"EVG","14:26:05",5.46,0.12,4200,2826600,"B"
"EVG","14:25:56",5.46,0.12,2000,2822400,"B"
"EVG","14:25:40",5.47,0.13,2000,2820400,"B"
"EVG","14:25:15",5.48,0.14,1000,2818400,"B"
"EVG","14:24:47",5.48,0.14,100,2817400,"B"
"EVG","14:24:24",5.49,0.15,1000,2817300,"S"
"EVG","14:24:10",5.49,0.15,100,2816300,"S"
"EVG","14:23:57",5.49,0.15,100,2816200,"S"
"EVG","14:23:45",5.49,0.15,100,2816100,"S"
"EVG","14:23:05",5.49,0.15,17400,2816000,"S"
"EVG","14:23:05",5.48,0.14,2700,2798600,"S"
"EVG","14:22:54",5.48,0.14,3000,2795900,"B"
"EVG","14:22:51",5.48,0.14,500,2792900,"B"
"EVG","14:22:22",5.48,0.14,11500,2792400,"S"
"EVG","14:21:39",5.48,0.14,1000,2780900,"S"
"EVG","14:21:16",5.48,0.14,500,2779900,"S"
"EVG","14:21:11",5.48,0.14,1100,2779400,"B"
"EVG","14:21:02",5.48,0.14,2000,2778300,"B"
"EVG","14:20:45",5.48,0.14,4000,2776300,"B"
"EVG","14:20:23",5.49,0.15,900,2772300,"S"
"EVG","14:20:07",5.48,0.14,1000,2771400,"S"
"EVG","14:19:24",5.48,0.14,15000,2770400,"B"
"EVG","14:19:19",5.49,0.15,35800,2755400,"B"
"EVG","14:19:14",5.5,0.16,3100,2719600,"B"
"EVG","14:19:10",5.5,0.16,700,2716500,"B"
"EVG","14:19:02",5.5,0.16,50000,2715800,"B"
"EVG","14:18:54",5.51,0.17,1600,2665800,"S"
"EVG","14:18:47",5.51,0.17,10000,2664200,"S"
"EVG","14:18:46",5.51,0.17,600,2654200,"S"
"EVG","14:18:31",5.51,0.17,600,2653600,"S"
"EVG","14:18:22",5.51,0.17,27800,2653000,"B"
"EVG","14:18:15",5.52,0.18,300,2625200,"S"
"EVG","14:18:07",5.52,0.18,200,2624900,"S"
"EVG","14:18:05",5.52,0.18,700,2624700,"S"
"EVG","14:18:01",5.52,0.18,1500,2624000,"S"
"EVG","14:17:55",5.52,0.18,700,2622500,"S"
"EVG","14:17:41",5.52,0.18,700,2621800,"S"
"EVG","14:17:27",5.52,0.18,1200,2621100,"S"
"EVG","14:17:23",5.52,0.18,600,2619900,"S"
"EVG","14:17:20",5.52,0.18,3000,2619300,"S"
"EVG","14:17:17",5.52,0.18,700,2616300,"S"
"EVG","14:17:13",5.52,0.18,1500,2615600,"S"
"EVG","14:17:10",5.52,0.18,600,2614100,"S"
"EVG","14:16:46",5.52,0.18,700,2613500,"S"
"EVG","14:16:43",5.52,0.18,1300,2612800,"S"
"EVG","14:16:41",5.52,0.18,600,2611500,"S"
"EVG","14:16:38",5.52,0.18,2000,2610900,"S"
"EVG","14:16:36",5.52,0.18,400,2608900,"S"
"EVG","14:16:33",5.52,0.18,1500,2608500,"S"
"EVG","14:16:29",5.52,0.18,600,2607000,"S"
"EVG","14:16:26",5.51,0.17,4600,2606400,"B"
"EVG","14:16:25",5.52,0.18,2000,2601800,"S"
"EVG","14:16:22",5.52,0.18,700,2599800,"S"
"EVG","14:16:18",5.52,0.18,2400,2599100,"S"
"EVG","14:16:11",5.52,0.18,2900,2596700,"S"
"EVG","14:16:08",5.52,0.18,1700,2593800,"S"
"EVG","14:16:02",5.52,0.18,600,2592100,"S"
"EVG","14:15:58",5.52,0.18,1500,2591500,"S"
"EVG","14:15:39",5.51,0.17,35300,2590000,"S"
"EVG","14:15:13",5.51,0.17,700,2554700,"S"
"EVG","14:15:08",5.51,0.17,1100,2554000,"S"
"EVG","14:15:03",5.51,0.17,600,2552900,"S"
"EVG","14:14:59",5.51,0.17,2000,2552300,"S"
"EVG","14:14:55",5.51,0.17,700,2550300,"S"
"EVG","14:14:52",5.51,0.17,1000,2549600,"S"
"EVG","14:14:51",5.51,0.17,1200,2548600,"S"
"EVG","14:14:47",5.51,0.17,600,2547400,"S"
"EVG","14:14:45",5.51,0.17,1000,2546800,"S"
"EVG","14:14:43",5.51,0.17,2000,2545800,"S"
"EVG","14:14:39",5.51,0.17,400,2543800,"S"
"EVG","14:14:36",5.51,0.17,1300,2543400,"S"
"EVG","14:14:34",5.51,0.17,1500,2542100,"S"
"EVG","14:14:32",5.51,0.17,600,2540600,"S"
"EVG","14:14:14",5.5,0.16,8800,2540000,"S"
"EVG","14:14:10",5.5,0.16,400,2531200,"S"
"EVG","14:14:06",5.5,0.16,1000,2530800,"S"
"EVG","14:14:01",5.5,0.16,5000,2529800,"S"
"EVG","14:14:00",5.5,0.16,700,2524800,"S"
"EVG","14:13:52",5.5,0.16,700,2524100,"S"
"EVG","14:13:47",5.5,0.16,1100,2523400,"S"
"EVG","14:13:44",5.5,0.16,10000,2522300,"S"
"EVG","14:13:42",5.5,0.16,600,2512300,"S"
"EVG","14:13:37",5.5,0.16,12900,2511700,"S"
"EVG","14:13:29",5.5,0.16,1000,2498800,"S"
"EVG","14:13:28",5.5,0.16,1000,2497800,"S"
"EVG","14:13:22",5.5,0.16,13000,2496800,"S"
"EVG","14:13:04",5.5,0.16,400,2483800,"S"
"EVG","14:13:02",5.5,0.16,10000,2483400,"S"
"EVG","14:13:01",5.5,0.16,500,2473400,"S"
"EVG","14:12:49",5.5,0.16,2000,2472900,"S"
"EVG","14:12:35",5.5,0.16,1500,2470900,"S"
"EVG","14:12:30",5.5,0.16,600,2469400,"S"
"EVG","14:11:59",5.49,0.15,19100,2468800,"S"
"EVG","14:11:57",5.49,0.15,300,2449700,"S"
"EVG","14:11:56",5.49,0.15,7500,2449400,"S"
"EVG","14:11:38",5.49,0.15,1300,2441900,"S"
"EVG","14:11:24",5.49,0.15,600,2440600,"S"
"EVG","14:11:21",5.49,0.15,100,2440000,"S"
"EVG","14:11:13",5.49,0.15,400,2439900,"S"
"EVG","14:11:08",5.49,0.15,3000,2439500,"S"
"EVG","14:10:55",5.49,0.15,500,2436500,"S"
"EVG","14:10:54",5.49,0.15,200,2436000,"S"
"EVG","14:10:51",5.49,0.15,5000,2435800,"S"
"EVG","14:10:46",5.49,0.15,1400,2430800,"S"
"EVG","14:10:43",5.49,0.15,10000,2429400,"S"
"EVG","14:10:40",5.49,0.15,4100,2419400,"S"
"EVG","14:10:39",5.49,0.15,300,2415300,"S"
"EVG","14:10:36",5.49,0.15,1200,2415000,"S"
"EVG","14:10:34",5.49,0.15,30000,2413800,"S"
"EVG","14:10:31",5.49,0.15,400,2383800,"S"
"EVG","14:10:30",5.49,0.15,3900,2383400,"S"
"EVG","14:10:29",5.49,0.15,100,2379500,"S"
"EVG","14:10:26",5.49,0.15,2500,2379400,"S"
"EVG","14:10:13",5.49,0.15,600,2376900,"S"
"EVG","14:10:07",5.49,0.15,10000,2376300,"S"
"EVG","14:10:03",5.49,0.15,1300,2366300,"S"
"EVG","14:10:02",5.49,0.15,100,2365000,"S"
"EVG","14:09:52",5.49,0.15,800,2364900,"S"
"EVG","14:09:36",5.48,0.14,6000,2364100,"S"
"EVG","14:09:35",5.48,0.14,4000,2358100,"B"
"EVG","14:09:16",5.48,0.14,6000,2354100,"S"
"EVG","14:09:06",5.48,0.14,5000,2348100,"S"
"EVG","14:08:53",5.47,0.13,300,2343100,"B"
"EVG","14:08:45",5.48,0.14,100,2342800,"S"
"EVG","14:08:27",5.46,0.12,200,2342700,"B"
"EVG","14:08:21",5.46,0.12,1000,2342500,"B"
"EVG","14:07:58",5.46,0.12,1600,2341500,"S"
"EVG","14:07:49",5.46,0.12,2100,2339900,"S"
"EVG","14:07:47",5.46,0.12,300,2337800,"S"
"EVG","14:07:42",5.46,0.12,400,2337500,"S"
"EVG","14:07:38",5.46,0.12,2000,2337100,"S"
"EVG","14:07:38",5.46,0.12,1500,2335100,"S"
"EVG","14:07:31",5.46,0.12,900,2333600,"S"
"EVG","14:07:10",5.46,0.12,3000,2332700,"S"
"EVG","14:06:07",5.45,0.11,10000,2329700,"S"
"EVG","14:06:06",5.45,0.11,800,2319700,"S"
"EVG","14:05:52",5.45,0.11,1600,2318900,"S"
"EVG","14:05:45",5.45,0.11,700,2317300,"S"
"EVG","14:05:21",5.44,0.1,700,2316600,"S"
"EVG","14:05:11",5.44,0.1,1200,2315900,"S"
"EVG","14:05:08",5.44,0.1,5000,2314700,"S"
"EVG","14:05:07",5.44,0.1,400,2309700,"S"
"EVG","14:05:05",5.44,0.1,2000,2309300,"S"
"EVG","14:04:59",5.44,0.1,3500,2307300,"S"
"EVG","14:04:47",5.43,0.09,44500,2303800,"S"
"EVG","14:04:45",5.43,0.09,5000,2259300,"S"
"EVG","14:04:43",5.43,0.09,500,2254300,"S"
"EVG","14:04:11",5.42,0.08,26200,2253800,"S"
"EVG","14:04:04",5.42,0.08,10000,2227600,"S"
"EVG","14:03:57",5.42,0.08,5900,2217600,"S"
"EVG","14:03:56",5.42,0.08,500,2211700,"S"
"EVG","14:03:40",5.42,0.08,500,2211200,"S"
"EVG","14:03:27",5.42,0.08,700,2210700,"S"
"EVG","14:03:10",5.42,0.08,2500,2210000,"S"
"EVG","14:03:06",5.42,0.08,2000,2207500,"S"
"EVG","14:02:51",5.41,0.07,3300,2205500,"B"
"EVG","14:02:43",5.42,0.08,500,2202200,"S"
"EVG","14:02:38",5.42,0.08,1000,2201700,"S"
"EVG","14:02:32",5.42,0.08,200,2200700,"S"
"EVG","14:02:28",5.42,0.08,5000,2200500,"S"
"EVG","14:01:42",5.41,0.07,3200,2195500,"S"
"EVG","14:01:41",5.41,0.07,700,2192300,"S"
"EVG","14:01:34",5.41,0.07,3000,2191600,"S"
"EVG","14:01:23",5.41,0.07,19500,2188600,"B"
"EVG","14:01:23",5.42,0.08,20600,2169100,"B"
"EVG","14:01:23",5.43,0.09,3000,2148500,"B"
"EVG","14:01:23",5.44,0.1,5000,2145500,"S"
"EVG","14:01:10",5.44,0.1,5000,2140500,"S"
"EVG","14:00:26",5.44,0.1,100,2135500,"S"
"EVG","14:00:02",5.44,0.1,2000,2135400,"S"
"EVG","13:59:31",5.42,0.08,1000,2133400,"B"
"EVG","13:59:23",5.42,0.08,5200,2132400,"S"
"EVG","13:59:10",5.41,0.07,1500,2127200,"S"
"EVG","13:59:06",5.41,0.07,300,2125700,"S"
"EVG","13:59:03",5.41,0.07,1000,2125400,"S"
"EVG","13:58:46",5.4,0.06,300,2124400,"S"
"EVG","13:58:41",5.39,0.05,5000,2124100,"B"
"EVG","13:58:40",5.4,0.06,300,2119100,"S"
"EVG","13:58:39",5.4,0.06,200,2118800,"S"
"EVG","13:58:35",5.4,0.06,100,2118600,"S"
"EVG","13:58:32",5.4,0.06,100,2118500,"S"
"EVG","13:58:29",5.4,0.06,3000,2118400,"S"
"EVG","13:58:27",5.4,0.06,21000,2115400,"B"
"EVG","13:58:22",5.41,0.07,200,2094400,"S"
"EVG","13:58:19",5.41,0.07,12000,2094200,"B"
"EVG","13:58:11",5.42,0.08,47700,2082200,"B"
"EVG","13:58:11",5.43,0.09,17100,2034500,"B"
"EVG","13:58:08",5.43,0.09,4500,2017400,"B"
"EVG","13:58:03",5.44,0.1,24600,2012900,"S"
"EVG","13:57:45",5.44,0.1,20500,1988300,"B"
"EVG","13:57:41",5.45,0.11,500,1967800,"S"
"EVG","13:57:41",5.45,0.11,800,1967300,"S"
"EVG","13:57:37",5.45,0.11,600,1966500,"B"
"EVG","13:57:31",5.45,0.11,2400,1965900,"S"
"EVG","13:57:25",5.45,0.11,1500,1963500,"S"
"EVG","13:57:22",5.45,0.11,400,1962000,"S"
"EVG","13:57:22",5.45,0.11,600,1961600,"S"
"EVG","13:57:18",5.45,0.11,3000,1961000,"S"
"EVG","13:57:15",5.45,0.11,700,1958000,"S"
"EVG","13:57:11",5.45,0.11,1600,1957300,"S"
"EVG","13:57:11",5.45,0.11,1000,1955700,"S"
"EVG","13:57:09",5.45,0.11,800,1954700,"S"
"EVG","13:56:52",5.46,0.12,1000,1953900,"S"
"EVG","13:56:28",5.44,0.1,2100,1952900,"B"
"EVG","13:56:27",5.44,0.1,500,1950800,"B"
"EVG","13:51:59",5.44,0.1,2000,1950300,"B"
"EVG","13:51:28",5.44,0.1,3000,1948300,"B"
"EVG","13:51:15",5.44,0.1,200,1945300,"S"
"EVG","13:51:12",5.44,0.1,200,1945100,"S"
"EVG","13:51:02",5.44,0.1,1600,1944900,"S"
"EVG","13:50:57",5.44,0.1,1000,1943300,"S"
"EVG","13:50:44",5.44,0.1,300,1942300,"S"
"EVG","13:50:15",5.44,0.1,1000,1942000,"S"
"EVG","13:50:01",5.44,0.1,400,1941000,"B"
"EVG","13:49:46",5.46,0.12,2000,1940600,"S"
"EVG","13:49:33",5.46,0.12,300,1938600,"B"
"EVG","13:48:24",5.46,0.12,1000,1938300,"S"
"EVG","13:47:00",5.46,0.12,100,1937300,"S"
"EVG","13:45:59",5.47,0.13,1000,1937200,"S"
"EVG","13:45:09",5.47,0.13,700,1936200,"S"
"EVG","13:45:09",5.45,0.11,5200,1935500,"S"
"EVG","13:45:06",5.44,0.1,2000,1930300,"B"
"EVG","13:44:50",5.44,0.1,1200,1928300,"S"
"EVG","13:44:50",5.43,0.09,6500,1927100,"S"
"EVG","13:44:43",5.43,0.09,23500,1920600,"B"
"EVG","13:44:39",5.44,0.1,13800,1897100,"B"
"EVG","13:44:33",5.45,0.11,29800,1883300,"B"
"EVG","13:44:24",5.45,0.11,3000,1853500,"B"
"EVG","13:44:02",5.46,0.12,5000,1850500,"S"
"EVG","13:43:41",5.46,0.12,3000,1845500,"S"
"EVG","13:43:39",5.46,0.12,5000,1842500,"S"
"EVG","13:43:25",5.46,0.12,6700,1837500,"B"
"EVG","13:43:05",5.47,0.13,200,1830800,"S"
"EVG","13:42:37",5.47,0.13,200,1830600,"S"
"EVG","13:42:29",5.46,0.12,500,1830400,"B"
"EVG","13:41:52",5.47,0.13,3000,1829900,"S"
"EVG","13:41:41",5.46,0.12,400,1826900,"B"
"EVG","13:40:11",5.46,0.12,100,1826500,"S"
"EVG","13:40:09",5.46,0.12,500,1826400,"S"
"EVG","13:40:04",5.46,0.12,2000,1825900,"S"
"EVG","13:39:55",5.46,0.12,7400,1823900,"B"
"EVG","13:39:31",5.47,0.13,300,1816500,"S"
"EVG","13:39:03",5.47,0.13,500,1816200,"S"
"EVG","13:38:47",5.47,0.13,1900,1815700,"B"
"EVG","13:38:40",5.48,0.14,1900,1813800,"B"
"EVG","13:38:33",5.48,0.14,100,1811900,"B"
"EVG","13:38:25",5.48,0.14,1000,1811800,"B"
"EVG","13:38:13",5.48,0.14,1700,1810800,"S"
"EVG","13:37:37",5.47,0.13,1000,1809100,"B"
"EVG","13:37:35",5.47,0.13,1300,1808100,"S"
"EVG","13:37:34",5.46,0.12,5900,1806800,"B"
"EVG","13:37:25",5.46,0.12,100,1800900,"B"
"EVG","13:37:07",5.46,0.12,100,1800800,"B"
"EVG","13:36:29",5.46,0.12,3000,1800700,"B"
"EVG","13:35:59",5.46,0.12,3400,1797700,"B"
"EVG","13:35:55",5.46,0.12,2600,1794300,"S"
"EVG","13:35:38",5.46,0.12,500,1791700,"S"
"EVG","13:34:49",5.46,0.12,300,1791200,"S"
"EVG","13:34:43",5.46,0.12,6900,1790900,"B"
"EVG","13:34:18",5.46,0.12,1100,1784000,"S"
"EVG","13:33:31",5.46,0.12,200,1782900,"B"
"EVG","13:33:10",5.47,0.13,900,1782700,"S"
"EVG","13:33:00",5.46,0.12,4000,1781800,"B"
"EVG","13:32:53",5.46,0.12,100,1777800,"B"
"EVG","13:31:48",5.46,0.12,6200,1777700,"S"
"EVG","13:31:45",5.46,0.12,10000,1771500,"S"
"EVG","13:31:38",5.46,0.12,1200,1761500,"S"
"EVG","13:31:35",5.46,0.12,5100,1760300,"S"
"EVG","13:31:32",5.46,0.12,2600,1755200,"S"
"EVG","13:31:29",5.46,0.12,10000,1752600,"S"
"EVG","13:30:57",5.45,0.11,100,1742600,"S"
"EVG","13:30:33",5.44,0.1,200,1742500,"S"
"EVG","13:30:07",5.44,0.1,500,1742300,"S"
"EVG","13:29:45",5.44,0.1,200,1741800,"S"
"EVG","13:28:59",5.44,0.1,100,1741600,"S"
"EVG","13:28:55",5.44,0.1,4000,1741500,"B"
"EVG","13:28:47",5.44,0.1,3500,1737500,"B"
"EVG","13:28:41",5.44,0.1,400,1734000,"B"
"EVG","13:28:34",5.44,0.1,200,1733600,"B"
"EVG","13:28:32",5.45,0.11,100,1733400,"S"
"EVG","13:27:55",5.45,0.11,2600,1733300,"B"
"EVG","13:27:47",5.45,0.11,200,1730700,"B"
"EVG","13:27:37",5.46,0.12,100,1730500,"B"
"EVG","13:27:24",5.46,0.12,100,1730400,"S"
"EVG","13:27:22",5.46,0.12,100,1730300,"S"
"EVG","13:27:16",5.46,0.12,800,1730200,"B"
"EVG","13:26:45",5.46,0.12,1000,1729400,"S"
"EVG","13:26:40",5.45,0.11,3000,1728400,"B"
"EVG","13:25:31",5.46,0.12,1000,1725400,"B"
"EVG","13:24:40",5.47,0.13,1100,1724400,"B"
"EVG","13:24:29",5.48,0.14,100,1723300,"S"
"EVG","13:24:11",5.48,0.14,100,1723200,"S"
"EVG","13:24:02",5.48,0.14,100,1723100,"B"
"EVG","13:23:24",5.48,0.14,400,1723000,"S"
"EVG","13:22:40",5.48,0.14,800,1722600,"S"
"EVG","13:22:12",5.47,0.13,100,1721800,"B"
"EVG","13:21:37",5.49,0.15,100,1721700,"S"
"EVG","13:21:32",5.49,0.15,32200,1721600,"B"
"EVG","13:21:29",5.5,0.16,43200,1689400,"B"
"EVG","13:21:23",5.51,0.17,18100,1646200,"B"
"EVG","13:21:05",5.51,0.17,2900,1628100,"B"
"EVG","13:20:46",5.51,0.17,100,1625200,"B"
"EVG","13:20:41",5.51,0.17,400,1625100,"B"
"EVG","13:20:39",5.52,0.18,3000,1624700,"S"
"EVG","13:20:15",5.52,0.18,2000,1621700,"S"
"EVG","13:19:43",5.52,0.18,5000,1619700,"S"
"EVG","13:19:18",5.51,0.17,2000,1614700,"B"
"EVG","13:19:15",5.52,0.18,1300,1612700,"S"
"EVG","13:19:13",5.52,0.18,3000,1611400,"S"
"EVG","13:19:04",5.52,0.18,100,1608400,"S"
"EVG","13:19:00",5.52,0.18,200,1608300,"S"
"EVG","13:18:43",5.52,0.18,15200,1608100,"B"
"EVG","13:18:26",5.53,0.19,1600,1592900,"S"
"EVG","13:18:17",5.53,0.19,3000,1591300,"S"
"EVG","13:18:11",5.53,0.19,400,1588300,"S"
"EVG","13:18:06",5.53,0.19,1100,1587900,"B"
"EVG","13:18:01",5.53,0.19,1500,1586800,"S"
"EVG","13:17:51",5.53,0.19,600,1585300,"S"
"EVG","13:17:46",5.53,0.19,200,1584700,"S"
"EVG","13:17:30",5.53,0.19,200,1584500,"S"
"EVG","13:17:11",5.53,0.19,200,1584300,"S"
"EVG","13:16:55",5.53,0.19,5000,1584100,"S"
"EVG","13:16:52",5.53,0.19,1500,1579100,"S"
"EVG","13:16:48",5.53,0.19,500,1577600,"S"
"EVG","13:16:43",5.53,0.19,2500,1577100,"S"
"EVG","13:16:40",5.53,0.19,2000,1574600,"S"
"EVG","13:16:38",5.53,0.19,600,1572600,"S"
"EVG","13:16:34",5.53,0.19,1500,1572000,"S"
"EVG","13:16:31",5.53,0.19,600,1570500,"S"
"EVG","13:16:26",5.53,0.19,2300,1569900,"S"
"EVG","13:16:21",5.53,0.19,3900,1567600,"B"
"EVG","13:16:12",5.54,0.2,600,1563700,"S"
"EVG","13:16:09",5.54,0.2,1400,1563100,"S"
"EVG","13:16:04",5.54,0.2,3000,1561700,"S"
"EVG","13:16:01",5.54,0.2,2500,1558700,"S"
"EVG","13:15:58",5.54,0.2,800,1556200,"S"
"EVG","13:15:58",5.53,0.19,2500,1555400,"B"
"EVG","13:15:56",5.54,0.2,2000,1552900,"S"
"EVG","13:15:53",5.53,0.19,100,1550900,"S"
"EVG","13:15:47",5.53,0.19,3000,1550800,"S"
"EVG","13:15:42",5.53,0.19,2300,1547800,"S"
"EVG","13:15:33",5.53,0.19,400,1545500,"S"
"EVG","13:15:33",5.53,0.19,2000,1545100,"S"
"EVG","13:15:29",5.53,0.19,2500,1543100,"S"
"EVG","13:15:25",5.53,0.19,600,1540600,"S"
"EVG","13:15:23",5.52,0.18,500,1540000,"B"
"EVG","13:15:21",5.53,0.19,1300,1539500,"S"
"EVG","13:15:09",5.53,0.19,600,1538200,"S"
"EVG","13:14:56",5.52,0.18,300,1537600,"S"
"EVG","13:14:51",5.52,0.18,5000,1537300,"S"
"EVG","13:14:41",5.52,0.18,3500,1532300,"S"
"EVG","13:14:36",5.52,0.18,700,1528800,"S"
"EVG","13:14:32",5.52,0.18,1200,1528100,"S"
"EVG","13:14:29",5.52,0.18,3400,1526900,"S"
"EVG","13:14:26",5.52,0.18,400,1523500,"S"
"EVG","13:14:23",5.52,0.18,2500,1523100,"S"
"EVG","13:14:18",5.52,0.18,3000,1520600,"B"
"EVG","13:14:14",5.53,0.19,600,1517600,"S"
"EVG","13:14:08",5.52,0.18,2200,1517000,"S"
"EVG","13:14:03",5.51,0.17,2000,1514800,"B"
"EVG","13:14:01",5.52,0.18,100,1512800,"S"
"EVG","13:13:49",5.52,0.18,1000,1512700,"S"
"EVG","13:13:48",5.52,0.18,6700,1511700,"B"
"EVG","13:13:31",5.53,0.19,1200,1505000,"S"
"EVG","13:13:27",5.53,0.19,700,1503800,"S"
"EVG","13:13:21",5.52,0.18,1300,1503100,"S"
"EVG","13:13:15",5.52,0.18,3800,1501800,"S"
"EVG","13:13:14",5.52,0.18,400,1498000,"S"
"EVG","13:13:12",5.51,0.17,2000,1497600,"B"
"EVG","13:13:06",5.51,0.17,2200,1495600,"S"
"EVG","13:13:02",5.51,0.17,800,1493400,"S"
"EVG","13:12:23",5.55,0.21,1100,1492600,"S"
"EVG","13:12:23",5.54,0.2,3100,1491500,"S"
"EVG","13:12:23",5.53,0.19,200,1488400,"S"
"EVG","13:12:21",5.51,0.17,1400,1487600,"S"
"EVG","13:12:18",5.51,0.17,700,1486200,"S"
"EVG","13:12:16",5.51,0.17,1300,1485500,"S"
"EVG","13:12:12",5.51,0.17,2500,1484200,"S"
"EVG","13:12:10",5.51,0.17,600,1481700,"S"
"EVG","13:12:05",5.5,0.16,2100,1481100,"S"
"EVG","13:12:02",5.5,0.16,10000,1479000,"S"
"EVG","13:12:01",5.5,0.16,1400,1469000,"S"
"EVG","13:11:58",5.5,0.16,6500,1467600,"B"
"EVG","13:11:55",5.5,0.16,1700,1461100,"S"
"EVG","13:11:51",5.5,0.16,600,1459400,"S"
"EVG","13:11:48",5.5,0.16,2500,1458800,"S"
"EVG","13:11:45",5.5,0.16,400,1456300,"S"
"EVG","13:11:43",5.5,0.16,1300,1455900,"S"
"EVG","13:11:40",5.5,0.16,5000,1454600,"S"
"EVG","13:11:34",5.5,0.16,1500,1449600,"B"
"EVG","13:10:50",5.5,0.16,100,1448100,"S"
"EVG","13:10:46",5.5,0.16,10000,1448000,"S"
"EVG","13:10:40",5.5,0.16,500,1438000,"S"
"EVG","13:10:31",5.5,0.16,500,1437500,"S"
"EVG","13:10:26",5.5,0.16,4900,1437000,"S"
"EVG","13:10:16",5.5,0.16,3000,1432100,"S"
"EVG","13:10:09",5.5,0.16,2300,1429100,"S"
"EVG","13:10:06",5.5,0.16,400,1426800,"S"
"EVG","13:10:03",5.5,0.16,1600,1426400,"S"
"EVG","13:10:00",5.5,0.16,800,1424800,"S"
"EVG","13:09:43",5.5,0.16,5000,1424000,"S"
"EVG","13:09:42",5.5,0.16,1100,1419000,"S"
"EVG","13:09:41",5.5,0.16,1200,1417900,"S"
"EVG","13:09:35",5.5,0.16,19700,1416700,"S"
"EVG","13:09:30",5.5,0.16,38100,1397000,"S"
"EVG","13:09:29",5.5,0.16,59000,1358900,"S"
"EVG","13:09:29",5.49,0.15,2900,1299900,"S"
"EVG","13:09:29",5.49,0.15,2000,1297000,"S"
"EVG","13:09:25",5.49,0.15,600,1295000,"S"
"EVG","13:09:21",5.49,0.15,1200,1294400,"S"
"EVG","13:09:18",5.49,0.15,5000,1293200,"S"
"EVG","13:09:14",5.49,0.15,8300,1288200,"B"
"EVG","13:09:07",5.49,0.15,4200,1279900,"S"
"EVG","13:08:54",5.49,0.15,700,1275700,"S"
"EVG","13:08:50",5.49,0.15,2300,1275000,"S"
"EVG","13:08:47",5.48,0.14,4000,1272700,"B"
"EVG","13:08:47",5.49,0.15,700,1268700,"S"
"EVG","13:08:43",5.49,0.15,3500,1268000,"S"
"EVG","13:08:40",5.49,0.15,10000,1264500,"S"
"EVG","13:08:33",5.49,0.15,800,1254500,"S"
"EVG","13:08:28",5.48,0.14,100,1253700,"B"
"EVG","13:08:25",5.48,0.14,3100,1253600,"S"
"EVG","13:08:21",5.48,0.14,2600,1250500,"S"
"EVG","13:08:17",5.48,0.14,5000,1247900,"S"
"EVG","13:08:08",5.48,0.14,8000,1242900,"S"
"EVG","13:08:02",5.48,0.14,400,1234900,"S"
"EVG","13:07:44",5.48,0.14,4000,1234500,"S"
"EVG","13:07:28",5.47,0.13,10900,1230500,"S"
"EVG","13:07:28",5.46,0.12,19000,1219600,"S"
"EVG","13:06:47",5.46,0.12,11900,1200600,"S"
"EVG","13:06:47",5.45,0.11,9100,1188700,"S"
"EVG","13:06:47",5.44,0.1,2900,1179600,"S"
"EVG","13:06:39",5.43,0.09,1000,1175600,"S"
"EVG","13:06:31",5.42,0.08,100,1174600,"S"
"EVG","13:06:28",5.41,0.07,17500,1174500,"S"
"EVG","13:06:26",5.41,0.07,5000,1157000,"S"
"EVG","13:06:08",5.41,0.07,18800,1152000,"B"
"EVG","13:06:08",5.42,0.08,8700,1133200,"B"
"EVG","13:05:54",5.42,0.08,21300,1124500,"S"
"EVG","13:05:39",5.41,0.07,200,1103200,"S"
"EVG","13:05:23",5.41,0.07,100,1103000,"S"
"EVG","13:05:14",5.4,0.06,500,1102900,"B"
"EVG","13:05:13",5.41,0.07,3000,1102400,"S"
"EVG","13:05:07",5.41,0.07,200,1099400,"S"
"EVG","13:05:06",5.41,0.07,2000,1099200,"S"
"EVG","13:04:51",5.41,0.07,4600,1097200,"B"
"EVG","13:04:41",5.41,0.07,1000,1092600,"B"
"EVG","13:04:27",5.41,0.07,1100,1091600,"B"
"EVG","13:03:42",5.42,0.08,5000,1090500,"S"
"EVG","13:03:35",5.41,0.07,100,1085500,"S"
"EVG","13:02:45",5.4,0.06,4100,1085400,"S"
"EVG","13:02:33",5.4,0.06,20000,1081300,"S"
"EVG","13:02:08",5.4,0.06,2700,1061300,"S"
"EVG","13:02:08",5.39,0.05,5000,1058600,"B"
"EVG","13:01:55",5.4,0.06,5000,1053600,"S"
"EVG","13:01:20",5.4,0.06,500,1048600,"S"
"EVG","13:00:16",5.38,0.04,300,1048100,"B"
"EVG","13:00:03",5.38,0.04,2000,1047800,"B"
"EVG","13:00:02",5.4,0.06,100,1045800,"S"
"EVG","13:00:02",5.38,0.04,1200,1045700,"S"
"EVG","13:00:01",5.38,0.04,5100,1044500,"B"
"EVG","13:00:01",5.39,0.05,100,1039400,"B"
"EVG","11:28:19",5.37,0.03,1000,1039300,"S"
"EVG","11:28:18",5.37,0.03,300,1038300,"S"
"EVG","11:28:05",5.37,0.03,700,1038000,"S"
"EVG","11:28:03",5.37,0.03,3000,1037300,"S"
"EVG","11:27:31",5.37,0.03,100,1034300,"S"
"EVG","11:27:25",5.37,0.03,200,1034200,"S"
"EVG","11:27:06",5.37,0.03,100,1034000,"S"
"EVG","11:26:56",5.37,0.03,400,1033900,"S"
"EVG","11:26:28",5.37,0.03,1000,1033500,"S"
"EVG","11:26:25",5.37,0.03,100,1032500,"S"
"EVG","11:26:08",5.37,0.03,100,1032400,"S"
"EVG","11:26:07",5.37,0.03,6000,1032300,"B"
"EVG","11:26:07",5.39,0.05,1100,1020400,"B"
"EVG","11:25:04",5.4,0.06,100,1019300,"S"
"EVG","11:23:56",5.4,0.06,100,1019200,"S"
"EVG","11:23:48",5.4,0.06,200,1019100,"S"
"EVG","11:23:27",5.4,0.06,200,1018900,"S"
"EVG","11:23:22",5.4,0.06,300,1018700,"S"
"EVG","11:23:17",5.38,0.04,6400,1018400,"B"
"EVG","11:23:17",5.39,0.05,13600,1012000,"B"
"EVG","11:22:24",5.39,0.05,100,998400,"B"
"EVG","11:21:22",5.39,0.05,800,998300,"B"
"EVG","11:20:39",5.42,0.08,4700,997500,"B"
"EVG","11:20:33",5.42,0.08,1000,992800,"B"
"EVG","11:20:29",5.42,0.08,3000,991800,"B"
"EVG","11:20:13",5.42,0.08,12900,988800,"S"
"EVG","11:20:13",5.41,0.07,1300,975900,"S"
"EVG","11:18:29",5.4,0.06,3000,974600,"B"
"EVG","11:15:53",5.39,0.05,100,971600,"B"
"EVG","11:13:51",5.38,0.04,17200,971500,"B"
"EVG","11:13:51",5.39,0.05,10200,954300,"B"
"EVG","11:13:51",5.4,0.06,2000,944100,"B"
"EVG","11:12:16",5.44,0.1,2000,941300,"S"
"EVG","11:11:39",5.44,0.1,600,939300,"S"
"EVG","11:11:12",5.42,0.08,400,938700,"S"
"EVG","11:11:12",5.41,0.07,500,938300,"S"
"EVG","11:11:08",5.41,0.07,9500,937800,"B"
"EVG","11:10:52",5.42,0.08,300,928300,"S"
"EVG","11:10:20",5.42,0.08,300,928000,"S"
"EVG","11:09:32",5.42,0.08,1000,927700,"S"
"EVG","11:08:48",5.41,0.07,500,926700,"B"
"EVG","11:08:08",5.4,0.06,200,926200,"S"
"EVG","11:07:58",5.4,0.06,500,926000,"S"
"EVG","11:07:07",5.38,0.04,12000,925500,"B"
"EVG","11:07:07",5.39,0.05,22100,913500,"B"
"EVG","11:07:07",5.4,0.06,15900,891400,"B"
"EVG","11:06:00",5.4,0.06,100,875500,"S"
"EVG","11:05:59",5.4,0.06,2000,875400,"S"
"EVG","11:05:41",5.4,0.06,100,873400,"S"
"EVG","11:05:34",5.4,0.06,800,873300,"S"
"EVG","11:05:15",5.4,0.06,4400,872500,"B"
"EVG","11:05:15",5.41,0.07,1100,868100,"B"
"EVG","11:05:14",5.44,0.1,5400,867000,"B"
"EVG","11:04:57",5.45,0.11,100,861600,"S"
"EVG","11:04:42",5.45,0.11,100,861500,"S"
"EVG","11:04:30",5.45,0.11,200,861400,"S"
"EVG","11:03:12",5.45,0.11,6600,861200,"B"
"EVG","11:01:32",5.45,0.11,600,854600,"S"
"EVG","11:00:28",5.45,0.11,100,854000,"B"
"EVG","10:59:03",5.45,0.11,3000,853900,"B"
"EVG","10:59:01",5.45,0.11,400,850900,"B"
"EVG","10:58:33",5.45,0.11,100,850500,"B"
"EVG","10:57:24",5.45,0.11,100,850400,"B"
"EVG","10:57:21",5.46,0.12,1600,850300,"B"
"EVG","10:57:07",5.46,0.12,3400,848700,"S"
"EVG","10:57:01",5.45,0.11,200,845300,"B"
"EVG","10:56:21",5.45,0.11,900,845100,"B"
"EVG","10:56:15",5.45,0.11,3300,844200,"S"
"EVG","10:56:06",5.44,0.1,500,840900,"B"
"EVG","10:55:58",5.45,0.11,5000,840400,"S"
"EVG","10:55:38",5.45,0.11,16800,835400,"B"
"EVG","10:55:36",5.46,0.12,1000,818600,"S"
"EVG","10:55:35",5.46,0.12,22800,817600,"B"
"EVG","10:55:28",5.47,0.13,19800,794800,"B"
"EVG","10:55:00",5.48,0.14,3600,775000,"S"
"EVG","10:54:55",5.48,0.14,400,771400,"S"
"EVG","10:54:52",5.48,0.14,1600,771000,"S"
"EVG","10:54:45",5.48,0.14,2000,769400,"S"
"EVG","10:54:39",5.48,0.14,900,767400,"B"
"EVG","10:54:32",5.48,0.14,1900,766500,"S"
"EVG","10:54:27",5.48,0.14,5000,764600,"S"
"EVG","10:54:24",5.48,0.14,1500,759600,"S"
"EVG","10:54:23",5.48,0.14,1400,758100,"S"
"EVG","10:54:19",5.48,0.14,600,756700,"S"
"EVG","10:54:15",5.48,0.14,2300,756100,"S"
"EVG","10:54:12",5.48,0.14,400,753800,"S"
"EVG","10:54:08",5.48,0.14,1500,753400,"S"
"EVG","10:54:04",5.48,0.14,700,751900,"S"
"EVG","10:53:59",5.48,0.14,700,751200,"B"
"EVG","10:53:54",5.48,0.14,1300,750500,"S"
"EVG","10:53:49",5.48,0.14,1500,749200,"S"
"EVG","10:53:28",5.48,0.14,2600,747700,"S"
"EVG","10:53:24",5.48,0.14,5000,745100,"S"
"EVG","10:53:03",5.48,0.14,100,740100,"S"
"EVG","10:52:56",5.48,0.14,1500,740000,"S"
"EVG","10:52:53",5.48,0.14,2300,738500,"S"
"EVG","10:52:47",5.48,0.14,1800,736200,"B"
"EVG","10:52:47",5.48,0.14,2000,734400,"B"
"EVG","10:52:44",5.48,0.14,3400,732400,"S"
"EVG","10:52:40",5.48,0.14,2000,729000,"S"
"EVG","10:52:37",5.48,0.14,1500,727000,"S"
"EVG","10:52:34",5.48,0.14,2300,725500,"S"
"EVG","10:52:31",5.48,0.14,5000,723200,"S"
"EVG","10:52:28",5.48,0.14,700,718200,"S"
"EVG","10:52:25",5.48,0.14,2600,717500,"S"
"EVG","10:52:22",5.48,0.14,500,714900,"S"
"EVG","10:52:16",5.48,0.14,3000,714400,"S"
"EVG","10:52:05",5.48,0.14,1100,711400,"B"
"EVG","10:52:01",5.48,0.14,400,710300,"S"
"EVG","10:51:36",5.47,0.13,2500,709900,"S"
"EVG","10:51:32",5.46,0.12,3700,707400,"S"
"EVG","10:51:30",5.46,0.12,400,703700,"S"
"EVG","10:51:25",5.46,0.12,1000,703300,"S"
"EVG","10:51:20",5.46,0.12,500,702300,"S"
"EVG","10:51:09",5.45,0.11,12700,701800,"S"
"EVG","10:50:57",5.45,0.11,3000,689100,"S"
"EVG","10:50:50",5.45,0.11,600,686100,"S"
"EVG","10:50:48",5.45,0.11,20000,685500,"S"
"EVG","10:50:46",5.45,0.11,200,665500,"S"
"EVG","10:50:44",5.45,0.11,200,665300,"S"
"EVG","10:50:30",5.45,0.11,500,665100,"S"
"EVG","10:50:17",5.45,0.11,1500,664600,"S"
"EVG","10:50:15",5.45,0.11,4000,663100,"S"
"EVG","10:50:15",5.45,0.11,2900,659100,"S"
"EVG","10:50:14",5.45,0.11,800,656200,"S"
"EVG","10:49:56",5.45,0.11,14600,655400,"S"
"EVG","10:49:56",5.44,0.1,25400,640800,"S"
"EVG","10:49:44",5.44,0.1,4200,615400,"S"
"EVG","10:49:44",5.43,0.09,5800,611200,"S"
"EVG","10:49:43",5.42,0.08,700,605400,"S"
"EVG","10:49:42",5.42,0.08,10000,604700,"S"
"EVG","10:49:39",5.42,0.08,400,594700,"S"
"EVG","10:49:36",5.42,0.08,3200,594300,"S"
"EVG","10:49:31",5.42,0.08,1500,591100,"S"
"EVG","10:48:53",5.43,0.09,10000,589600,"S"
"EVG","10:48:48",5.43,0.09,7500,579600,"S"
"EVG","10:48:42",5.41,0.07,3300,572100,"B"
"EVG","10:48:34",5.43,0.09,10000,568800,"S"
"EVG","10:47:40",5.41,0.07,200,558800,"S"
"EVG","10:47:19",5.41,0.07,200,558600,"B"
"EVG","10:47:01",5.41,0.07,1800,558400,"S"
"EVG","10:46:50",5.41,0.07,6000,556600,"B"
"EVG","10:46:50",5.42,0.08,1700,550600,"B"
"EVG","10:46:40",5.43,0.09,100,548900,"S"
"EVG","10:46:33",5.42,0.08,300,548800,"S"
"EVG","10:46:17",5.42,0.08,1000,548500,"B"
"EVG","10:46:08",5.43,0.09,400,547500,"S"
"EVG","10:46:01",5.42,0.08,800,547100,"S"
"EVG","10:45:12",5.41,0.07,700,546300,"S"
"EVG","10:45:08",5.41,0.07,6000,545600,"S"
"EVG","10:44:48",5.41,0.07,3000,539600,"S"
"EVG","10:44:37",5.41,0.07,100,536600,"S"
"EVG","10:44:17",5.41,0.07,100,536500,"B"
"EVG","10:44:13",5.42,0.08,2900,536300,"S"
"EVG","10:44:04",5.42,0.08,100,533400,"S"
"EVG","10:43:39",5.42,0.08,6000,533300,"B"
"EVG","10:42:18",5.42,0.08,100,527300,"B"
"EVG","10:41:52",5.42,0.08,100,527200,"B"
"EVG","10:41:26",5.42,0.08,400,527100,"B"
"EVG","10:41:03",5.42,0.08,100,526700,"B"
"EVG","10:40:42",5.43,0.09,3500,526600,"S"
"EVG","10:39:36",5.43,0.09,200,523100,"S"
"EVG","10:38:35",5.42,0.08,9800,522900,"S"
"EVG","10:37:53",5.42,0.08,100,513100,"S"
"EVG","10:37:45",5.42,0.08,1000,513000,"S"
"EVG","10:35:48",5.4,0.06,400,512000,"S"
"EVG","10:35:41",5.4,0.06,1600,511600,"B"
"EVG","10:35:39",5.4,0.06,8400,510000,"S"
"EVG","10:35:11",5.4,0.06,100,501600,"S"
"EVG","10:34:47",5.4,0.06,500,501500,"S"
"EVG","10:34:43",5.4,0.06,500,501000,"S"
"EVG","10:34:39",5.4,0.06,300,500500,"S"
"EVG","10:34:24",5.4,0.06,5000,500200,"S"
"EVG","10:33:57",5.4,0.06,100,495200,"S"
"EVG","10:32:50",5.39,0.05,500,495100,"B"
"EVG","10:32:29",5.4,0.06,200,494600,"S"
"EVG","10:32:27",5.39,0.05,12000,494400,"B"
"EVG","10:32:02",5.4,0.06,1000,482400,"S"
"EVG","10:30:03",5.4,0.06,13100,481400,"B"
"EVG","10:29:18",5.4,0.06,1000,468300,"B"
"EVG","10:29:09",5.4,0.06,500,467300,"B"
"EVG","10:27:25",5.4,0.06,3800,466800,"S"
"EVG","10:27:20",5.4,0.06,100,463000,"S"
"EVG","10:27:15",5.4,0.06,1000,462900,"S"
"EVG","10:26:52",5.4,0.06,100,461900,"S"
"EVG","10:26:46",5.4,0.06,100,461800,"S"
"EVG","10:26:39",5.4,0.06,100,461700,"S"
"EVG","10:26:23",5.4,0.06,100,461600,"S"
"EVG","10:25:24",5.4,0.06,9000,461500,"S"
"EVG","10:24:07",5.39,0.05,200,452500,"B"
"EVG","10:24:04",5.39,0.05,2000,452300,"B"
"EVG","10:23:13",5.39,0.05,1300,450300,"B"
"EVG","10:21:49",5.39,0.05,6200,449000,"S"
"EVG","10:21:48",5.39,0.05,5000,442800,"S"
"EVG","10:21:44",5.39,0.05,800,437800,"B"
"EVG","10:21:39",5.39,0.05,3200,437000,"S"
"EVG","10:21:36",5.39,0.05,700,433800,"S"
"EVG","10:21:32",5.39,0.05,1400,433100,"S"
"EVG","10:21:29",5.39,0.05,2600,431700,"S"
"EVG","10:21:26",5.39,0.05,5000,429100,"S"
"EVG","10:21:21",5.39,0.05,2100,424100,"B"
"EVG","10:21:16",5.39,0.05,900,422000,"S"
"EVG","10:21:12",5.39,0.05,2500,421100,"S"
"EVG","10:21:08",5.39,0.05,6600,418600,"B"
"EVG","10:21:01",5.39,0.05,1300,412000,"S"
"EVG","10:21:00",5.39,0.05,200,410700,"S"
"EVG","10:20:58",5.39,0.05,200,410500,"S"
"EVG","10:20:56",5.39,0.05,1700,410300,"S"
"EVG","10:20:52",5.39,0.05,3200,408600,"S"
"EVG","10:20:50",5.39,0.05,10000,405400,"S"
"EVG","10:20:47",5.39,0.05,3400,395400,"B"
"EVG","10:20:40",5.39,0.05,600,392000,"S"
"EVG","10:20:39",5.39,0.05,200,391400,"S"
"EVG","10:20:30",5.39,0.05,5000,391200,"S"
"EVG","10:20:22",5.39,0.05,2600,386200,"S"
"EVG","10:20:14",5.39,0.05,10000,383600,"S"
"EVG","10:20:10",5.39,0.05,1600,373600,"B"
"EVG","10:20:05",5.39,0.05,700,372000,"S"
"EVG","10:20:02",5.39,0.05,5000,371300,"S"
"EVG","10:19:59",5.39,0.05,1500,366300,"S"
"EVG","10:19:56",5.39,0.05,2300,364800,"S"
"EVG","10:19:53",5.39,0.05,400,362500,"S"
"EVG","10:19:51",5.39,0.05,1600,362100,"S"
"EVG","10:19:48",5.39,0.05,3500,360500,"S"
"EVG","10:18:51",5.39,0.05,300,357000,"S"
"EVG","10:18:29",5.39,0.05,200,356700,"B"
"EVG","10:18:20",5.39,0.05,300,356500,"S"
"EVG","10:18:19",5.39,0.05,500,356200,"S"
"EVG","10:17:45",5.39,0.05,100,355700,"S"
"EVG","10:13:37",5.39,0.05,100,355600,"B"
"EVG","10:12:56",5.4,0.06,100,355500,"S"
"EVG","10:12:19",5.4,0.06,3000,355400,"S"
"EVG","10:11:46",5.39,0.05,6900,352400,"S"
"EVG","10:10:59",5.37,0.03,400,345500,"B"
"EVG","10:10:44",5.37,0.03,4200,345100,"B"
"EVG","10:10:06",5.37,0.03,1600,340900,"B"
"EVG","10:09:51",5.37,0.03,100,339300,"B"
"EVG","10:09:14",5.38,0.04,500,339200,"S"
"EVG","10:08:58",5.38,0.04,2100,338700,"B"
"EVG","10:08:44",5.38,0.04,10000,336600,"B"
"EVG","10:08:12",5.39,0.05,100,326600,"S"
"EVG","10:05:54",5.39,0.05,900,326500,"S"
"EVG","10:03:27",5.4,0.06,3000,325600,"S"
"EVG","10:02:51",5.38,0.04,8000,322600,"B"
"EVG","10:02:35",5.38,0.04,8300,314600,"B"
"EVG","10:02:21",5.4,0.06,200,306300,"B"
"EVG","10:02:11",5.4,0.06,1800,306100,"S"
"EVG","10:01:53",5.38,0.04,300,304300,"B"
"EVG","10:01:51",5.39,0.05,10000,304000,"B"
"EVG","10:01:30",5.4,0.06,13200,294000,"B"
"EVG","10:01:16",5.41,0.07,1700,280800,"B"
"EVG","10:01:00",5.41,0.07,500,279100,"B"
"EVG","10:00:34",5.42,0.08,600,278600,"B"
"EVG","10:00:10",5.42,0.08,1000,278000,"B"
"EVG","09:59:40",5.42,0.08,5000,277000,"B"
"EVG","09:59:02",5.42,0.08,300,272000,"B"
"EVG","09:58:33",5.42,0.08,4300,271700,"S"
"EVG","09:58:18",5.42,0.08,9600,267400,"S"
"EVG","09:58:07",5.41,0.07,8500,257800,"S"
"EVG","09:57:55",5.4,0.06,2200,249300,"S"
"EVG","09:57:07",5.4,0.06,4300,247100,"S"
"EVG","09:56:32",5.4,0.06,100,242800,"S"
"EVG","09:56:14",5.4,0.06,500,242700,"B"
"EVG","09:56:04",5.4,0.06,1500,242200,"S"
"EVG","09:55:36",5.39,0.05,100,240700,"B"
"EVG","09:55:33",5.4,0.06,7700,240600,"S"
"EVG","09:54:28",5.4,0.06,400,232900,"S"
"EVG","09:54:25",5.4,0.06,400,232500,"B"
"EVG","09:54:22",5.4,0.06,1600,232100,"S"
"EVG","09:54:20",5.4,0.06,500,230500,"S"
"EVG","09:54:04",5.4,0.06,1500,230000,"S"
"EVG","09:53:55",5.4,0.06,400,228500,"S"
"EVG","09:52:29",5.39,0.05,3400,228100,"S"
"EVG","09:52:19",5.39,0.05,1600,224700,"S"
"EVG","09:51:46",5.39,0.05,1600,223100,"S"
"EVG","09:51:42",5.39,0.05,1000,221500,"S"
"EVG","09:51:16",5.39,0.05,2400,220500,"B"
"EVG","09:51:15",5.39,0.05,5000,218100,"S"
"EVG","09:51:00",5.39,0.05,2300,213100,"S"
"EVG","09:50:56",5.39,0.05,600,210800,"S"
"EVG","09:50:50",5.39,0.05,2100,210200,"B"
"EVG","09:50:36",5.39,0.05,4200,208100,"S"
"EVG","09:50:30",5.39,0.05,800,203900,"S"
"EVG","09:48:49",5.4,0.06,3000,203100,"S"
"EVG","09:48:34",5.4,0.06,100,200100,"S"
"EVG","09:47:59",5.4,0.06,900,200000,"B"
"EVG","09:47:02",5.4,0.06,400,199100,"S"
"EVG","09:46:56",5.37,0.03,200,198700,"B"
"EVG","09:45:32",5.4,0.06,5000,198500,"S"
"EVG","09:43:23",5.37,0.03,100,193500,"S"
"EVG","09:40:32",5.37,0.03,300,193400,"S"
"EVG","09:40:04",5.37,0.03,700,193100,"B"
"EVG","09:39:57",5.4,0.06,100,192400,"B"
"EVG","09:39:49",5.4,0.06,2300,192300,"S"
"EVG","09:38:23",5.4,0.06,4700,190000,"B"
"EVG","09:37:24",5.4,0.06,100,185300,"B"
"EVG","09:35:49",5.42,0.08,3400,185200,"S"
"EVG","09:35:41",5.41,0.07,2300,181800,"S"
"EVG","09:35:31",5.4,0.06,300,179500,"B"
"EVG","09:35:22",5.4,0.06,5000,179200,"B"
"EVG","09:35:18",5.39,0.05,2800,174200,"B"
"EVG","09:34:31",5.39,0.05,500,171400,"B"
"EVG","09:34:00",5.39,0.05,1300,170900,"B"
"EVG","09:34:00",5.4,0.06,1700,169600,"B"
"EVG","09:33:57",5.41,0.07,2000,167900,"S"
"EVG","09:33:51",5.4,0.06,100,165900,"B"
"EVG","09:33:46",5.41,0.07,700,165800,"S"
"EVG","09:33:38",5.4,0.06,100,165100,"B"
"EVG","09:32:29",5.4,0.06,100,165000,"B"
"EVG","09:31:26",5.43,0.09,1000,164900,"S"
"EVG","09:31:15",5.4,0.06,3000,163900,"B"
"EVG","09:30:12",5.44,0.1,100,160900,"S"
"EVG","09:29:28",5.45,0.11,100,160800,"S"
"EVG","09:29:09",5.45,0.11,1000,160700,"S"
"EVG","09:28:54",5.45,0.11,1000,159700,"S"
"EVG","09:27:46",5.45,0.11,300,158700,"S"
"EVG","09:27:46",5.43,0.09,3100,158400,"S"
"EVG","09:27:46",5.42,0.08,3400,155300,"S"
"EVG","09:27:46",5.4,0.06,3200,151900,"S"
"EVG","09:27:09",5.4,0.06,2000,148700,"S"
"EVG","09:26:58",5.4,0.06,2100,146700,"S"
"EVG","09:26:58",5.39,0.05,3100,144600,"S"
"EVG","09:26:58",5.38,0.04,14800,141500,"S"
"EVG","09:26:21",5.38,0.04,200,126700,"B"
"EVG","09:26:03",5.39,0.05,800,126500,"S"
"EVG","09:24:43",5.39,0.05,9100,125700,"B"
"EVG","09:24:21",5.39,0.05,900,116600,"S"
"EVG","09:23:25",5.39,0.05,15000,115700,"S"
"EVG","09:22:47",5.34,0,400,100700,"B"
"EVG","09:22:01",5.39,0.05,200,100300,"S"
"EVG","09:21:40",5.39,0.05,300,100100,"B"
"EVG","09:21:29",5.39,0.05,100,99800,"B"
"EVG","09:21:19",5.39,0.05,2300,99700,"B"
"EVG","09:21:14",5.4,0.06,200,97400,"S"
"EVG","09:20:06",5.39,0.05,100,97200,"B"
"EVG","09:19:33",5.39,0.05,6000,97100,"B"
"EVG","09:19:29",5.39,0.05,5500,91100,"B"
"EVG","09:19:14",5.4,0.06,4000,85600,"S"
"EVG","09:18:22",5.4,0.06,500,81600,"S"
"EVG","09:18:16",5.4,0.06,100,81100,"S"
"EVG","09:18:09",5.4,0.06,1000,81000,"S"
"EVG","09:17:59",5.39,0.05,26100,80000,"S"
"EVG","09:17:58",5.39,0.05,2100,53900,"S"
"EVG","09:17:57",5.38,0.04,200,51800,"B"
"EVG","09:17:45",5.39,0.05,800,51600,"S"
"EVG","09:17:37",5.39,0.05,800,50800,"S"
"EVG","09:17:31",5.38,0.04,9000,50000,"S"
"EVG","09:17:01",5.38,0.04,1000,41000,"S"
"EVG","09:16:46",5.39,0.05,5000,40000,"S"
"EVG","09:16:07",5.39,0.05,1800,35000,"S"
"EVG","09:16:07",5.38,0.04,12000,33200,"S"
"EVG","09:16:07",5.37,0.03,6200,21200,"S"
"EVG","09:15:52",5.37,0.03,100,15000,"S"
"EVG","09:15:46",5.37,0.03,700,14900,"S"
"EVG","09:15:42",5.34,0,1700,14200,"S"
"EVG","09:15:36",5.32,-0.02,100,12500,"B"
"EVG","09:15:03",5.32,-0.02,12400,12400,
