"symbol","time","price","change","vol","total","side"
"TIG","14:45:02",10.5,0.3,281800,2945500,
"TIG","14:29:52",10.5,0.3,4000,2663700,
"TIG","14:29:38",10.5,0.3,2000,2659700,
"TIG","14:29:13",10.5,0.3,10000,2657700,
"TIG","14:29:06",10.5,0.3,10300,2647700,
"TIG","14:28:48",10.6,0.4,400,2637400,
"TIG","14:28:19",10.5,0.3,1000,2637000,
"TIG","14:28:09",10.6,0.4,3000,2636000,
"TIG","14:27:54",10.6,0.4,3000,2633000,
"TIG","14:26:07",10.6,0.4,1500,2630000,
"TIG","14:26:03",10.5,0.3,100,2628500,
"TIG","14:26:01",10.6,0.4,5000,2628400,
"TIG","14:24:39",10.5,0.3,1000,2623400,
"TIG","14:24:27",10.6,0.4,500,2622400,
"TIG","14:24:24",10.6,0.4,600,2621900,
"TIG","14:24:04",10.6,0.4,5000,2621300,
"TIG","14:23:53",10.6,0.4,5000,2616300,
"TIG","14:23:40",10.6,0.4,3200,2611300,
"TIG","14:23:32",10.6,0.4,4200,2608100,
"TIG","14:23:18",10.6,0.4,500,2603900,
"TIG","14:21:55",10.6,0.4,500,2603400,
"TIG","14:21:34",10.6,0.4,300,2602900,
"TIG","14:20:57",10.5,0.3,1000,2602600,
"TIG","14:20:29",10.6,0.4,42100,2601600,
"TIG","14:20:26",10.6,0.4,300,2559500,
"TIG","14:20:25",10.6,0.4,20000,2559200,
"TIG","14:20:14",10.6,0.4,500,2539200,
"TIG","14:20:01",10.6,0.4,1000,2538700,
"TIG","14:18:08",10.7,0.5,1000,2537700,
"TIG","14:18:06",10.7,0.5,5000,2536700,
"TIG","14:18:05",10.7,0.5,400,2531700,
"TIG","14:17:58",10.7,0.5,100,2531300,
"TIG","14:17:40",10.7,0.5,3000,2531200,
"TIG","14:16:58",10.7,0.5,5000,2528200,
"TIG","14:16:56",10.7,0.5,2000,2523200,
"TIG","14:16:48",10.7,0.5,1000,2521200,
"TIG","14:16:42",10.7,0.5,40000,2520200,
"TIG","14:16:39",10.7,0.5,1000,2480200,
"TIG","14:16:18",10.7,0.5,100,2479200,
"TIG","14:16:10",10.7,0.5,5000,2479100,
"TIG","14:15:32",10.7,0.5,2000,2474100,
"TIG","14:13:44",10.6,0.4,100,2472100,
"TIG","14:13:32",10.6,0.4,16800,2472000,
"TIG","14:12:49",10.6,0.4,3800,2455200,
"TIG","14:12:42",10.6,0.4,2000,2451400,
"TIG","14:12:33",10.6,0.4,10000,2449400,
"TIG","14:12:23",10.6,0.4,600,2439400,
"TIG","14:12:20",10.6,0.4,1000,2438800,
"TIG","14:12:19",10.6,0.4,100,2437800,
"TIG","14:12:18",10.6,0.4,5500,2437700,
"TIG","14:12:12",10.6,0.4,200,2432200,
"TIG","14:12:10",10.6,0.4,1100,2432000,
"TIG","14:12:02",10.6,0.4,10000,2430900,
"TIG","14:12:00",10.6,0.4,2000,2420900,
"TIG","14:11:57",10.6,0.4,500,2418900,
"TIG","14:11:53",10.6,0.4,300,2418400,
"TIG","14:11:50",10.6,0.4,400,2418100,
"TIG","14:11:48",10.6,0.4,2500,2417700,
"TIG","14:11:47",10.6,0.4,2000,2415200,
"TIG","14:11:46",10.6,0.4,500,2413200,
"TIG","14:11:43",10.6,0.4,5000,2412700,
"TIG","14:11:40",10.6,0.4,1000,2407700,
"TIG","14:11:39",10.6,0.4,100,2406700,
"TIG","14:11:31",10.6,0.4,1000,2406600,
"TIG","14:11:19",10.6,0.4,100,2405600,
"TIG","14:11:06",10.6,0.4,3000,2405500,
"TIG","14:11:00",10.6,0.4,1000,2402500,
"TIG","14:10:59",10.6,0.4,4000,2401500,
"TIG","14:10:55",10.6,0.4,100,2397500,
"TIG","14:10:54",10.6,0.4,200,2397400,
"TIG","14:10:47",10.6,0.4,3000,2397200,
"TIG","14:10:43",10.6,0.4,3000,2394200,
"TIG","14:10:42",10.6,0.4,500,2391200,
"TIG","14:10:36",10.6,0.4,10000,2390700,
"TIG","14:10:27",10.6,0.4,3000,2380700,
"TIG","14:10:21",10.6,0.4,900,2377700,
"TIG","14:10:14",10.6,0.4,100,2376800,
"TIG","14:10:09",10.6,0.4,5000,2376700,
"TIG","14:10:03",10.6,0.4,4600,2371700,
"TIG","14:10:02",10.6,0.4,20000,2367100,
"TIG","14:09:54",10.6,0.4,500,2347100,
"TIG","14:09:37",10.6,0.4,30000,2346600,
"TIG","14:09:35",10.6,0.4,500,2316600,
"TIG","14:09:21",10.6,0.4,10000,2316100,
"TIG","14:09:17",10.6,0.4,1000,2306100,
"TIG","14:09:16",10.6,0.4,6000,2305100,
"TIG","14:09:10",10.6,0.4,4000,2299100,
"TIG","14:08:58",10.6,0.4,100,2295100,
"TIG","14:08:57",10.6,0.4,1000,2295000,
"TIG","14:08:47",10.6,0.4,1000,2294000,
"TIG","14:08:05",10.6,0.4,200,2293000,
"TIG","14:07:34",10.6,0.4,2000,2292800,
"TIG","14:07:31",10.6,0.4,500,2290800,
"TIG","14:06:54",10.6,0.4,5000,2290300,
"TIG","14:06:52",10.6,0.4,500,2285300,
"TIG","14:06:51",10.6,0.4,300,2284800,
"TIG","14:06:45",10.6,0.4,500,2284500,
"TIG","14:06:42",10.6,0.4,300,2284000,
"TIG","14:06:35",10.6,0.4,500,2283700,
"TIG","14:06:33",10.6,0.4,1600,2283200,
"TIG","14:06:30",10.6,0.4,1100,2281600,
"TIG","14:06:26",10.6,0.4,5000,2280500,
"TIG","14:06:25",10.6,0.4,300,2275500,
"TIG","14:06:16",10.6,0.4,1500,2275200,
"TIG","14:06:14",10.6,0.4,10000,2273700,
"TIG","14:06:13",10.6,0.4,3000,2263700,
"TIG","14:06:11",10.6,0.4,20000,2260700,
"TIG","14:06:10",10.6,0.4,5000,2240700,
"TIG","14:06:07",10.6,0.4,500,2235700,
"TIG","14:06:03",10.6,0.4,100,2235200,
"TIG","14:06:00",10.6,0.4,1000,2235100,
"TIG","14:05:54",10.6,0.4,2000,2234100,
"TIG","14:05:45",10.6,0.4,5000,2232100,
"TIG","14:05:32",10.6,0.4,600,2227100,
"TIG","14:05:28",10.6,0.4,1500,2226500,
"TIG","14:05:13",10.6,0.4,200,2225000,
"TIG","14:05:12",10.6,0.4,1100,2224800,
"TIG","14:05:08",10.6,0.4,10000,2223700,
"TIG","14:05:01",10.6,0.4,3000,2213700,
"TIG","14:04:39",10.6,0.4,4000,2210700,
"TIG","14:04:38",10.6,0.4,10000,2206700,
"TIG","14:04:36",10.6,0.4,100,2196700,
"TIG","14:04:33",10.6,0.4,5500,2196600,
"TIG","14:04:29",10.6,0.4,900,2191100,
"TIG","14:04:25",10.6,0.4,1000,2190200,
"TIG","14:04:22",10.6,0.4,1100,2189200,
"TIG","14:04:18",10.6,0.4,1000,2188100,
"TIG","14:04:01",10.6,0.4,6000,2187100,
"TIG","14:03:59",10.6,0.4,1100,2181100,
"TIG","14:03:56",10.6,0.4,1000,2180000,
"TIG","14:03:48",10.6,0.4,6000,2179000,
"TIG","14:03:46",10.6,0.4,10000,2173000,
"TIG","14:03:25",10.6,0.4,10000,2163000,
"TIG","14:02:34",10.5,0.3,3000,2153000,
"TIG","14:02:02",10.5,0.3,8000,2150000,
"TIG","14:01:07",10.5,0.3,1000,2142000,
"TIG","14:01:05",10.5,0.3,1000,2141000,
"TIG","14:01:04",10.5,0.3,1000,2140000,
"TIG","14:01:03",10.5,0.3,10000,2139000,
"TIG","14:01:02",10.5,0.3,30000,2129000,
"TIG","14:01:00",10.5,0.3,5000,2099000,
"TIG","14:00:57",10.5,0.3,300,2094000,
"TIG","14:00:55",10.5,0.3,5000,2093700,
"TIG","14:00:53",10.5,0.3,5000,2088700,
"TIG","14:00:52",10.5,0.3,152000,2083700,
"TIG","14:00:51",10.5,0.3,20100,1931700,
"TIG","14:00:49",10.5,0.3,25000,1911600,
"TIG","14:00:47",10.5,0.3,2000,1886600,
"TIG","14:00:44",10.5,0.3,5000,1884600,
"TIG","14:00:43",10.5,0.3,10000,1879600,
"TIG","14:00:40",10.5,0.3,1000,1869600,
"TIG","14:00:38",10.5,0.3,1800,1868600,
"TIG","14:00:37",10.4,0.2,3900,1866800,
"TIG","14:00:34",10.5,0.3,10000,1862900,
"TIG","14:00:32",10.5,0.3,1000,1852900,
"TIG","14:00:28",10.5,0.3,32300,1851900,
"TIG","14:00:27",10.5,0.3,3800,1819600,
"TIG","14:00:26",10.5,0.3,3000,1815800,
"TIG","14:00:25",10.5,0.3,22000,1812800,
"TIG","14:00:22",10.5,0.3,10000,1790800,
"TIG","14:00:16",10.5,0.3,1000,1780800,
"TIG","14:00:15",10.5,0.3,1500,1779800,
"TIG","14:00:14",10.5,0.3,1000,1778300,
"TIG","14:00:11",10.5,0.3,3000,1777300,
"TIG","14:00:06",10.5,0.3,3000,1774300,
"TIG","13:59:55",10.5,0.3,5000,1771300,
"TIG","13:59:54",10.5,0.3,9500,1766300,
"TIG","13:59:52",10.5,0.3,2000,1756800,
"TIG","13:59:49",10.5,0.3,500,1754800,
"TIG","13:59:41",10.5,0.3,2000,1754300,
"TIG","13:59:39",10.5,0.3,3000,1752300,
"TIG","13:59:37",10.5,0.3,3000,1749300,
"TIG","13:59:34",10.5,0.3,20000,1746300,
"TIG","13:59:31",10.5,0.3,10000,1726300,
"TIG","13:59:29",10.5,0.3,3000,1716300,
"TIG","13:59:27",10.5,0.3,20000,1713300,
"TIG","13:59:23",10.5,0.3,2000,1693300,
"TIG","13:59:19",10.5,0.3,500,1691300,
"TIG","13:59:17",10.5,0.3,5000,1690800,
"TIG","13:59:13",10.5,0.3,4500,1685800,
"TIG","13:59:09",10.5,0.3,30000,1681300,
"TIG","13:59:08",10.5,0.3,1000,1651300,
"TIG","13:59:06",10.5,0.3,5000,1650300,
"TIG","13:58:57",10.5,0.3,1000,1645300,
"TIG","13:58:53",10.5,0.3,2000,1644300,
"TIG","13:58:48",10.5,0.3,10000,1642300,
"TIG","13:57:31",10.5,0.3,1000,1632300,
"TIG","13:56:17",10.5,0.3,1000,1631300,
"TIG","13:55:53",10.5,0.3,700,1630300,
"TIG","13:55:20",10.5,0.3,500,1629600,
"TIG","13:54:36",10.5,0.3,15000,1629100,
"TIG","13:53:24",10.5,0.3,200,1614100,
"TIG","13:53:19",10.5,0.3,4100,1613900,
"TIG","13:52:09",10.5,0.3,5000,1609800,
"TIG","13:50:03",10.5,0.3,10000,1604800,
"TIG","13:48:37",10.5,0.3,2500,1594800,
"TIG","13:46:46",10.5,0.3,6000,1592300,
"TIG","13:46:23",10.5,0.3,200,1586300,
"TIG","13:44:12",10.5,0.3,200,1586100,
"TIG","13:43:07",10.5,0.3,10000,1585900,
"TIG","13:42:26",10.5,0.3,2200,1575900,
"TIG","13:42:10",10.4,0.2,1000,1573700,
"TIG","13:39:40",10.4,0.2,100,1572700,
"TIG","13:37:39",10.4,0.2,200,1572600,
"TIG","13:37:07",10.4,0.2,2500,1572400,
"TIG","13:36:47",10.4,0.2,500,1569900,
"TIG","13:34:49",10.4,0.2,4000,1569400,
"TIG","13:34:14",10.4,0.2,3000,1565400,
"TIG","13:34:13",10.4,0.2,500,1562400,
"TIG","13:34:01",10.4,0.2,600,1561900,
"TIG","13:33:59",10.4,0.2,100,1561300,
"TIG","13:33:48",10.4,0.2,10000,1561200,
"TIG","13:32:44",10.4,0.2,19000,1551200,
"TIG","13:32:26",10.4,0.2,4000,1532200,
"TIG","13:32:16",10.4,0.2,5000,1528200,
"TIG","13:32:12",10.4,0.2,500,1523200,
"TIG","13:32:11",10.4,0.2,1000,1522700,
"TIG","13:31:55",10.4,0.2,11400,1521700,
"TIG","13:30:43",10.4,0.2,1000,1510300,
"TIG","13:29:25",10.4,0.2,400,1509300,
"TIG","13:28:32",10.4,0.2,2000,1508900,
"TIG","13:28:23",10.4,0.2,8300,1506900,
"TIG","13:28:07",10.4,0.2,1000,1498600,
"TIG","13:27:52",10.4,0.2,1400,1497600,
"TIG","13:24:19",10.5,0.3,2000,1496200,
"TIG","13:24:03",10.5,0.3,200,1494200,
"TIG","13:23:50",10.4,0.2,3500,1494000,
"TIG","13:23:13",10.5,0.3,600,1490500,
"TIG","13:22:42",10.5,0.3,2000,1489900,
"TIG","13:21:06",10.5,0.3,1000,1487900,
"TIG","13:19:56",10.5,0.3,200,1486900,
"TIG","13:19:22",10.5,0.3,700,1486700,
"TIG","13:17:32",10.5,0.3,100,1486000,
"TIG","13:17:18",10.4,0.2,8000,1485900,
"TIG","13:17:01",10.5,0.3,1000,1477900,
"TIG","13:16:24",10.5,0.3,500,1476900,
"TIG","13:16:09",10.5,0.3,3000,1476400,
"TIG","13:15:55",10.5,0.3,5000,1473400,
"TIG","13:15:54",10.5,0.3,3000,1468400,
"TIG","13:13:38",10.5,0.3,100,1465400,
"TIG","13:10:58",10.4,0.2,6700,1465300,
"TIG","13:10:47",10.4,0.2,1300,1458600,
"TIG","13:10:43",10.4,0.2,8000,1457300,
"TIG","13:10:30",10.4,0.2,26400,1449300,
"TIG","13:09:59",10.4,0.2,3400,1422900,
"TIG","13:09:57",10.4,0.2,1000,1419500,
"TIG","13:09:43",10.4,0.2,1000,1418500,
"TIG","13:09:33",10.4,0.2,16100,1417500,
"TIG","13:09:07",10.4,0.2,800,1401400,
"TIG","13:08:53",10.4,0.2,13100,1400600,
"TIG","13:08:48",10.4,0.2,6900,1387500,
"TIG","13:08:10",10.4,0.2,5500,1380600,
"TIG","13:07:24",10.4,0.2,600,1375100,
"TIG","13:07:12",10.4,0.2,30000,1374500,
"TIG","13:06:06",10.4,0.2,3000,1344500,
"TIG","13:06:04",10.4,0.2,200,1341500,
"TIG","13:05:21",10.4,0.2,10400,1341300,
"TIG","13:05:19",10.4,0.2,1200,1330900,
"TIG","13:05:07",10.4,0.2,10000,1329700,
"TIG","13:04:48",10.4,0.2,68600,1319700,
"TIG","13:04:19",10.4,0.2,10000,1251100,
"TIG","13:03:40",10.4,0.2,2000,1241100,
"TIG","13:03:38",10.4,0.2,200,1239100,
"TIG","13:01:44",10.5,0.3,4500,1238900,
"TIG","13:00:25",10.4,0.2,1500,1234400,
"TIG","13:00:10",10.5,0.3,100,1232900,
"TIG","13:00:09",10.5,0.3,300,1232800,
"TIG","13:00:04",10.4,0.2,1000,1232500,
"TIG","11:29:59",10.5,0.3,1000,1231500,
"TIG","11:26:11",10.5,0.3,100,1230500,
"TIG","11:25:04",10.4,0.2,2000,1230400,
"TIG","11:23:26",10.4,0.2,1000,1228400,
"TIG","11:22:25",10.4,0.2,1000,1227400,
"TIG","11:22:09",10.4,0.2,1000,1226400,
"TIG","11:21:58",10.4,0.2,20000,1225400,
"TIG","11:21:17",10.4,0.2,5000,1205400,
"TIG","11:21:12",10.4,0.2,1800,1200400,
"TIG","11:20:05",10.4,0.2,1000,1198600,
"TIG","11:17:37",10.4,0.2,4000,1197600,
"TIG","11:16:07",10.4,0.2,300,1193600,
"TIG","11:10:54",10.5,0.3,1000,1193300,
"TIG","11:10:26",10.5,0.3,1000,1192300,
"TIG","11:08:27",10.5,0.3,500,1191300,
"TIG","11:07:46",10.5,0.3,9900,1190800,
"TIG","11:07:38",10.5,0.3,1400,1180900,
"TIG","11:06:56",10.5,0.3,2200,1179500,
"TIG","11:06:10",10.5,0.3,1000,1177300,
"TIG","11:05:40",10.5,0.3,40000,1176300,
"TIG","11:05:09",10.5,0.3,500,1136300,
"TIG","11:02:34",10.5,0.3,700,1135800,
"TIG","11:01:31",10.5,0.3,500,1135100,
"TIG","11:00:39",10.5,0.3,1400,1134600,
"TIG","10:59:26",10.5,0.3,2000,1133200,
"TIG","10:59:09",10.5,0.3,11400,1131200,
"TIG","10:58:36",10.5,0.3,500,1119800,
"TIG","10:57:47",10.5,0.3,10000,1119300,
"TIG","10:57:44",10.5,0.3,1000,1109300,
"TIG","10:57:17",10.5,0.3,20000,1108300,
"TIG","10:57:05",10.5,0.3,3000,1088300,
"TIG","10:56:42",10.5,0.3,1000,1085300,
"TIG","10:55:21",10.6,0.4,2000,1084300,
"TIG","10:55:05",10.5,0.3,100000,1082300,
"TIG","10:54:56",10.6,0.4,1200,982300,
"TIG","10:54:51",10.6,0.4,500,981100,
"TIG","10:54:09",10.6,0.4,5000,980600,
"TIG","10:53:58",10.6,0.4,1000,975600,
"TIG","10:53:35",10.6,0.4,3500,974600,
"TIG","10:53:10",10.6,0.4,700,971100,
"TIG","10:52:47",10.6,0.4,1800,970400,
"TIG","10:52:09",10.6,0.4,100,968600,
"TIG","10:51:42",10.6,0.4,15000,968500,
"TIG","10:50:33",10.6,0.4,5000,953500,
"TIG","10:50:10",10.6,0.4,4000,948500,
"TIG","10:50:06",10.6,0.4,20000,944500,
"TIG","10:49:29",10.6,0.4,7300,924500,
"TIG","10:48:51",10.6,0.4,5000,917200,
"TIG","10:47:32",10.6,0.4,1500,912200,
"TIG","10:47:09",10.6,0.4,10000,910700,
"TIG","10:45:33",10.5,0.3,900,900700,
"TIG","10:45:07",10.5,0.3,9200,899800,
"TIG","10:45:04",10.5,0.3,1800,890600,
"TIG","10:44:59",10.5,0.3,5000,888800,
"TIG","10:44:57",10.5,0.3,2000,883800,
"TIG","10:44:36",10.5,0.3,50000,881800,
"TIG","10:44:17",10.5,0.3,5700,831800,
"TIG","10:44:14",10.5,0.3,10000,826100,
"TIG","10:43:55",10.5,0.3,3000,816100,
"TIG","10:43:43",10.5,0.3,300,813100,
"TIG","10:43:39",10.5,0.3,30000,812800,
"TIG","10:42:22",10.5,0.3,3000,782800,
"TIG","10:41:48",10.5,0.3,5000,779800,
"TIG","10:41:47",10.4,0.2,1300,774800,
"TIG","10:39:33",10.5,0.3,5000,773500,
"TIG","10:39:12",10.5,0.3,5000,768500,
"TIG","10:37:08",10.5,0.3,700,763500,
"TIG","10:36:58",10.5,0.3,1800,762800,
"TIG","10:35:52",10.5,0.3,1500,761000,
"TIG","10:34:48",10.4,0.2,3000,759500,
"TIG","10:33:36",10.5,0.3,1000,756500,
"TIG","10:30:34",10.4,0.2,1400,755500,
"TIG","10:28:15",10.5,0.3,10000,754100,
"TIG","10:25:59",10.4,0.2,2000,744100,
"TIG","10:22:43",10.5,0.3,400,742100,
"TIG","10:21:11",10.5,0.3,500,741700,
"TIG","10:19:59",10.5,0.3,3000,741200,
"TIG","10:17:30",10.5,0.3,1200,738200,
"TIG","10:15:54",10.4,0.2,1000,737000,
"TIG","10:14:19",10.4,0.2,10000,736000,
"TIG","10:12:54",10.4,0.2,200,726000,
"TIG","10:12:19",10.4,0.2,33400,725800,
"TIG","10:09:40",10.3,0.1,500,692400,
"TIG","10:08:44",10.3,0.1,100,691900,
"TIG","10:08:29",10.4,0.2,5000,691800,
"TIG","10:07:00",10.3,0.1,1000,686800,
"TIG","10:05:48",10.4,0.2,174600,685800,
"TIG","10:05:01",10.4,0.2,600,511200,
"TIG","10:04:01",10.4,0.2,5000,510600,
"TIG","10:03:55",10.4,0.2,500,505600,
"TIG","10:03:26",10.4,0.2,15000,505100,
"TIG","10:02:29",10.5,0.3,5000,490100,
"TIG","10:00:42",10.5,0.3,2000,485100,
"TIG","09:59:04",10.4,0.2,1600,483100,
"TIG","09:57:32",10.4,0.2,4000,481500,
"TIG","09:55:37",10.5,0.3,200,477500,
"TIG","09:55:02",10.5,0.3,5000,477300,
"TIG","09:54:45",10.4,0.2,12000,472300,
"TIG","09:53:03",10.5,0.3,7000,460300,
"TIG","09:51:28",10.5,0.3,2600,453300,
"TIG","09:50:23",10.5,0.3,3000,450700,
"TIG","09:49:22",10.5,0.3,30000,447700,
"TIG","09:47:55",10.5,0.3,1600,417700,
"TIG","09:46:53",10.5,0.3,3000,416100,
"TIG","09:46:47",10.5,0.3,100,413100,
"TIG","09:46:14",10.5,0.3,1000,413000,
"TIG","09:46:08",10.5,0.3,3600,412000,
"TIG","09:45:22",10.5,0.3,1600,408400,
"TIG","09:45:17",10.5,0.3,10000,406800,
"TIG","09:45:09",10.5,0.3,2000,396800,
"TIG","09:44:51",10.5,0.3,10000,394800,
"TIG","09:44:40",10.4,0.2,1000,384800,
"TIG","09:44:37",10.5,0.3,1000,383800,
"TIG","09:44:10",10.5,0.3,1500,382800,
"TIG","09:44:09",10.5,0.3,1000,381300,
"TIG","09:43:36",10.5,0.3,3800,380300,
"TIG","09:43:09",10.5,0.3,30000,376500,
"TIG","09:43:05",10.5,0.3,30000,346500,
"TIG","09:42:54",10.5,0.3,3000,316500,
"TIG","09:42:30",10.5,0.3,1800,313500,
"TIG","09:40:09",10.5,0.3,900,311700,
"TIG","09:39:15",10.5,0.3,2300,310800,
"TIG","09:38:34",10.4,0.2,5000,308500,
"TIG","09:36:37",10.4,0.2,1500,303500,
"TIG","09:34:08",10.4,0.2,1400,302000,
"TIG","09:33:33",10.4,0.2,2000,300600,
"TIG","09:33:04",10.4,0.2,1000,298600,
"TIG","09:32:54",10.4,0.2,5000,297600,
"TIG","09:32:22",10.3,0.1,100,292600,
"TIG","09:32:01",10.4,0.2,20000,292500,
"TIG","09:31:07",10.4,0.2,3000,272500,
"TIG","09:31:04",10.4,0.2,2000,269500,
"TIG","09:31:01",10.4,0.2,10000,267500,
"TIG","09:30:54",10.4,0.2,2000,257500,
"TIG","09:30:49",10.4,0.2,10000,255500,
"TIG","09:30:48",10.4,0.2,10000,245500,
"TIG","09:30:47",10.4,0.2,5000,235500,
"TIG","09:30:41",10.4,0.2,7000,230500,
"TIG","09:30:21",10.4,0.2,10000,223500,
"TIG","09:30:10",10.4,0.2,10000,213500,
"TIG","09:28:37",10.4,0.2,5000,203500,
"TIG","09:26:13",10.4,0.2,3000,198500,
"TIG","09:24:19",10.4,0.2,19600,195500,
"TIG","09:24:10",10.4,0.2,1000,175900,
"TIG","09:23:55",10.5,0.3,5000,174900,
"TIG","09:23:54",10.4,0.2,4000,169900,
"TIG","09:23:03",10.5,0.3,1500,165900,
"TIG","09:22:12",10.4,0.2,200,164400,
"TIG","09:22:04",10.4,0.2,50000,164200,
"TIG","09:21:26",10.4,0.2,2000,114200,
"TIG","09:20:46",10.5,0.3,10000,112200,
"TIG","09:20:45",10.4,0.2,1000,102200,
"TIG","09:20:00",10.4,0.2,22400,101200,
"TIG","09:19:50",10.4,0.2,200,78800,
"TIG","09:19:31",10.4,0.2,500,78600,
"TIG","09:19:22",10.4,0.2,500,78100,
"TIG","09:19:21",10.4,0.2,200,77600,
"TIG","09:19:18",10.4,0.2,4000,77400,
"TIG","09:19:12",10.4,0.2,10000,73400,
"TIG","09:19:08",10.4,0.2,5000,63400,
"TIG","09:18:43",10.4,0.2,20000,58400,
"TIG","09:18:41",10.4,0.2,1000,38400,
"TIG","09:18:13",10.4,0.2,500,37400,
"TIG","09:16:02",10.4,0.2,5000,36900,
"TIG","09:15:37",10.4,0.2,2000,31900,
"TIG","09:14:28",10.4,0.2,2000,29900,
"TIG","09:14:11",10.4,0.2,1000,27900,
"TIG","09:13:51",10.4,0.2,10000,26900,
"TIG","09:13:29",10.4,0.2,700,16900,
"TIG","09:12:31",10.4,0.2,10000,16200,
"TIG","09:08:14",10.3,0.1,2200,6200,
"TIG","09:06:35",10.3,0.1,1000,4000,
"TIG","09:05:27",10.3,0.1,100,3000,
"TIG","09:04:15",10.3,0.1,1400,2900,
"TIG","09:01:46",10.3,0.1,100,1500,
"TIG","09:01:25",10.3,0.1,200,1400,
"TIG","09:00:34",10.3,0.1,400,1200,
"TIG","09:00:06",10.4,0.2,800,800,
