"symbol","time","price","change","vol","total","side"
"ASM","14:45:03",9.25,-0.04,292500,2510800,
"ASM","14:29:58",9.35,0.06,2000,2218300,"B"
"ASM","14:29:53",9.35,0.06,1000,2216300,"B"
"ASM","14:29:53",9.35,0.06,1000,2215300,"B"
"ASM","14:29:20",9.35,0.06,500,2214300,"B"
"ASM","14:29:17",9.35,0.06,1000,2213800,"B"
"ASM","14:29:09",9.36,0.07,100,2212800,"S"
"ASM","14:29:08",9.36,0.07,1000,2212700,"S"
"ASM","14:29:06",9.35,0.06,100,2211700,"B"
"ASM","14:29:00",9.35,0.06,5000,2211600,"B"
"ASM","14:28:51",9.35,0.06,900,2206600,"B"
"ASM","14:28:50",9.36,0.07,10000,2205700,"S"
"ASM","14:28:48",9.36,0.07,100,2195700,"S"
"ASM","14:28:43",9.35,0.06,500,2195600,"B"
"ASM","14:28:34",9.36,0.07,15300,2195100,"S"
"ASM","14:28:33",9.35,0.06,100,2179800,"B"
"ASM","14:28:28",9.35,0.06,3000,2179700,"B"
"ASM","14:28:26",9.35,0.06,6000,2176700,"B"
"ASM","14:28:22",9.35,0.06,500,2170700,"B"
"ASM","14:28:20",9.35,0.06,3000,2170200,"B"
"ASM","14:27:43",9.36,0.07,8100,2167200,"B"
"ASM","14:27:42",9.36,0.07,2000,2159100,"B"
"ASM","14:27:31",9.37,0.08,3000,2157100,"B"
"ASM","14:27:29",9.37,0.08,200,2154100,"B"
"ASM","14:27:25",9.37,0.08,3200,2153900,"B"
"ASM","14:27:25",9.37,0.08,1000,2150700,"B"
"ASM","14:27:18",9.37,0.08,5100,2149700,"B"
"ASM","14:27:13",9.37,0.08,300,2144600,"B"
"ASM","14:27:10",9.37,0.08,11000,2144300,"B"
"ASM","14:27:06",9.37,0.08,1000,2133300,"B"
"ASM","14:26:57",9.37,0.08,1000,2132300,"B"
"ASM","14:26:43",9.37,0.08,1000,2131300,"B"
"ASM","14:26:37",9.37,0.08,5000,2130300,"B"
"ASM","14:26:29",9.38,0.09,1000,2125300,"S"
"ASM","14:26:12",9.38,0.09,200,2124300,"B"
"ASM","14:26:11",9.38,0.09,600,2124100,"B"
"ASM","14:26:08",9.38,0.09,2000,2123500,"B"
"ASM","14:26:07",9.38,0.09,500,2121500,"B"
"ASM","14:26:06",9.38,0.09,5000,2121000,"B"
"ASM","14:26:03",9.38,0.09,1000,2116000,"B"
"ASM","14:25:48",9.38,0.09,4600,2115000,"B"
"ASM","14:25:45",9.38,0.09,2000,2110400,"B"
"ASM","14:25:38",9.38,0.09,6000,2108400,"B"
"ASM","14:25:30",9.38,0.09,2000,2102400,"B"
"ASM","14:25:20",9.38,0.09,4000,2100400,"B"
"ASM","14:24:49",9.38,0.09,2000,2096400,"B"
"ASM","14:24:48",9.38,0.09,5000,2094400,"B"
"ASM","14:24:41",9.39,0.1,2400,2089400,"S"
"ASM","14:24:36",9.38,0.09,800,2087000,"B"
"ASM","14:24:29",9.39,0.1,2000,2086200,"S"
"ASM","14:24:22",9.38,0.09,6800,2084200,"B"
"ASM","14:24:21",9.38,0.09,2200,2077400,"B"
"ASM","14:24:18",9.38,0.09,2300,2075200,"B"
"ASM","14:23:36",9.38,0.09,1200,2072900,"B"
"ASM","14:23:32",9.39,0.1,6000,2071700,"S"
"ASM","14:23:31",9.39,0.1,200,2065700,"S"
"ASM","14:22:53",9.39,0.1,500,2065500,"S"
"ASM","14:21:24",9.39,0.1,6000,2065000,"S"
"ASM","14:21:13",9.39,0.1,300,2059000,"S"
"ASM","14:20:49",9.39,0.1,200,2058700,"S"
"ASM","14:20:45",9.38,0.09,100,2058500,"B"
"ASM","14:19:54",9.38,0.09,500,2058400,"B"
"ASM","14:18:30",9.39,0.1,200,2057900,"S"
"ASM","14:18:26",9.38,0.09,1000,2057700,"B"
"ASM","14:18:24",9.39,0.1,500,2056700,"S"
"ASM","14:17:24",9.38,0.09,300,2056200,"S"
"ASM","14:17:02",9.38,0.09,700,2055900,"B"
"ASM","14:16:04",9.38,0.09,800,2055200,"S"
"ASM","14:15:47",9.38,0.09,700,2054400,"B"
"ASM","14:15:20",9.38,0.09,300,2053700,"B"
"ASM","14:15:04",9.37,0.08,16600,2053400,"B"
"ASM","14:15:04",9.38,0.09,8400,2036800,"B"
"ASM","14:15:00",9.38,0.09,3900,2028400,"B"
"ASM","14:15:00",9.38,0.09,200,2024500,"B"
"ASM","14:14:51",9.38,0.09,3200,2024300,"B"
"ASM","14:14:50",9.38,0.09,500,2021100,"B"
"ASM","14:14:22",9.39,0.1,1000,2020600,"S"
"ASM","14:13:57",9.39,0.1,1000,2019600,"S"
"ASM","14:13:55",9.39,0.1,700,2018600,"B"
"ASM","14:13:52",9.39,0.1,100,2017900,"B"
"ASM","14:13:39",9.39,0.1,13300,2017800,"B"
"ASM","14:13:31",9.4,0.11,500,2004500,"S"
"ASM","14:13:29",9.4,0.11,1000,2004000,"S"
"ASM","14:13:20",9.4,0.11,1500,2003000,"S"
"ASM","14:12:41",9.4,0.11,1800,2001500,"B"
"ASM","14:12:39",9.4,0.11,5000,1999700,"B"
"ASM","14:12:37",9.4,0.11,4000,1994700,"B"
"ASM","14:12:13",9.4,0.11,2100,1990700,"B"
"ASM","14:12:03",9.41,0.12,100,1988600,"S"
"ASM","14:12:00",9.41,0.12,9000,1988500,"S"
"ASM","14:11:26",9.41,0.12,1000,1979500,"S"
"ASM","14:10:43",9.41,0.12,2000,1978500,"S"
"ASM","14:10:21",9.41,0.12,9300,1976500,"B"
"ASM","14:10:07",9.41,0.12,4900,1967200,"S"
"ASM","14:10:06",9.41,0.12,100,1962300,"S"
"ASM","14:10:03",9.41,0.12,100,1962200,"S"
"ASM","14:09:44",9.41,0.12,5000,1962100,"S"
"ASM","14:09:12",9.4,0.11,10600,1957100,"B"
"ASM","14:09:12",9.41,0.12,19400,1946500,"B"
"ASM","14:08:37",9.42,0.13,4800,1927100,"B"
"ASM","14:08:35",9.42,0.13,200,1922300,"B"
"ASM","14:08:18",9.42,0.13,2000,1922100,"B"
"ASM","14:07:52",9.42,0.13,100,1920100,"B"
"ASM","14:07:35",9.42,0.13,5200,1920000,"B"
"ASM","14:07:26",9.42,0.13,400,1914800,"B"
"ASM","14:07:05",9.42,0.13,2000,1914400,"B"
"ASM","14:06:41",9.42,0.13,500,1912400,"B"
"ASM","14:06:39",9.43,0.14,12000,1911900,"S"
"ASM","14:05:35",9.42,0.13,11600,1899900,"S"
"ASM","14:05:34",9.42,0.13,2000,1888300,"S"
"ASM","14:05:22",9.42,0.13,5000,1886300,"S"
"ASM","14:04:47",9.42,0.13,1500,1881300,"S"
"ASM","14:04:44",9.42,0.13,4000,1879800,"S"
"ASM","14:04:31",9.42,0.13,5000,1875800,"S"
"ASM","14:04:19",9.41,0.12,5000,1870800,"B"
"ASM","14:04:05",9.41,0.12,5000,1865800,"B"
"ASM","14:03:46",9.41,0.12,7200,1860800,"S"
"ASM","14:03:35",9.41,0.12,6000,1853600,"S"
"ASM","14:03:30",9.41,0.12,500,1847600,"S"
"ASM","14:03:24",9.41,0.12,100,1847100,"S"
"ASM","14:03:10",9.41,0.12,500,1847000,"S"
"ASM","14:03:03",9.4,0.11,2000,1846500,"B"
"ASM","14:02:27",9.41,0.12,10800,1844500,"B"
"ASM","14:02:27",9.42,0.13,2000,1833700,"S"
"ASM","14:02:18",9.41,0.12,500,1831700,"B"
"ASM","14:01:59",9.41,0.12,300,1831200,"B"
"ASM","14:01:23",9.41,0.12,400,1830900,"S"
"ASM","14:01:15",9.41,0.12,100,1830500,"B"
"ASM","14:01:06",9.41,0.12,100,1830400,"S"
"ASM","14:01:01",9.41,0.12,500,1830300,"S"
"ASM","14:00:59",9.41,0.12,200,1829800,"S"
"ASM","14:00:48",9.41,0.12,1200,1829600,"B"
"ASM","14:00:36",9.41,0.12,200,1828400,"B"
"ASM","14:00:04",9.41,0.12,47700,1828200,"B"
"ASM","14:00:04",9.42,0.13,2300,1780500,"B"
"ASM","13:59:55",9.42,0.13,1000,1778200,"B"
"ASM","13:59:50",9.42,0.13,500,1777200,"B"
"ASM","13:59:45",9.42,0.13,1000,1776700,"B"
"ASM","13:59:42",9.42,0.13,300,1775700,"B"
"ASM","13:59:16",9.42,0.13,500,1775400,"B"
"ASM","13:58:52",9.42,0.13,100,1774900,"B"
"ASM","13:58:35",9.42,0.13,5000,1774800,"B"
"ASM","13:58:31",9.42,0.13,500,1769800,"B"
"ASM","13:58:28",9.42,0.13,500,1769300,"B"
"ASM","13:58:22",9.42,0.13,100,1768800,"B"
"ASM","13:58:10",9.43,0.14,1000,1768700,"S"
"ASM","13:58:01",9.42,0.13,100,1767700,"B"
"ASM","13:57:57",9.42,0.13,500,1767600,"B"
"ASM","13:57:57",9.42,0.13,1600,1767100,"B"
"ASM","13:57:40",9.42,0.13,100,1765500,"B"
"ASM","13:57:27",9.42,0.13,100,1765400,"B"
"ASM","13:57:27",9.42,0.13,10000,1765300,"B"
"ASM","13:57:10",9.43,0.14,1000,1755300,"S"
"ASM","13:57:10",9.42,0.13,100,1754300,"B"
"ASM","13:57:09",9.42,0.13,200,1754200,"B"
"ASM","13:57:02",9.42,0.13,100,1754000,"B"
"ASM","13:56:37",9.42,0.13,1000,1753900,"B"
"ASM","13:56:09",9.42,0.13,300,1752900,"B"
"ASM","13:55:49",9.42,0.13,1000,1752600,"B"
"ASM","13:55:39",9.42,0.13,400,1751600,"B"
"ASM","13:55:35",9.42,0.13,500,1751200,"B"
"ASM","13:55:26",9.42,0.13,4200,1750700,"S"
"ASM","13:55:20",9.42,0.13,1000,1746500,"B"
"ASM","13:55:18",9.42,0.13,5000,1745500,"B"
"ASM","13:55:05",9.42,0.13,500,1740500,"B"
"ASM","13:54:38",9.42,0.13,500,1740000,"B"
"ASM","13:54:28",9.42,0.13,3000,1739500,"B"
"ASM","13:54:09",9.42,0.13,9700,1736500,"S"
"ASM","13:53:56",9.42,0.13,200,1726800,"S"
"ASM","13:53:02",9.42,0.13,5000,1726600,"S"
"ASM","13:52:57",9.42,0.13,300,1721600,"S"
"ASM","13:52:30",9.42,0.13,800,1721300,"S"
"ASM","13:52:21",9.42,0.13,200,1720500,"S"
"ASM","13:52:15",9.42,0.13,100,1720300,"B"
"ASM","13:52:07",9.42,0.13,1400,1720200,"B"
"ASM","13:51:57",9.42,0.13,100,1718800,"B"
"ASM","13:51:45",9.42,0.13,10000,1718700,"B"
"ASM","13:51:41",9.43,0.14,500,1708700,"S"
"ASM","13:51:26",9.43,0.14,2000,1708200,"S"
"ASM","13:51:17",9.43,0.14,10000,1706200,"S"
"ASM","13:51:03",9.42,0.13,5000,1696200,"B"
"ASM","13:50:27",9.42,0.13,5700,1691200,"S"
"ASM","13:50:18",9.42,0.13,8000,1685500,"S"
"ASM","13:49:59",9.42,0.13,10000,1677500,"S"
"ASM","13:49:36",9.42,0.13,500,1667500,"S"
"ASM","13:49:04",9.42,0.13,20000,1667000,"S"
"ASM","13:49:00",9.42,0.13,200,1647000,"S"
"ASM","13:48:48",9.41,0.12,2300,1646800,"B"
"ASM","13:48:23",9.41,0.12,2000,1644500,"B"
"ASM","13:47:41",9.41,0.12,500,1642500,"B"
"ASM","13:47:35",9.41,0.12,7500,1642000,"S"
"ASM","13:47:03",9.41,0.12,500,1634500,"S"
"ASM","13:46:43",9.41,0.12,1000,1634000,"S"
"ASM","13:46:38",9.41,0.12,700,1633000,"S"
"ASM","13:45:04",9.41,0.12,1600,1632300,"S"
"ASM","13:44:56",9.4,0.11,300,1630700,"B"
"ASM","13:44:47",9.4,0.11,10000,1630400,"B"
"ASM","13:44:22",9.4,0.11,2000,1620400,"B"
"ASM","13:44:16",9.4,0.11,8600,1618400,"S"
"ASM","13:44:00",9.39,0.1,100,1609800,"B"
"ASM","13:43:56",9.4,0.11,1000,1609700,"S"
"ASM","13:43:38",9.4,0.11,2000,1608700,"S"
"ASM","13:41:14",9.39,0.1,6000,1606700,"B"
"ASM","13:40:13",9.4,0.11,1000,1600700,"S"
"ASM","13:39:36",9.4,0.11,4400,1599700,"B"
"ASM","13:39:08",9.4,0.11,200,1595300,"B"
"ASM","13:38:45",9.4,0.11,2000,1595100,"B"
"ASM","13:38:33",9.4,0.11,1000,1593100,"B"
"ASM","13:38:02",9.4,0.11,1000,1592100,"B"
"ASM","13:37:58",9.4,0.11,200,1591100,"B"
"ASM","13:37:45",9.4,0.11,1000,1590900,"B"
"ASM","13:37:29",9.41,0.12,100,1589900,"B"
"ASM","13:37:16",9.41,0.12,5000,1589800,"B"
"ASM","13:37:07",9.41,0.12,1000,1584800,"B"
"ASM","13:37:03",9.41,0.12,2100,1583800,"B"
"ASM","13:36:18",9.41,0.12,100,1581700,"B"
"ASM","13:36:15",9.41,0.12,2700,1581600,"B"
"ASM","13:36:14",9.41,0.12,2000,1578900,"B"
"ASM","13:36:14",9.41,0.12,1500,1576900,"S"
"ASM","13:36:10",9.41,0.12,3500,1575400,"B"
"ASM","13:34:00",9.41,0.12,2500,1571900,"B"
"ASM","13:32:54",9.42,0.13,500,1569400,"S"
"ASM","13:32:47",9.41,0.12,5000,1568900,"B"
"ASM","13:32:46",9.42,0.13,100,1563900,"S"
"ASM","13:32:40",9.42,0.13,1000,1563800,"S"
"ASM","13:32:07",9.42,0.13,300,1562800,"S"
"ASM","13:31:37",9.42,0.13,1000,1562500,"S"
"ASM","13:31:29",9.42,0.13,2200,1561500,"S"
"ASM","13:30:58",9.42,0.13,5000,1559300,"S"
"ASM","13:30:21",9.42,0.13,2000,1554300,"S"
"ASM","13:30:11",9.41,0.12,300,1552300,"B"
"ASM","13:29:55",9.41,0.12,1000,1552000,"B"
"ASM","13:27:58",9.42,0.13,3000,1551000,"S"
"ASM","13:27:10",9.42,0.13,100,1548000,"S"
"ASM","13:26:55",9.42,0.13,1000,1547900,"S"
"ASM","13:26:42",9.42,0.13,2300,1546900,"S"
"ASM","13:26:36",9.41,0.12,5000,1544600,"B"
"ASM","13:26:25",9.41,0.12,20000,1539600,"B"
"ASM","13:25:54",9.41,0.12,600,1519600,"B"
"ASM","13:25:53",9.42,0.13,200,1519000,"S"
"ASM","13:25:00",9.42,0.13,600,1518800,"S"
"ASM","13:24:53",9.41,0.12,1000,1518200,"B"
"ASM","13:24:49",9.42,0.13,3300,1517200,"B"
"ASM","13:24:48",9.42,0.13,1000,1513900,"B"
"ASM","13:24:47",9.42,0.13,1000,1512900,"B"
"ASM","13:24:32",9.42,0.13,100,1511900,"B"
"ASM","13:24:26",9.42,0.13,2000,1511800,"B"
"ASM","13:24:23",9.42,0.13,1000,1509800,"B"
"ASM","13:24:03",9.42,0.13,100,1508800,"B"
"ASM","13:24:00",9.42,0.13,100,1508700,"B"
"ASM","13:23:30",9.42,0.13,200,1508600,"B"
"ASM","13:23:07",9.42,0.13,9300,1508400,"S"
"ASM","13:23:03",9.42,0.13,1600,1499100,"S"
"ASM","13:22:59",9.42,0.13,5000,1497500,"S"
"ASM","13:22:56",9.42,0.13,3000,1492500,"S"
"ASM","13:22:52",9.42,0.13,16500,1489500,"S"
"ASM","13:22:51",9.42,0.13,1000,1473000,"S"
"ASM","13:22:49",9.42,0.13,10000,1472000,"S"
"ASM","13:22:45",9.42,0.13,2000,1462000,"S"
"ASM","13:22:39",9.42,0.13,20000,1460000,"S"
"ASM","13:22:29",9.42,0.13,500,1440000,"S"
"ASM","13:22:09",9.42,0.13,10000,1439500,"S"
"ASM","13:22:03",9.42,0.13,10000,1429500,"S"
"ASM","13:21:54",9.42,0.13,9500,1419500,"S"
"ASM","13:21:53",9.42,0.13,500,1410000,"S"
"ASM","13:21:50",9.42,0.13,3200,1409500,"S"
"ASM","13:21:46",9.42,0.13,2000,1406300,"S"
"ASM","13:21:15",9.42,0.13,20000,1404300,"S"
"ASM","13:21:08",9.41,0.12,6000,1384300,"S"
"ASM","13:20:59",9.41,0.12,200,1378300,"S"
"ASM","13:20:50",9.41,0.12,1300,1378100,"S"
"ASM","13:20:46",9.41,0.12,3200,1376800,"S"
"ASM","13:20:43",9.41,0.12,10000,1373600,"S"
"ASM","13:20:35",9.41,0.12,5000,1363600,"S"
"ASM","13:20:34",9.4,0.11,500,1358600,"B"
"ASM","13:20:27",9.4,0.11,100,1358100,"B"
"ASM","13:20:23",9.41,0.12,5000,1358000,"S"
"ASM","13:19:58",9.41,0.12,500,1353000,"S"
"ASM","13:19:55",9.41,0.12,5000,1352500,"S"
"ASM","13:19:54",9.4,0.11,500,1347500,"B"
"ASM","13:19:45",9.41,0.12,5000,1347000,"S"
"ASM","13:19:42",9.41,0.12,1000,1342000,"S"
"ASM","13:19:20",9.41,0.12,500,1341000,"S"
"ASM","13:19:09",9.41,0.12,500,1340500,"S"
"ASM","13:18:05",9.4,0.11,9000,1340000,"S"
"ASM","13:18:04",9.4,0.11,500,1331000,"S"
"ASM","13:18:03",9.4,0.11,1600,1330500,"S"
"ASM","13:17:55",9.4,0.11,5000,1328900,"S"
"ASM","13:17:38",9.4,0.11,1000,1323900,"S"
"ASM","13:17:28",9.4,0.11,6800,1322900,"S"
"ASM","13:16:57",9.39,0.1,100,1316100,"B"
"ASM","13:16:13",9.39,0.1,100,1316000,"B"
"ASM","13:15:50",9.39,0.1,100,1315900,"S"
"ASM","13:14:48",9.39,0.1,5600,1315800,"S"
"ASM","13:14:46",9.38,0.09,2000,1310200,"B"
"ASM","13:14:45",9.39,0.1,900,1308200,"S"
"ASM","13:14:40",9.39,0.1,500,1307300,"S"
"ASM","13:14:33",9.39,0.1,3200,1306800,"S"
"ASM","13:13:54",9.38,0.09,3000,1303600,"B"
"ASM","13:13:23",9.39,0.1,100,1300600,"S"
"ASM","13:13:20",9.39,0.1,100,1300500,"S"
"ASM","13:11:43",9.39,0.1,100,1300400,"S"
"ASM","13:11:22",9.37,0.08,1000,1300300,"B"
"ASM","13:11:22",9.39,0.1,15000,1295300,"B"
"ASM","13:10:31",9.39,0.1,100,1280300,"S"
"ASM","13:10:17",9.4,0.11,10000,1280200,"S"
"ASM","13:10:12",9.39,0.1,100,1270200,"S"
"ASM","13:10:09",9.39,0.1,1900,1270100,"B"
"ASM","13:08:50",9.4,0.11,100,1268200,"S"
"ASM","13:08:23",9.39,0.1,9000,1268100,"S"
"ASM","13:08:18",9.38,0.09,1000,1259100,"S"
"ASM","13:07:20",9.37,0.08,400,1258100,"B"
"ASM","13:06:07",9.37,0.08,3300,1257700,"B"
"ASM","13:05:43",9.39,0.1,100,1254400,"S"
"ASM","13:04:54",9.37,0.08,4100,1252400,"B"
"ASM","13:03:35",9.39,0.1,500,1248300,"S"
"ASM","13:03:23",9.39,0.1,100,1247800,"S"
"ASM","13:02:54",9.39,0.1,3100,1247700,"B"
"ASM","13:02:52",9.39,0.1,5600,1244600,"B"
"ASM","13:02:48",9.39,0.1,1000,1239000,"B"
"ASM","13:02:33",9.39,0.1,600,1238000,"B"
"ASM","13:02:02",9.39,0.1,5500,1237400,"B"
"ASM","13:01:25",9.39,0.1,6000,1231900,"B"
"ASM","13:00:55",9.4,0.11,100,1225900,"S"
"ASM","13:00:30",9.4,0.11,2900,1225800,"B"
"ASM","13:00:28",9.4,0.11,200,1222900,"B"
"ASM","13:00:25",9.4,0.11,6000,1222700,"B"
"ASM","13:00:21",9.4,0.11,1000,1216700,"B"
"ASM","13:00:18",9.4,0.11,100,1215700,"B"
"ASM","13:00:17",9.4,0.11,100,1215600,"B"
"ASM","13:00:16",9.4,0.11,200,1215500,"B"
"ASM","13:00:09",9.4,0.11,300,1215300,"B"
"ASM","13:00:06",9.4,0.11,500,1215000,"B"
"ASM","13:00:01",9.4,0.11,3700,1214500,"S"
"ASM","11:29:38",9.39,0.1,500,1210800,"B"
"ASM","11:29:20",9.4,0.11,4500,1210300,"B"
"ASM","11:29:07",9.4,0.11,100,1205800,"B"
"ASM","11:29:03",9.4,0.11,2000,1205700,"B"
"ASM","11:28:49",9.4,0.11,3000,1203700,"B"
"ASM","11:28:48",9.4,0.11,1300,1200700,"B"
"ASM","11:28:32",9.4,0.11,200,1199400,"B"
"ASM","11:27:50",9.4,0.11,10200,1199200,"S"
"ASM","11:27:50",9.38,0.09,1600,1189000,"S"
"ASM","11:27:50",9.37,0.08,2100,1187400,"S"
"ASM","11:27:24",9.36,0.07,1000,1185300,"B"
"ASM","11:25:25",9.36,0.07,200,1184300,"B"
"ASM","11:25:08",9.36,0.07,300,1184100,"B"
"ASM","11:24:13",9.36,0.07,500,1183800,"B"
"ASM","11:24:04",9.36,0.07,500,1183300,"B"
"ASM","11:23:21",9.36,0.07,1000,1182800,"S"
"ASM","11:22:59",9.36,0.07,1000,1181800,"S"
"ASM","11:22:47",9.36,0.07,200,1180800,"S"
"ASM","11:22:05",9.36,0.07,200,1180600,"S"
"ASM","11:21:28",9.36,0.07,200,1180400,"S"
"ASM","11:21:19",9.36,0.07,2300,1180200,"S"
"ASM","11:20:48",9.36,0.07,11200,1177900,"B"
"ASM","11:20:24",9.36,0.07,200,1166700,"B"
"ASM","11:19:36",9.36,0.07,1000,1166500,"B"
"ASM","11:19:20",9.37,0.08,2900,1165500,"B"
"ASM","11:19:11",9.37,0.08,1200,1162600,"B"
"ASM","11:16:36",9.38,0.09,49200,1161400,"B"
"ASM","11:16:14",9.38,0.09,800,1112200,"B"
"ASM","11:14:03",9.37,0.08,800,1111400,"B"
"ASM","11:11:57",9.37,0.08,800,1110600,"B"
"ASM","11:11:33",9.37,0.08,800,1109800,"B"
"ASM","11:11:06",9.38,0.09,800,1109000,"B"
"ASM","11:10:16",9.38,0.09,800,1108200,"B"
"ASM","11:08:59",9.38,0.09,8700,1107400,"S"
"ASM","11:08:10",9.38,0.09,1300,1098700,"B"
"ASM","11:08:01",9.39,0.1,300,1097400,"S"
"ASM","11:06:55",9.38,0.09,600,1097100,"B"
"ASM","11:06:31",9.38,0.09,8900,1096500,"B"
"ASM","11:05:26",9.38,0.09,500,1087600,"B"
"ASM","11:04:48",9.38,0.09,100,1087100,"B"
"ASM","11:03:57",9.39,0.1,1000,1087000,"S"
"ASM","11:03:57",9.38,0.09,1900,1086000,"S"
"ASM","11:03:54",9.38,0.09,200,1084100,"S"
"ASM","11:02:40",9.38,0.09,200,1083900,"S"
"ASM","11:02:17",9.38,0.09,7700,1083700,"B"
"ASM","11:01:58",9.38,0.09,1300,1076000,"S"
"ASM","11:01:13",9.38,0.09,3800,1074700,"B"
"ASM","11:00:55",9.38,0.09,500,1070900,"S"
"ASM","11:00:55",9.37,0.08,5700,1070400,"S"
"ASM","11:00:46",9.37,0.08,1800,1064700,"S"
"ASM","11:00:33",9.37,0.08,100,1062900,"S"
"ASM","11:00:23",9.37,0.08,12400,1062800,"B"
"ASM","11:00:05",9.38,0.09,4500,1050400,"B"
"ASM","10:59:41",9.38,0.09,200,1045900,"B"
"ASM","10:56:20",9.38,0.09,800,1045700,"B"
"ASM","10:56:03",9.38,0.09,800,1044900,"B"
"ASM","10:55:45",9.38,0.09,2000,1044100,"B"
"ASM","10:55:20",9.38,0.09,3000,1042100,"B"
"ASM","10:55:01",9.38,0.09,300,1038600,"B"
"ASM","10:54:42",9.39,0.1,500,1038300,"S"
"ASM","10:54:30",9.39,0.1,1400,1037800,"B"
"ASM","10:52:32",9.38,0.09,500,1036400,"B"
"ASM","10:52:27",9.38,0.09,300,1035900,"B"
"ASM","10:51:47",9.38,0.09,1800,1035600,"B"
"ASM","10:51:47",9.39,0.1,1200,1033800,"B"
"ASM","10:51:45",9.39,0.1,1000,1032600,"B"
"ASM","10:50:03",9.39,0.1,1200,1031600,"B"
"ASM","10:49:01",9.39,0.1,200,1030400,"S"
"ASM","10:48:50",9.39,0.1,4800,1030200,"B"
"ASM","10:48:06",9.4,0.11,200,1025400,"S"
"ASM","10:47:45",9.4,0.11,100,1025200,"S"
"ASM","10:47:35",9.4,0.11,200,1025100,"S"
"ASM","10:47:18",9.4,0.11,300,1024900,"B"
"ASM","10:47:04",9.4,0.11,500,1024600,"B"
"ASM","10:46:34",9.4,0.11,300,1024100,"B"
"ASM","10:45:12",9.41,0.12,4400,1023800,"B"
"ASM","10:44:53",9.42,0.13,200,1019400,"S"
"ASM","10:44:41",9.42,0.13,200,1019200,"S"
"ASM","10:44:32",9.42,0.13,3000,1019000,"S"
"ASM","10:43:47",9.41,0.12,11500,1016000,"S"
"ASM","10:43:28",9.41,0.12,20000,1004500,"S"
"ASM","10:43:28",9.4,0.11,9000,984500,"S"
"ASM","10:42:38",9.4,0.11,4000,975500,"S"
"ASM","10:42:22",9.4,0.11,500,971500,"S"
"ASM","10:41:50",9.39,0.1,500,971000,"S"
"ASM","10:41:19",9.39,0.1,200,970500,"S"
"ASM","10:41:10",9.39,0.1,300,970300,"B"
"ASM","10:40:50",9.38,0.09,200,970000,"S"
"ASM","10:40:47",9.38,0.09,1500,969800,"S"
"ASM","10:40:41",9.38,0.09,500,968300,"S"
"ASM","10:40:39",9.38,0.09,200,967800,"S"
"ASM","10:40:29",9.38,0.09,200,967600,"S"
"ASM","10:40:15",9.38,0.09,200,967400,"S"
"ASM","10:40:08",9.38,0.09,100,967200,"S"
"ASM","10:40:06",9.38,0.09,100,967100,"S"
"ASM","10:40:01",9.38,0.09,500,967000,"S"
"ASM","10:39:47",9.38,0.09,200,966500,"S"
"ASM","10:39:38",9.38,0.09,200,966300,"S"
"ASM","10:39:12",9.38,0.09,6100,966100,"B"
"ASM","10:39:00",9.38,0.09,3000,960000,"B"
"ASM","10:38:30",9.38,0.09,19900,957000,"S"
"ASM","10:38:30",9.37,0.08,1000,937100,"S"
"ASM","10:38:22",9.36,0.07,1000,936100,"B"
"ASM","10:38:07",9.37,0.08,2000,935100,"B"
"ASM","10:37:07",9.38,0.09,700,933100,"S"
"ASM","10:36:36",9.38,0.09,1000,932400,"S"
"ASM","10:36:21",9.36,0.07,300,931400,"B"
"ASM","10:36:20",9.37,0.08,100,931100,"S"
"ASM","10:36:16",9.37,0.08,1000,931000,"S"
"ASM","10:36:14",9.37,0.08,700,930000,"B"
"ASM","10:36:06",9.37,0.08,1100,929300,"B"
"ASM","10:36:05",9.38,0.09,500,928200,"S"
"ASM","10:35:57",9.38,0.09,2000,927700,"S"
"ASM","10:35:11",9.38,0.09,200,925700,"S"
"ASM","10:35:08",9.37,0.08,10000,925500,"B"
"ASM","10:34:40",9.38,0.09,1000,915500,"S"
"ASM","10:34:37",9.38,0.09,200,914500,"S"
"ASM","10:34:18",9.38,0.09,3400,914300,"B"
"ASM","10:34:18",9.39,0.1,1600,910900,"B"
"ASM","10:34:08",9.39,0.1,200,909300,"B"
"ASM","10:33:56",9.39,0.1,200,909100,"B"
"ASM","10:32:53",9.38,0.09,500,908900,"B"
"ASM","10:32:49",9.38,0.09,600,908400,"B"
"ASM","10:32:40",9.38,0.09,4000,907800,"B"
"ASM","10:31:48",9.38,0.09,500,903800,"B"
"ASM","10:31:48",9.39,0.1,2500,903300,"B"
"ASM","10:26:46",9.38,0.09,300,900800,"B"
"ASM","10:26:46",9.39,0.1,700,900500,"B"
"ASM","10:25:45",9.37,0.08,9300,899800,"B"
"ASM","10:25:45",9.38,0.09,700,890500,"B"
"ASM","10:25:36",9.41,0.12,100,889800,"S"
"ASM","10:25:28",9.41,0.12,100,889700,"S"
"ASM","10:25:18",9.41,0.12,7700,889600,"S"
"ASM","10:25:18",9.4,0.11,35300,881900,"S"
"ASM","10:24:36",9.37,0.08,700,846600,"B"
"ASM","10:24:36",9.38,0.09,300,845900,"B"
"ASM","10:24:14",9.39,0.1,100,845600,"S"
"ASM","10:23:01",9.38,0.09,2000,845500,"S"
"ASM","10:22:57",9.38,0.09,200,843500,"S"
"ASM","10:22:22",9.38,0.09,500,843300,"S"
"ASM","10:22:11",9.38,0.09,500,842800,"S"
"ASM","10:21:52",9.38,0.09,500,842300,"B"
"ASM","10:20:49",9.39,0.1,200,841500,"S"
"ASM","10:20:44",9.39,0.1,1000,841300,"S"
"ASM","10:19:41",9.38,0.09,300,840300,"S"
"ASM","10:19:39",9.38,0.09,500,840000,"S"
"ASM","10:19:16",9.38,0.09,400,839500,"S"
"ASM","10:19:05",9.38,0.09,300,839100,"B"
"ASM","10:18:10",9.38,0.09,900,838800,"S"
"ASM","10:18:06",9.38,0.09,1000,837900,"S"
"ASM","10:17:31",9.37,0.08,300,836900,"B"
"ASM","10:17:29",9.38,0.09,100,836600,"S"
"ASM","10:17:07",9.37,0.08,100,836500,"B"
"ASM","10:16:55",9.37,0.08,100,836400,"B"
"ASM","10:16:46",9.38,0.09,400,836300,"B"
"ASM","10:15:29",9.39,0.1,200,835900,"S"
"ASM","10:15:04",9.39,0.1,400,835700,"B"
"ASM","10:14:41",9.39,0.1,100,835300,"B"
"ASM","10:13:47",9.39,0.1,500,835200,"B"
"ASM","10:12:43",9.39,0.1,100,834700,"S"
"ASM","10:12:33",9.37,0.08,1200,834600,"B"
"ASM","10:12:33",9.38,0.09,8800,833400,"B"
"ASM","10:12:28",9.39,0.1,400,824600,"B"
"ASM","10:11:28",9.4,0.11,2800,824200,"B"
"ASM","10:11:25",9.4,0.11,5000,821400,"B"
"ASM","10:11:23",9.4,0.11,4000,816400,"B"
"ASM","10:10:56",9.4,0.11,2000,812400,"B"
"ASM","10:10:36",9.4,0.11,10000,810400,"B"
"ASM","10:10:28",9.4,0.11,6800,800400,"B"
"ASM","10:10:18",9.4,0.11,35000,793600,"B"
"ASM","10:10:08",9.4,0.11,100,758600,"B"
"ASM","10:10:01",9.4,0.11,6000,758500,"B"
"ASM","10:09:43",9.4,0.11,100,752500,"B"
"ASM","10:09:36",9.4,0.11,500,752400,"B"
"ASM","10:09:27",9.4,0.11,4000,751900,"B"
"ASM","10:09:01",9.41,0.12,500,747900,"S"
"ASM","10:08:26",9.41,0.12,400,747400,"B"
"ASM","10:08:18",9.41,0.12,200,747000,"B"
"ASM","10:08:14",9.41,0.12,5000,746800,"B"
"ASM","10:08:05",9.41,0.12,300,741800,"B"
"ASM","10:07:34",9.41,0.12,200,741500,"S"
"ASM","10:07:32",9.41,0.12,900,741300,"S"
"ASM","10:07:15",9.41,0.12,8900,740400,"B"
"ASM","10:07:12",9.41,0.12,400,731500,"B"
"ASM","10:07:05",9.42,0.13,2000,731100,"S"
"ASM","10:06:17",9.42,0.13,32800,729100,"B"
"ASM","10:06:09",9.42,0.13,1000,696300,"B"
"ASM","10:05:05",9.42,0.13,3000,695300,"B"
"ASM","10:04:57",9.42,0.13,1000,692300,"B"
"ASM","10:04:23",9.42,0.13,100,691300,"B"
"ASM","10:04:20",9.42,0.13,100,691200,"B"
"ASM","10:03:58",9.42,0.13,54100,691100,"S"
"ASM","10:03:57",9.41,0.12,200,637000,"B"
"ASM","10:03:47",9.41,0.12,200,636800,"B"
"ASM","10:03:31",9.41,0.12,300,636600,"B"
"ASM","10:03:29",9.41,0.12,500,636300,"B"
"ASM","10:02:50",9.41,0.12,1000,635800,"B"
"ASM","10:02:47",9.41,0.12,100,634800,"B"
"ASM","10:02:35",9.41,0.12,2500,634700,"B"
"ASM","10:02:08",9.42,0.13,300,632200,"S"
"ASM","10:01:46",9.42,0.13,4000,631900,"S"
"ASM","10:01:45",9.42,0.13,100,627900,"S"
"ASM","10:01:13",9.42,0.13,2000,627800,"S"
"ASM","10:01:03",9.42,0.13,2000,625800,"S"
"ASM","10:00:44",9.42,0.13,8300,623800,"B"
"ASM","10:00:43",9.42,0.13,1700,615500,"S"
"ASM","10:00:37",9.42,0.13,5000,613800,"S"
"ASM","10:00:07",9.42,0.13,400,608800,"S"
"ASM","10:00:05",9.41,0.12,2000,608400,"B"
"ASM","09:59:48",9.42,0.13,300,606400,"S"
"ASM","09:59:48",9.41,0.12,2100,606100,"S"
"ASM","09:59:30",9.41,0.12,2200,604000,"B"
"ASM","09:59:25",9.41,0.12,2800,601800,"S"
"ASM","09:59:15",9.41,0.12,2200,599000,"B"
"ASM","09:58:23",9.41,0.12,900,596800,"S"
"ASM","09:57:54",9.41,0.12,100,595900,"B"
"ASM","09:57:41",9.41,0.12,700,595800,"B"
"ASM","09:57:25",9.41,0.12,300,595100,"B"
"ASM","09:57:01",9.41,0.12,100,594800,"S"
"ASM","09:56:59",9.4,0.11,500,594700,"B"
"ASM","09:56:24",9.4,0.11,5500,594200,"B"
"ASM","09:56:22",9.4,0.11,1700,588700,"B"
"ASM","09:56:21",9.4,0.11,100,587000,"B"
"ASM","09:56:19",9.4,0.11,100,586900,"B"
"ASM","09:56:09",9.4,0.11,1500,586800,"B"
"ASM","09:55:18",9.4,0.11,30600,585300,"B"
"ASM","09:55:18",9.41,0.12,14400,554700,"B"
"ASM","09:55:01",9.42,0.13,7300,537600,"S"
"ASM","09:54:41",9.42,0.13,10000,530300,"S"
"ASM","09:54:00",9.42,0.13,3000,520300,"S"
"ASM","09:53:21",9.41,0.12,100,517300,"B"
"ASM","09:52:38",9.41,0.12,5000,517200,"B"
"ASM","09:51:49",9.42,0.13,5000,512200,"S"
"ASM","09:51:11",9.42,0.13,300,507200,"B"
"ASM","09:50:54",9.42,0.13,1000,506900,"B"
"ASM","09:50:41",9.42,0.13,3700,505900,"S"
"ASM","09:50:33",9.42,0.13,10000,502200,"S"
"ASM","09:50:29",9.42,0.13,5400,492200,"S"
"ASM","09:50:24",9.41,0.12,1000,486800,"B"
"ASM","09:50:23",9.42,0.13,700,485800,"S"
"ASM","09:50:21",9.42,0.13,200,485100,"S"
"ASM","09:50:13",9.42,0.13,100,484900,"S"
"ASM","09:49:30",9.41,0.12,200,484800,"B"
"ASM","09:49:29",9.42,0.13,1500,484600,"S"
"ASM","09:49:23",9.42,0.13,10000,483100,"S"
"ASM","09:49:14",9.42,0.13,3000,473100,"S"
"ASM","09:48:45",9.42,0.13,400,470100,"S"
"ASM","09:48:33",9.42,0.13,3900,469700,"B"
"ASM","09:48:28",9.42,0.13,5000,465800,"B"
"ASM","09:48:01",9.42,0.13,6100,460800,"S"
"ASM","09:47:43",9.42,0.13,5000,454700,"S"
"ASM","09:47:34",9.42,0.13,1600,449700,"B"
"ASM","09:47:27",9.42,0.13,100,448100,"B"
"ASM","09:47:21",9.42,0.13,200,448000,"B"
"ASM","09:47:01",9.42,0.13,1100,447800,"B"
"ASM","09:46:29",9.42,0.13,2400,446700,"S"
"ASM","09:46:20",9.42,0.13,1000,444300,"S"
"ASM","09:46:15",9.42,0.13,200,443300,"S"
"ASM","09:46:08",9.42,0.13,1700,443100,"B"
"ASM","09:45:59",9.42,0.13,4700,441400,"S"
"ASM","09:45:48",9.42,0.13,300,436700,"B"
"ASM","09:45:44",9.42,0.13,1000,436400,"B"
"ASM","09:45:34",9.42,0.13,5000,435400,"B"
"ASM","09:45:31",9.42,0.13,100,430400,"B"
"ASM","09:45:24",9.42,0.13,3600,430300,"S"
"ASM","09:45:12",9.41,0.12,1000,426700,"B"
"ASM","09:44:26",9.42,0.13,6500,425700,"B"
"ASM","09:44:24",9.42,0.13,100,419200,"B"
"ASM","09:44:10",9.42,0.13,3000,419100,"B"
"ASM","09:43:48",9.42,0.13,2000,416100,"B"
"ASM","09:43:45",9.42,0.13,21500,414100,"S"
"ASM","09:43:39",9.42,0.13,5000,392600,"S"
"ASM","09:43:36",9.41,0.12,2000,387600,"B"
"ASM","09:43:28",9.42,0.13,10000,385600,"S"
"ASM","09:43:25",9.42,0.13,500,375600,"S"
"ASM","09:43:19",9.41,0.12,500,375100,"B"
"ASM","09:43:12",9.41,0.12,100,374600,"B"
"ASM","09:42:56",9.41,0.12,100,374500,"B"
"ASM","09:42:48",9.42,0.13,500,374400,"S"
"ASM","09:42:35",9.42,0.13,200,373900,"S"
"ASM","09:42:24",9.42,0.13,500,373700,"S"
"ASM","09:42:22",9.41,0.12,9900,373200,"B"
"ASM","09:42:22",9.42,0.13,200,363300,"S"
"ASM","09:42:21",9.42,0.13,100,363100,"S"
"ASM","09:42:07",9.42,0.13,5000,363000,"S"
"ASM","09:42:02",9.42,0.13,1500,358000,"S"
"ASM","09:42:02",9.41,0.12,3500,356500,"S"
"ASM","09:41:45",9.41,0.12,1500,353000,"B"
"ASM","09:41:32",9.42,0.13,500,351500,"S"
"ASM","09:41:19",9.42,0.13,100,351000,"S"
"ASM","09:41:08",9.42,0.13,300,350900,"S"
"ASM","09:40:52",9.42,0.13,200,350600,"S"
"ASM","09:40:44",9.42,0.13,500,350400,"S"
"ASM","09:40:20",9.42,0.13,500,349900,"S"
"ASM","09:40:19",9.4,0.11,700,349400,"B"
"ASM","09:40:15",9.42,0.13,2700,348700,"S"
"ASM","09:40:10",9.4,0.11,3900,345700,"S"
"ASM","09:40:02",9.4,0.11,1700,341800,"S"
"ASM","09:39:58",9.4,0.11,4400,340100,"B"
"ASM","09:39:32",9.4,0.11,700,335700,"B"
"ASM","09:39:13",9.4,0.11,1300,335000,"S"
"ASM","09:38:27",9.4,0.11,100,333700,"S"
"ASM","09:38:11",9.4,0.11,200,333600,"S"
"ASM","09:38:03",9.4,0.11,100,333400,"S"
"ASM","09:38:01",9.4,0.11,200,333300,"S"
"ASM","09:37:40",9.38,0.09,1500,333100,"B"
"ASM","09:37:09",9.4,0.11,1000,331600,"B"
"ASM","09:36:36",9.4,0.11,1000,330600,"S"
"ASM","09:36:03",9.4,0.11,300,329600,"B"
"ASM","09:35:47",9.41,0.12,1000,329300,"S"
"ASM","09:35:46",9.4,0.11,100,328300,"B"
"ASM","09:35:35",9.4,0.11,1000,328200,"B"
"ASM","09:35:16",9.4,0.11,1600,327200,"S"
"ASM","09:35:05",9.4,0.11,600,325600,"S"
"ASM","09:34:42",9.4,0.11,13200,325000,"B"
"ASM","09:34:42",9.41,0.12,500,311800,"B"
"ASM","09:34:42",9.43,0.14,9900,311300,"S"
"ASM","09:34:42",9.42,0.13,100,301400,"S"
"ASM","09:34:42",9.41,0.12,500,301300,"B"
"ASM","09:34:13",9.4,0.11,100,300800,"B"
"ASM","09:34:04",9.4,0.11,62500,300700,"S"
"ASM","09:33:47",9.4,0.11,7000,238200,"S"
"ASM","09:33:47",9.37,0.08,1100,189300,"S"
"ASM","09:33:35",9.37,0.08,1900,188200,"B"
"ASM","09:33:25",9.37,0.08,3600,186300,"S"
"ASM","09:33:22",9.37,0.08,500,182700,"S"
"ASM","09:33:20",9.37,0.08,5000,182200,"S"
"ASM","09:33:07",9.36,0.07,2100,177200,"S"
"ASM","09:32:47",9.35,0.06,4400,175100,"S"
"ASM","09:32:47",9.35,0.06,2600,170700,"S"
"ASM","09:32:35",9.34,0.05,700,168100,"B"
"ASM","09:32:26",9.34,0.05,9800,167400,"S"
"ASM","09:32:10",9.33,0.04,3000,157600,"B"
"ASM","09:31:39",9.33,0.04,300,154600,"S"
"ASM","09:31:36",9.33,0.04,15000,154300,"S"
"ASM","09:31:24",9.33,0.04,3000,139300,"S"
"ASM","09:31:13",9.33,0.04,3000,136300,"S"
"ASM","09:31:11",9.31,0.02,5000,133300,"B"
"ASM","09:31:00",9.33,0.04,200,128300,"S"
"ASM","09:30:44",9.33,0.04,7000,128100,"B"
"ASM","09:30:37",9.33,0.04,3000,121100,"B"
"ASM","09:30:23",9.32,0.03,5000,118100,"B"
"ASM","09:30:07",9.32,0.03,2000,113100,"S"
"ASM","09:30:03",9.32,0.03,1000,111100,"B"
"ASM","09:29:57",9.32,0.03,100,110100,"B"
"ASM","09:29:52",9.32,0.03,3900,110000,"S"
"ASM","09:29:32",9.3,0.01,1000,106100,"B"
"ASM","09:28:48",9.3,0.01,5000,105100,"B"
"ASM","09:28:25",9.3,0.01,1000,100100,"B"
"ASM","09:28:15",9.3,0.01,1500,99100,"B"
"ASM","09:27:54",9.32,0.03,300,97600,"B"
"ASM","09:27:33",9.32,0.03,200,97300,"B"
"ASM","09:27:32",9.34,0.05,5400,97100,"B"
"ASM","09:27:07",9.34,0.05,5000,91700,"B"
"ASM","09:26:03",9.35,0.06,17900,86700,"B"
"ASM","09:24:42",9.35,0.06,3500,68800,"B"
"ASM","09:24:42",9.36,0.07,8000,65300,"B"
"ASM","09:24:03",9.36,0.07,1000,57300,"B"
"ASM","09:23:37",9.36,0.07,100,56300,"B"
"ASM","09:23:03",9.36,0.07,1600,56200,"B"
"ASM","09:22:00",9.37,0.08,100,54600,"S"
"ASM","09:21:37",9.37,0.08,6100,54500,"B"
"ASM","09:20:34",9.38,0.09,500,48400,"S"
"ASM","09:20:13",9.37,0.08,1900,47900,"S"
"ASM","09:20:01",9.37,0.08,3000,46000,"S"
"ASM","09:19:18",9.36,0.07,500,43000,"B"
"ASM","09:19:14",9.36,0.07,500,42500,"S"
"ASM","09:19:12",9.35,0.06,3000,42000,"B"
"ASM","09:18:50",9.35,0.06,200,39000,"B"
"ASM","09:18:14",9.35,0.06,400,38800,"S"
"ASM","09:17:45",9.34,0.05,100,38400,"B"
"ASM","09:17:42",9.37,0.08,3400,38300,"S"
"ASM","09:17:42",9.35,0.06,2500,23800,"S"
"ASM","09:17:10",9.34,0.05,5000,21300,"B"
"ASM","09:16:52",9.35,0.06,5000,16300,"S"
"ASM","09:15:57",9.34,0.05,900,11300,"B"
"ASM","09:15:45",9.34,0.05,3700,10400,"S"
"ASM","09:15:01",9.34,0.05,6700,6700,
