"symbol","time","price","change","vol","total","side"
"HHV","14:45:02",14.6,-1,1759200,10888900,
"HHV","14:30:00",15.4,-0.2,100,9129700,"S"
"HHV","14:29:59",15.4,-0.2,200,9129600,"S"
"HHV","14:29:56",15.4,-0.2,100,9129400,"S"
"HHV","14:29:55",15.4,-0.2,200,9129300,"S"
"HHV","14:29:53",15.4,-0.2,100,9129100,"S"
"HHV","14:29:53",15.35,-0.25,1000,9129000,"B"
"HHV","14:29:50",15.4,-0.2,500,9128000,"S"
"HHV","14:29:49",15.35,-0.25,2000,9127500,"B"
"HHV","14:29:48",15.35,-0.25,20000,9125500,"B"
"HHV","14:29:48",15.4,-0.2,1000,9105500,"S"
"HHV","14:29:46",15.35,-0.25,5000,9104500,"B"
"HHV","14:29:45",15.4,-0.2,10000,9099500,"S"
"HHV","14:29:39",15.4,-0.2,5100,9089500,"S"
"HHV","14:29:38",15.4,-0.2,7000,9084400,"S"
"HHV","14:29:36",15.4,-0.2,400,9077400,"S"
"HHV","14:29:35",15.4,-0.2,500,9077000,"S"
"HHV","14:29:34",15.4,-0.2,100,9076500,"S"
"HHV","14:29:34",15.4,-0.2,100,9076400,"S"
"HHV","14:29:31",15.4,-0.2,64900,9076300,"B"
"HHV","14:29:30",15.4,-0.2,100,9011400,"B"
"HHV","14:29:29",15.4,-0.2,1000,9011300,"B"
"HHV","14:29:28",15.4,-0.2,20000,9010300,"B"
"HHV","14:29:26",15.4,-0.2,30000,8990300,"B"
"HHV","14:29:20",15.4,-0.2,2100,8960300,"B"
"HHV","14:29:18",15.4,-0.2,2000,8958200,"B"
"HHV","14:29:17",15.4,-0.2,1000,8956200,"B"
"HHV","14:29:14",15.4,-0.2,4000,8955200,"B"
"HHV","14:29:14",15.4,-0.2,25000,8951200,"B"
"HHV","14:29:13",15.4,-0.2,9100,8926200,"B"
"HHV","14:29:13",15.4,-0.2,3000,8917100,"B"
"HHV","14:29:12",15.4,-0.2,1000,8914100,"B"
"HHV","14:29:11",15.4,-0.2,5000,8913100,"B"
"HHV","14:29:11",15.4,-0.2,1500,8908100,"B"
"HHV","14:29:11",15.45,-0.15,300,8906600,"S"
"HHV","14:29:05",15.4,-0.2,1000,8906300,"B"
"HHV","14:29:04",15.4,-0.2,5700,8905300,"B"
"HHV","14:29:03",15.4,-0.2,11000,8899600,"B"
"HHV","14:29:01",15.45,-0.15,700,8888600,"S"
"HHV","14:28:59",15.4,-0.2,5000,8887900,"B"
"HHV","14:28:56",15.4,-0.2,7300,8882900,"B"
"HHV","14:28:53",15.45,-0.15,200,8874600,"S"
"HHV","14:28:53",15.4,-0.2,500,8874400,"B"
"HHV","14:28:52",15.45,-0.15,10000,8873900,"S"
"HHV","14:28:52",15.4,-0.2,5000,8863900,"B"
"HHV","14:28:47",15.4,-0.2,5000,8858900,"B"
"HHV","14:28:45",15.45,-0.15,500,8853900,"S"
"HHV","14:28:45",15.45,-0.15,2000,8853400,"S"
"HHV","14:28:44",15.4,-0.2,13600,8851400,"B"
"HHV","14:28:42",15.4,-0.2,400,8837800,"B"
"HHV","14:28:35",15.4,-0.2,800,8837400,"B"
"HHV","14:28:32",15.4,-0.2,1500,8836600,"B"
"HHV","14:28:31",15.45,-0.15,200,8835100,"S"
"HHV","14:28:30",15.45,-0.15,400,8834900,"S"
"HHV","14:28:27",15.45,-0.15,100,8834500,"S"
"HHV","14:28:26",15.4,-0.2,200,8824500,"B"
"HHV","14:28:25",15.4,-0.2,500,8824300,"B"
"HHV","14:28:23",15.4,-0.2,2000,8823800,"B"
"HHV","14:28:20",15.45,-0.15,2000,8821800,"S"
"HHV","14:28:19",15.4,-0.2,1000,8819800,"B"
"HHV","14:28:14",15.4,-0.2,8000,8818800,"B"
"HHV","14:28:10",15.4,-0.2,3100,8810800,"B"
"HHV","14:28:01",15.45,-0.15,2000,8807700,"S"
"HHV","14:27:55",15.45,-0.15,200,8805700,"S"
"HHV","14:27:48",15.4,-0.2,5000,8805500,"B"
"HHV","14:27:44",15.4,-0.2,3000,8800500,"B"
"HHV","14:27:42",15.45,-0.15,100,8797500,"S"
"HHV","14:27:38",15.4,-0.2,500,8797400,"B"
"HHV","14:27:37",15.4,-0.2,10000,8796900,"B"
"HHV","14:27:35",15.45,-0.15,1800,8786900,"S"
"HHV","14:27:35",15.4,-0.2,500,8785100,"B"
"HHV","14:27:33",15.4,-0.2,4000,8784600,"B"
"HHV","14:27:32",15.45,-0.15,400,8780600,"S"
"HHV","14:27:31",15.45,-0.15,1000,8780200,"S"
"HHV","14:27:30",15.45,-0.15,900,8779200,"S"
"HHV","14:27:26",15.45,-0.15,1900,8778300,"B"
"HHV","14:27:25",15.45,-0.15,10000,8776400,"B"
"HHV","14:27:24",15.45,-0.15,2000,8766400,"B"
"HHV","14:27:23",15.45,-0.15,26000,8764400,"B"
"HHV","14:27:22",15.45,-0.15,1000,8738400,"B"
"HHV","14:27:21",15.45,-0.15,500,8737400,"B"
"HHV","14:27:21",15.45,-0.15,1000,8736900,"B"
"HHV","14:27:19",15.45,-0.15,13700,8735900,"B"
"HHV","14:27:18",15.45,-0.15,2000,8722200,"B"
"HHV","14:27:15",15.45,-0.15,600,8720200,"B"
"HHV","14:27:14",15.45,-0.15,4100,8719600,"B"
"HHV","14:27:13",15.45,-0.15,7600,8715500,"B"
"HHV","14:27:12",15.45,-0.15,200,8707900,"B"
"HHV","14:27:12",15.5,-0.1,200,8707700,"S"
"HHV","14:27:11",15.45,-0.15,200,8707500,"B"
"HHV","14:27:09",15.45,-0.15,38800,8707300,"B"
"HHV","14:26:58",15.45,-0.15,2000,8668500,"B"
"HHV","14:26:56",15.5,-0.1,100,8666500,"S"
"HHV","14:26:56",15.45,-0.15,1000,8666400,"B"
"HHV","14:26:54",15.45,-0.15,10000,8665400,"B"
"HHV","14:26:45",15.5,-0.1,2000,8655400,"S"
"HHV","14:26:43",15.5,-0.1,100,8653400,"S"
"HHV","14:26:38",15.5,-0.1,415900,8653300,"B"
"HHV","14:26:34",15.5,-0.1,300,8237400,"B"
"HHV","14:26:32",15.5,-0.1,400,8237100,"B"
"HHV","14:26:31",15.5,-0.1,500,8236700,"B"
"HHV","14:26:27",15.5,-0.1,500,8236200,"B"
"HHV","14:26:25",15.5,-0.1,300,8235700,"B"
"HHV","14:26:24",15.5,-0.1,400,8235400,"B"
"HHV","14:26:19",15.5,-0.1,300,8235000,"B"
"HHV","14:26:17",15.5,-0.1,4400,8234700,"B"
"HHV","14:26:12",15.5,-0.1,400,8230300,"B"
"HHV","14:26:12",15.5,-0.1,2000,8229900,"B"
"HHV","14:26:08",15.5,-0.1,2300,8227900,"B"
"HHV","14:26:07",15.55,-0.05,20000,8225600,"S"
"HHV","14:26:06",15.5,-0.1,20200,8205600,"B"
"HHV","14:26:05",15.5,-0.1,300,8185400,"B"
"HHV","14:26:05",15.5,-0.1,800,8185100,"B"
"HHV","14:25:58",15.5,-0.1,300,8184300,"B"
"HHV","14:25:55",15.5,-0.1,100000,8184000,"B"
"HHV","14:25:51",15.5,-0.1,400,8084000,"B"
"HHV","14:25:50",15.5,-0.1,2400,8083600,"B"
"HHV","14:25:49",15.55,-0.05,500,8081200,"S"
"HHV","14:25:46",15.5,-0.1,200,8080700,"B"
"HHV","14:25:44",15.5,-0.1,300,8080500,"B"
"HHV","14:25:43",15.5,-0.1,1500,8080200,"B"
"HHV","14:25:39",15.5,-0.1,500,8078700,"B"
"HHV","14:25:37",15.5,-0.1,300,8078200,"B"
"HHV","14:25:32",15.5,-0.1,6500,8077900,"B"
"HHV","14:25:31",15.5,-0.1,400,8071400,"B"
"HHV","14:25:28",15.5,-0.1,500,8071000,"B"
"HHV","14:25:25",15.5,-0.1,3000,8070500,"B"
"HHV","14:25:24",15.5,-0.1,5000,8067500,"B"
"HHV","14:25:24",15.5,-0.1,300,8062500,"B"
"HHV","14:25:23",15.55,-0.05,1000,8062200,"S"
"HHV","14:25:22",15.5,-0.1,300,8061200,"B"
"HHV","14:25:20",15.55,-0.05,200,8060900,"S"
"HHV","14:25:17",15.5,-0.1,300,8060700,"B"
"HHV","14:25:12",15.5,-0.1,10000,8060400,"B"
"HHV","14:25:11",15.55,-0.05,2000,8050400,"S"
"HHV","14:25:10",15.5,-0.1,900,8048400,"B"
"HHV","14:25:10",15.5,-0.1,1000,8047500,"B"
"HHV","14:25:04",15.5,-0.1,4400,8046500,"B"
"HHV","14:24:57",15.5,-0.1,500,8042100,"B"
"HHV","14:24:57",15.5,-0.1,100,8041600,"B"
"HHV","14:24:51",15.5,-0.1,500,8041500,"B"
"HHV","14:24:47",15.5,-0.1,10000,8041000,"B"
"HHV","14:24:40",15.5,-0.1,1000,8031000,"B"
"HHV","14:24:39",15.5,-0.1,100,8030000,"B"
"HHV","14:24:27",15.5,-0.1,1000,8029900,"B"
"HHV","14:24:26",15.5,-0.1,1200,8028900,"B"
"HHV","14:24:26",15.55,-0.05,1800,8027700,"B"
"HHV","14:24:20",15.55,-0.05,2000,8025900,"B"
"HHV","14:24:17",15.55,-0.05,1000,8023900,"B"
"HHV","14:24:16",15.55,-0.05,3000,8022900,"B"
"HHV","14:24:09",15.55,-0.05,20000,8019900,"B"
"HHV","14:23:42",15.6,0,1200,7999900,"S"
"HHV","14:23:16",15.6,0,3000,7998700,"S"
"HHV","14:23:15",15.55,-0.05,10000,7995700,"B"
"HHV","14:23:12",15.55,-0.05,500,7985700,"B"
"HHV","14:22:54",15.55,-0.05,100,7985200,"B"
"HHV","14:22:52",15.55,-0.05,100,7985100,"B"
"HHV","14:22:49",15.55,-0.05,10000,7985000,"B"
"HHV","14:22:34",15.55,-0.05,20000,7975000,"B"
"HHV","14:22:25",15.55,-0.05,10000,7955000,"B"
"HHV","14:22:23",15.55,-0.05,14000,7945000,"B"
"HHV","14:22:08",15.6,0,1000,7931000,"S"
"HHV","14:21:56",15.6,0,100,7930000,"S"
"HHV","14:21:40",15.6,0,4000,7929900,"B"
"HHV","14:21:40",15.6,0,1400,7925900,"B"
"HHV","14:21:39",15.6,0,9000,7924500,"B"
"HHV","14:21:34",15.6,0,3000,7915500,"B"
"HHV","14:21:31",15.6,0,100,7912500,"B"
"HHV","14:21:27",15.6,0,1000,7912400,"B"
"HHV","14:21:26",15.6,0,600,7911400,"B"
"HHV","14:21:24",15.6,0,200,7910800,"B"
"HHV","14:21:24",15.6,0,200,7910600,"B"
"HHV","14:21:23",15.6,0,1000,7910400,"B"
"HHV","14:21:20",15.6,0,7000,7909400,"B"
"HHV","14:21:19",15.65,0.05,100,7902400,"S"
"HHV","14:21:18",15.6,0,1600,7902300,"B"
"HHV","14:21:16",15.6,0,40800,7900700,"S"
"HHV","14:21:14",15.55,-0.05,2000,7859900,"B"
"HHV","14:21:10",15.6,0,5000,7857900,"S"
"HHV","14:21:00",15.55,-0.05,1000,7852900,"B"
"HHV","14:20:58",15.6,0,50000,7851900,"S"
"HHV","14:20:52",15.6,0,100,7801900,"S"
"HHV","14:20:39",15.6,0,100,7801800,"S"
"HHV","14:20:32",15.6,0,50000,7801700,"S"
"HHV","14:20:28",15.55,-0.05,5000,7751700,"B"
"HHV","14:20:27",15.55,-0.05,2000,7746700,"B"
"HHV","14:20:25",15.6,0,400,7744700,"S"
"HHV","14:20:08",15.6,0,1300,7744300,"S"
"HHV","14:20:05",15.55,-0.05,2000,7743000,"B"
"HHV","14:19:43",15.55,-0.05,1000,7741000,"B"
"HHV","14:19:38",15.55,-0.05,700,7740000,"B"
"HHV","14:19:36",15.6,0,5000,7739300,"S"
"HHV","14:19:34",15.55,-0.05,2900,7734300,"B"
"HHV","14:19:33",15.55,-0.05,300,7731400,"B"
"HHV","14:19:25",15.55,-0.05,12000,7731100,"B"
"HHV","14:19:24",15.55,-0.05,800,7719100,"B"
"HHV","14:19:22",15.55,-0.05,100,7718300,"B"
"HHV","14:19:13",15.55,-0.05,100,7718200,"B"
"HHV","14:19:01",15.55,-0.05,2000,7718100,"B"
"HHV","14:18:58",15.55,-0.05,900,7716100,"B"
"HHV","14:18:55",15.55,-0.05,2000,7715200,"B"
"HHV","14:18:39",15.55,-0.05,700,7713200,"B"
"HHV","14:18:27",15.55,-0.05,2900,7712500,"B"
"HHV","14:18:22",15.55,-0.05,1000,7709600,"B"
"HHV","14:18:20",15.55,-0.05,500,7708600,"B"
"HHV","14:18:18",15.55,-0.05,20000,7708100,"B"
"HHV","14:18:04",15.55,-0.05,800,7688100,"B"
"HHV","14:18:02",15.55,-0.05,5000,7687300,"B"
"HHV","14:17:54",15.55,-0.05,2000,7682300,"B"
"HHV","14:17:41",15.55,-0.05,7200,7680300,"S"
"HHV","14:17:39",15.55,-0.05,300,7673100,"S"
"HHV","14:17:38",15.55,-0.05,600,7672800,"S"
"HHV","14:17:34",15.55,-0.05,500,7672200,"S"
"HHV","14:17:33",15.55,-0.05,1500,7671700,"S"
"HHV","14:17:32",15.55,-0.05,700,7670200,"S"
"HHV","14:17:31",15.55,-0.05,10100,7669500,"S"
"HHV","14:17:30",15.55,-0.05,6800,7659400,"S"
"HHV","14:17:30",15.55,-0.05,1000,7652600,"S"
"HHV","14:17:29",15.55,-0.05,5000,7651600,"S"
"HHV","14:17:28",15.55,-0.05,300,7646600,"S"
"HHV","14:17:23",15.55,-0.05,300,7646300,"S"
"HHV","14:17:22",15.55,-0.05,500,7646000,"S"
"HHV","14:17:20",15.55,-0.05,1000,7645500,"S"
"HHV","14:17:16",15.55,-0.05,200,7644500,"S"
"HHV","14:17:14",15.55,-0.05,1000,7644300,"S"
"HHV","14:17:13",15.55,-0.05,2600,7643300,"S"
"HHV","14:17:12",15.55,-0.05,600,7640700,"S"
"HHV","14:17:11",15.55,-0.05,200,7640100,"S"
"HHV","14:17:09",15.55,-0.05,1000,7639900,"S"
"HHV","14:17:08",15.55,-0.05,1900,7638900,"S"
"HHV","14:17:08",15.55,-0.05,500,7637000,"S"
"HHV","14:17:05",15.55,-0.05,2000,7636500,"S"
"HHV","14:16:57",15.55,-0.05,700,7634500,"S"
"HHV","14:16:49",15.55,-0.05,1000,7633800,"S"
"HHV","14:16:48",15.55,-0.05,10000,7632800,"S"
"HHV","14:16:45",15.55,-0.05,1000,7622800,"S"
"HHV","14:16:34",15.55,-0.05,200,7621800,"S"
"HHV","14:16:31",15.55,-0.05,100,7621600,"S"
"HHV","14:16:27",15.5,-0.1,200,7621500,"B"
"HHV","14:16:22",15.55,-0.05,1000,7621300,"S"
"HHV","14:16:20",15.55,-0.05,300,7620300,"S"
"HHV","14:16:18",15.5,-0.1,1000,7620000,"B"
"HHV","14:16:17",15.55,-0.05,100,7619000,"S"
"HHV","14:16:12",15.55,-0.05,1000,7618900,"S"
"HHV","14:16:09",15.55,-0.05,100,7617900,"S"
"HHV","14:16:06",15.55,-0.05,100,7617800,"S"
"HHV","14:16:04",15.55,-0.05,800,7617700,"S"
"HHV","14:16:01",15.5,-0.1,3000,7616900,"B"
"HHV","14:16:01",15.55,-0.05,300,7613900,"S"
"HHV","14:15:59",15.55,-0.05,1000,7613600,"S"
"HHV","14:15:55",15.55,-0.05,1000,7612600,"S"
"HHV","14:15:54",15.55,-0.05,4000,7611600,"S"
"HHV","14:15:53",15.55,-0.05,1000,7607600,"S"
"HHV","14:15:49",15.55,-0.05,300,7606600,"S"
"HHV","14:15:44",15.55,-0.05,4000,7606300,"S"
"HHV","14:15:39",15.55,-0.05,100,7602300,"S"
"HHV","14:15:30",15.5,-0.1,5000,7602200,"B"
"HHV","14:15:23",15.5,-0.1,10000,7597200,"B"
"HHV","14:15:20",15.55,-0.05,100,7587200,"S"
"HHV","14:15:18",15.5,-0.1,5000,7587100,"B"
"HHV","14:15:13",15.5,-0.1,1500,7582100,"B"
"HHV","14:15:02",15.5,-0.1,100,7580600,"B"
"HHV","14:14:56",15.55,-0.05,1000,7580500,"S"
"HHV","14:14:53",15.55,-0.05,500,7579500,"S"
"HHV","14:14:51",15.5,-0.1,900,7579000,"B"
"HHV","14:14:43",15.55,-0.05,100,7578100,"S"
"HHV","14:14:35",15.55,-0.05,2000,7578000,"S"
"HHV","14:14:32",15.55,-0.05,5000,7576000,"S"
"HHV","14:14:28",15.55,-0.05,5500,7571000,"S"
"HHV","14:14:27",15.55,-0.05,100,7565500,"S"
"HHV","14:14:24",15.55,-0.05,300,7565400,"S"
"HHV","14:14:23",15.55,-0.05,50000,7565100,"S"
"HHV","14:14:22",15.55,-0.05,1200,7515100,"S"
"HHV","14:14:19",15.55,-0.05,1000,7513900,"S"
"HHV","14:14:12",15.5,-0.1,300,7512900,"B"
"HHV","14:14:04",15.55,-0.05,100,7512600,"S"
"HHV","14:13:30",15.55,-0.05,400,7512500,"S"
"HHV","14:13:28",15.5,-0.1,500,7512100,"B"
"HHV","14:13:20",15.5,-0.1,10000,7511600,"B"
"HHV","14:13:15",15.5,-0.1,10000,7501600,"B"
"HHV","14:13:14",15.5,-0.1,6000,7491600,"B"
"HHV","14:13:04",15.55,-0.05,32100,7485600,"B"
"HHV","14:13:01",15.55,-0.05,600,7453500,"B"
"HHV","14:12:59",15.55,-0.05,3500,7452900,"B"
"HHV","14:12:58",15.55,-0.05,100,7449400,"B"
"HHV","14:12:56",15.55,-0.05,100000,7449300,"B"
"HHV","14:12:52",15.55,-0.05,4000,7349300,"B"
"HHV","14:12:50",15.55,-0.05,6500,7345300,"B"
"HHV","14:12:48",15.55,-0.05,1000,7338800,"B"
"HHV","14:12:47",15.55,-0.05,6000,7337800,"B"
"HHV","14:12:46",15.55,-0.05,1000,7331800,"B"
"HHV","14:12:46",15.55,-0.05,2000,7330800,"B"
"HHV","14:12:45",15.55,-0.05,5000,7328800,"B"
"HHV","14:12:41",15.55,-0.05,2000,7323800,"B"
"HHV","14:12:39",15.55,-0.05,1000,7321800,"B"
"HHV","14:12:37",15.55,-0.05,500,7320800,"B"
"HHV","14:12:35",15.55,-0.05,3800,7320300,"B"
"HHV","14:12:29",15.55,-0.05,9000,7316500,"B"
"HHV","14:12:23",15.55,-0.05,8000,7307500,"B"
"HHV","14:12:21",15.55,-0.05,8500,7299500,"B"
"HHV","14:12:20",15.55,-0.05,25000,7291000,"B"
"HHV","14:12:15",15.55,-0.05,2000,7266000,"B"
"HHV","14:11:55",15.55,-0.05,16900,7264000,"B"
"HHV","14:11:45",15.55,-0.05,100,7247100,"B"
"HHV","14:11:43",15.55,-0.05,58800,7247000,"B"
"HHV","14:11:27",15.6,0,3000,7188200,"S"
"HHV","14:11:14",15.6,0,2000,7185200,"S"
"HHV","14:10:55",15.6,0,3000,7183200,"S"
"HHV","14:10:16",15.6,0,100,7180200,"S"
"HHV","14:10:12",15.6,0,1000,7180100,"S"
"HHV","14:09:57",15.6,0,4000,7179100,"S"
"HHV","14:09:43",15.6,0,1000,7175100,"S"
"HHV","14:09:16",15.6,0,1700,7174100,"S"
"HHV","14:09:15",15.6,0,2300,7172400,"S"
"HHV","14:09:09",15.6,0,3000,7170100,"S"
"HHV","14:09:03",15.55,-0.05,10000,7167100,"B"
"HHV","14:08:56",15.6,0,100,7157100,"S"
"HHV","14:08:54",15.55,-0.05,5000,7157000,"B"
"HHV","14:08:53",15.6,0,300,7152000,"S"
"HHV","14:08:38",15.6,0,100,7151700,"S"
"HHV","14:08:36",15.55,-0.05,400,7151600,"B"
"HHV","14:08:33",15.6,0,8000,7151200,"S"
"HHV","14:08:31",15.6,0,1000,7143200,"S"
"HHV","14:08:23",15.6,0,200,7142200,"S"
"HHV","14:08:23",15.6,0,200,7142000,"S"
"HHV","14:08:11",15.6,0,500,7141800,"S"
"HHV","14:08:04",15.6,0,100,7141300,"S"
"HHV","14:07:59",15.6,0,1200,7141200,"S"
"HHV","14:07:49",15.6,0,1200,7140000,"S"
"HHV","14:07:45",15.6,0,2900,7138800,"S"
"HHV","14:07:43",15.6,0,1000,7135900,"S"
"HHV","14:07:41",15.6,0,600,7134900,"S"
"HHV","14:07:23",15.6,0,1000,7134300,"S"
"HHV","14:07:16",15.55,-0.05,500,7133300,"B"
"HHV","14:06:59",15.6,0,100,7132800,"S"
"HHV","14:06:54",15.6,0,1400,7132700,"S"
"HHV","14:06:52",15.55,-0.05,2500,7131300,"B"
"HHV","14:06:47",15.55,-0.05,2500,7128800,"B"
"HHV","14:06:46",15.55,-0.05,35000,7126300,"B"
"HHV","14:06:38",15.6,0,500,7091300,"S"
"HHV","14:06:28",15.55,-0.05,2500,7090800,"B"
"HHV","14:06:22",15.6,0,7000,7088300,"S"
"HHV","14:06:07",15.55,-0.05,2000,7081300,"B"
"HHV","14:06:04",15.6,0,200,7079300,"S"
"HHV","14:06:03",15.6,0,500,7079100,"S"
"HHV","14:05:48",15.6,0,400,7078600,"S"
"HHV","14:05:38",15.6,0,500,7078200,"S"
"HHV","14:05:31",15.6,0,200,7077700,"S"
"HHV","14:05:28",15.6,0,500,7077500,"S"
"HHV","14:05:24",15.6,0,100,7077000,"S"
"HHV","14:05:16",15.6,0,5000,7076900,"S"
"HHV","14:05:15",15.55,-0.05,1500,7071900,"B"
"HHV","14:05:12",15.6,0,200,7070400,"S"
"HHV","14:05:06",15.6,0,200,7070200,"S"
"HHV","14:05:02",15.6,0,100,7070000,"S"
"HHV","14:04:56",15.6,0,1000,7069900,"S"
"HHV","14:04:52",15.6,0,100,7068900,"S"
"HHV","14:04:49",15.6,0,800,7068800,"S"
"HHV","14:04:45",15.6,0,300,7068000,"S"
"HHV","14:04:34",15.6,0,1400,7067700,"S"
"HHV","14:04:26",15.6,0,1700,7066300,"S"
"HHV","14:04:25",15.6,0,1100,7064600,"S"
"HHV","14:04:22",15.6,0,300,7063500,"S"
"HHV","14:04:15",15.6,0,1800,7063200,"S"
"HHV","14:04:11",15.6,0,200,7061400,"S"
"HHV","14:04:09",15.55,-0.05,300,7061200,"B"
"HHV","14:04:07",15.6,0,100,7060900,"S"
"HHV","14:03:56",15.6,0,300,7060800,"S"
"HHV","14:03:55",15.6,0,2000,7060500,"S"
"HHV","14:03:50",15.6,0,100,7058500,"S"
"HHV","14:03:49",15.55,-0.05,1500,7058400,"B"
"HHV","14:03:46",15.6,0,100,7056900,"S"
"HHV","14:03:34",15.6,0,300,7056800,"S"
"HHV","14:03:25",15.6,0,100,7056500,"S"
"HHV","14:03:24",15.6,0,100,7056400,"S"
"HHV","14:03:13",15.55,-0.05,1000,7056300,"B"
"HHV","14:03:07",15.6,0,600,7055300,"S"
"HHV","14:02:56",15.6,0,100,7054700,"S"
"HHV","14:02:42",15.55,-0.05,5000,7054600,"B"
"HHV","14:02:36",15.55,-0.05,2500,7049600,"B"
"HHV","14:02:35",15.6,0,2600,7047100,"S"
"HHV","14:02:34",15.55,-0.05,1200,7044500,"B"
"HHV","14:02:33",15.6,0,200,7043300,"S"
"HHV","14:02:31",15.6,0,800,7043100,"S"
"HHV","14:02:18",15.55,-0.05,2000,7042300,"B"
"HHV","14:02:15",15.55,-0.05,3400,7040300,"B"
"HHV","14:02:10",15.55,-0.05,50000,7036900,"B"
"HHV","14:01:56",15.55,-0.05,3300,6986900,"B"
"HHV","14:01:16",15.55,-0.05,500,6983600,"B"
"HHV","14:00:53",15.55,-0.05,3000,6983100,"B"
"HHV","13:59:48",15.6,0,600,6980100,"S"
"HHV","13:59:44",15.6,0,400,6979500,"S"
"HHV","13:59:43",15.6,0,100,6979100,"S"
"HHV","13:59:34",15.6,0,2000,6979000,"S"
"HHV","13:59:13",15.6,0,100,6977000,"S"
"HHV","13:59:13",15.6,0,500,6976900,"S"
"HHV","13:59:02",15.6,0,2900,6976400,"B"
"HHV","13:58:53",15.6,0,5000,6973500,"B"
"HHV","13:58:52",15.6,0,100,6968500,"B"
"HHV","13:58:45",15.6,0,2000,6968400,"B"
"HHV","13:58:44",15.6,0,400,6966400,"B"
"HHV","13:58:40",15.6,0,10000,6966000,"B"
"HHV","13:58:30",15.6,0,2000,6956000,"B"
"HHV","13:58:23",15.6,0,3000,6954000,"B"
"HHV","13:57:55",15.6,0,2100,6951000,"B"
"HHV","13:57:41",15.6,0,500,6948900,"B"
"HHV","13:57:39",15.6,0,2000,6948400,"B"
"HHV","13:57:34",15.6,0,4000,6946400,"B"
"HHV","13:57:34",15.6,0,1000,6942400,"B"
"HHV","13:57:32",15.6,0,1500,6941400,"B"
"HHV","13:57:16",15.6,0,30400,6939900,"S"
"HHV","13:57:08",15.6,0,500,6909500,"S"
"HHV","13:57:01",15.6,0,100,6909000,"S"
"HHV","13:56:59",15.6,0,500,6908900,"S"
"HHV","13:56:48",15.6,0,1100,6908400,"S"
"HHV","13:56:43",15.6,0,1900,6907300,"S"
"HHV","13:56:39",15.6,0,10900,6905400,"B"
"HHV","13:56:30",15.6,0,1200,6894500,"B"
"HHV","13:56:29",15.6,0,3300,6893300,"B"
"HHV","13:56:28",15.6,0,100,6890000,"B"
"HHV","13:56:25",15.6,0,1000,6889900,"B"
"HHV","13:56:15",15.6,0,1800,6888900,"B"
"HHV","13:55:30",15.6,0,3000,6887100,"B"
"HHV","13:55:15",15.6,0,4400,6884100,"S"
"HHV","13:55:08",15.6,0,10600,6879700,"B"
"HHV","13:54:48",15.6,0,2000,6869100,"B"
"HHV","13:54:37",15.65,0.05,1000,6867100,"S"
"HHV","13:54:34",15.6,0,2000,6866100,"B"
"HHV","13:54:33",15.6,0,5000,6864100,"S"
"HHV","13:54:32",15.6,0,5500,6859100,"S"
"HHV","13:54:30",15.6,0,3000,6853600,"S"
"HHV","13:54:27",15.6,0,1000,6850600,"S"
"HHV","13:54:26",15.6,0,200,6849600,"S"
"HHV","13:54:19",15.6,0,400,6849400,"S"
"HHV","13:54:17",15.6,0,2000,6849000,"S"
"HHV","13:54:12",15.6,0,2000,6847000,"S"
"HHV","13:54:05",15.6,0,2000,6845000,"S"
"HHV","13:54:01",15.6,0,10000,6843000,"S"
"HHV","13:53:44",15.6,0,100,6833000,"S"
"HHV","13:53:32",15.6,0,10000,6832900,"S"
"HHV","13:53:25",15.6,0,100,6822900,"S"
"HHV","13:53:25",15.55,-0.05,500,6822800,"B"
"HHV","13:53:24",15.6,0,200,6822300,"S"
"HHV","13:53:21",15.6,0,500,6822100,"S"
"HHV","13:53:17",15.6,0,1500,6821600,"S"
"HHV","13:53:06",15.6,0,100,6820100,"S"
"HHV","13:52:46",15.6,0,27500,6820000,"B"
"HHV","13:52:41",15.6,0,500,6792500,"B"
"HHV","13:52:37",15.6,0,1000,6792000,"B"
"HHV","13:52:00",15.6,0,500,6791000,"B"
"HHV","13:51:58",15.6,0,1000,6790500,"B"
"HHV","13:51:53",15.6,0,500,6789500,"B"
"HHV","13:51:47",15.6,0,1000,6789000,"B"
"HHV","13:51:45",15.6,0,1400,6788000,"B"
"HHV","13:51:29",15.6,0,19100,6786600,"S"
"HHV","13:51:29",15.55,-0.05,500,6767500,"B"
"HHV","13:51:26",15.6,0,800,6767000,"S"
"HHV","13:51:13",15.6,0,100,6766200,"S"
"HHV","13:51:02",15.6,0,1000,6766100,"S"
"HHV","13:51:01",15.6,0,6800,6765100,"S"
"HHV","13:50:46",15.6,0,6500,6758300,"S"
"HHV","13:50:37",15.6,0,16700,6751800,"B"
"HHV","13:50:31",15.6,0,5000,6735100,"B"
"HHV","13:50:22",15.6,0,8000,6730100,"B"
"HHV","13:50:11",15.6,0,30000,6722100,"B"
"HHV","13:50:07",15.6,0,3000,6692100,"B"
"HHV","13:49:47",15.6,0,700,6689100,"B"
"HHV","13:49:44",15.6,0,3000,6688400,"B"
"HHV","13:49:35",15.6,0,5000,6685400,"B"
"HHV","13:49:29",15.6,0,2500,6680400,"S"
"HHV","13:49:26",15.6,0,1000,6677900,"S"
"HHV","13:49:23",15.6,0,2700,6676900,"B"
"HHV","13:49:16",15.6,0,1300,6674200,"S"
"HHV","13:49:15",15.6,0,900,6672900,"S"
"HHV","13:49:12",15.6,0,1000,6672000,"S"
"HHV","13:49:06",15.6,0,200,6671000,"S"
"HHV","13:49:03",15.6,0,3300,6670800,"B"
"HHV","13:48:51",15.6,0,2000,6667500,"B"
"HHV","13:48:45",15.6,0,5000,6665500,"B"
"HHV","13:48:37",15.6,0,4200,6660500,"B"
"HHV","13:48:34",15.6,0,500,6656300,"B"
"HHV","13:48:15",15.6,0,2000,6655800,"B"
"HHV","13:48:11",15.6,0,100,6653800,"B"
"HHV","13:48:05",15.6,0,500,6653700,"B"
"HHV","13:48:04",15.6,0,900,6653200,"B"
"HHV","13:47:23",15.6,0,1000,6652300,"B"
"HHV","13:47:16",15.6,0,3000,6651300,"B"
"HHV","13:47:14",15.6,0,1000,6648300,"B"
"HHV","13:46:59",15.6,0,1800,6647300,"S"
"HHV","13:46:56",15.6,0,4100,6645500,"S"
"HHV","13:46:51",15.6,0,500,6641400,"S"
"HHV","13:46:50",15.6,0,1800,6640900,"S"
"HHV","13:46:42",15.6,0,5000,6639100,"S"
"HHV","13:46:39",15.6,0,8600,6634100,"B"
"HHV","13:46:32",15.6,0,4000,6625500,"B"
"HHV","13:46:29",15.6,0,5000,6621500,"B"
"HHV","13:46:16",15.6,0,1000,6616500,"S"
"HHV","13:46:14",15.6,0,500,6615500,"S"
"HHV","13:46:10",15.6,0,2500,6615000,"B"
"HHV","13:46:05",15.6,0,300,6612500,"B"
"HHV","13:46:05",15.6,0,700,6612200,"B"
"HHV","13:45:49",15.6,0,1000,6611500,"B"
"HHV","13:45:45",15.6,0,900,6610500,"S"
"HHV","13:45:39",15.55,-0.05,2000,6609600,"B"
"HHV","13:45:35",15.6,0,500,6607600,"S"
"HHV","13:45:29",15.6,0,4400,6607100,"B"
"HHV","13:45:17",15.6,0,1900,6602700,"S"
"HHV","13:45:12",15.6,0,300,6600800,"S"
"HHV","13:45:06",15.6,0,5000,6600500,"S"
"HHV","13:45:03",15.6,0,3000,6595500,"S"
"HHV","13:44:51",15.6,0,700,6592500,"S"
"HHV","13:44:46",15.6,0,5000,6591800,"S"
"HHV","13:44:44",15.6,0,100,6586800,"S"
"HHV","13:44:40",15.55,-0.05,800,6586700,"B"
"HHV","13:44:40",15.6,0,400,6585900,"S"
"HHV","13:44:33",15.6,0,2000,6585500,"S"
"HHV","13:44:31",15.6,0,3000,6583500,"S"
"HHV","13:44:22",15.6,0,400,6580500,"S"
"HHV","13:44:21",15.6,0,2000,6580100,"S"
"HHV","13:44:18",15.55,-0.05,200,6578100,"B"
"HHV","13:44:14",15.6,0,1000,6577900,"S"
"HHV","13:44:06",15.55,-0.05,2000,6576900,"B"
"HHV","13:44:04",15.6,0,300,6574900,"S"
"HHV","13:44:01",15.6,0,51000,6574600,"S"
"HHV","13:43:53",15.6,0,3000,6523600,"S"
"HHV","13:43:50",15.55,-0.05,200,6520600,"B"
"HHV","13:43:41",15.55,-0.05,200,6520400,"B"
"HHV","13:43:34",15.55,-0.05,400,6520200,"B"
"HHV","13:43:15",15.55,-0.05,700,6519800,"B"
"HHV","13:43:01",15.6,0,6800,6519100,"S"
"HHV","13:42:42",15.6,0,3000,6512300,"S"
"HHV","13:42:28",15.6,0,10000,6509300,"S"
"HHV","13:42:17",15.6,0,1200,6499300,"S"
"HHV","13:41:45",15.6,0,46700,6498100,"B"
"HHV","13:41:34",15.6,0,1000,6451400,"B"
"HHV","13:41:33",15.6,0,1000,6450400,"B"
"HHV","13:41:30",15.6,0,4000,6449400,"B"
"HHV","13:41:28",15.6,0,500,6445400,"B"
"HHV","13:41:25",15.6,0,3000,6444900,"B"
"HHV","13:41:24",15.6,0,15000,6441900,"B"
"HHV","13:41:17",15.6,0,1000,6426900,"B"
"HHV","13:41:15",15.6,0,3500,6425900,"B"
"HHV","13:41:05",15.6,0,6000,6422400,"B"
"HHV","13:41:02",15.6,0,3000,6416400,"B"
"HHV","13:40:58",15.6,0,2000,6413400,"B"
"HHV","13:40:50",15.6,0,1000,6411400,"B"
"HHV","13:40:45",15.6,0,2500,6410400,"B"
"HHV","13:40:45",15.65,0.05,5000,6407900,"S"
"HHV","13:40:42",15.6,0,1000,6402900,"B"
"HHV","13:40:36",15.6,0,10000,6401900,"B"
"HHV","13:40:34",15.6,0,1000,6391900,"B"
"HHV","13:40:31",15.6,0,5000,6390900,"B"
"HHV","13:40:30",15.6,0,1300,6385900,"B"
"HHV","13:40:26",15.6,0,1000,6384600,"B"
"HHV","13:40:25",15.6,0,100,6383600,"B"
"HHV","13:40:24",15.6,0,19900,6383500,"B"
"HHV","13:40:21",15.6,0,200,6363600,"B"
"HHV","13:40:17",15.6,0,5400,6363400,"B"
"HHV","13:40:14",15.6,0,6300,6358000,"B"
"HHV","13:40:10",15.6,0,5000,6351700,"B"
"HHV","13:40:09",15.6,0,1500,6346700,"B"
"HHV","13:40:00",15.6,0,2000,6345200,"B"
"HHV","13:39:37",15.6,0,600,6343200,"B"
"HHV","13:39:23",15.6,0,100,6342600,"B"
"HHV","13:39:16",15.6,0,1000,6342500,"B"
"HHV","13:39:16",15.6,0,1000,6341500,"B"
"HHV","13:39:09",15.6,0,8500,6340500,"B"
"HHV","13:39:09",15.6,0,600,6332000,"B"
"HHV","13:39:08",15.6,0,2800,6331400,"B"
"HHV","13:38:46",15.6,0,5000,6328600,"B"
"HHV","13:38:43",15.6,0,1000,6323600,"B"
"HHV","13:38:41",15.6,0,1000,6322600,"B"
"HHV","13:38:32",15.6,0,1000,6321600,"B"
"HHV","13:38:13",15.65,0.05,1000,6320600,"S"
"HHV","13:37:55",15.6,0,300,6319600,"B"
"HHV","13:37:20",15.6,0,3000,6319300,"B"
"HHV","13:37:07",15.6,0,5500,6316300,"B"
"HHV","13:36:58",15.65,0.05,1000,6310800,"S"
"HHV","13:36:19",15.65,0.05,100,6309800,"S"
"HHV","13:36:13",15.65,0.05,1000,6309700,"S"
"HHV","13:36:03",15.6,0,2000,6308700,"B"
"HHV","13:36:02",15.6,0,4000,6306700,"B"
"HHV","13:35:56",15.65,0.05,5000,6302700,"S"
"HHV","13:35:48",15.6,0,500,6297700,"B"
"HHV","13:35:47",15.6,0,5100,6297200,"B"
"HHV","13:35:38",15.6,0,5900,6292100,"B"
"HHV","13:35:22",15.6,0,1000,6286200,"B"
"HHV","13:35:21",15.6,0,100,6285200,"B"
"HHV","13:35:16",15.6,0,6000,6285100,"B"
"HHV","13:35:15",15.6,0,300,6279100,"B"
"HHV","13:34:53",15.65,0.05,100,6278800,"S"
"HHV","13:34:49",15.65,0.05,15000,6278700,"S"
"HHV","13:34:23",15.65,0.05,100,6263700,"S"
"HHV","13:34:10",15.65,0.05,500,6263600,"S"
"HHV","13:34:01",15.65,0.05,3000,6263100,"S"
"HHV","13:33:35",15.65,0.05,600,6260100,"S"
"HHV","13:33:24",15.65,0.05,800,6259500,"S"
"HHV","13:33:23",15.65,0.05,200,6258700,"S"
"HHV","13:33:18",15.65,0.05,2100,6258500,"S"
"HHV","13:32:57",15.65,0.05,5000,6256400,"S"
"HHV","13:32:47",15.65,0.05,100,6251400,"S"
"HHV","13:32:29",15.6,0,100,6251300,"B"
"HHV","13:32:08",15.6,0,500,6251200,"B"
"HHV","13:32:06",15.6,0,300,6250700,"B"
"HHV","13:31:20",15.6,0,300,6250400,"B"
"HHV","13:31:08",15.65,0.05,1000,6250100,"S"
"HHV","13:30:48",15.6,0,3000,6249100,"B"
"HHV","13:30:44",15.6,0,1200,6246100,"B"
"HHV","13:30:10",15.6,0,3000,6244900,"B"
"HHV","13:30:04",15.6,0,1000,6241900,"B"
"HHV","13:29:41",15.6,0,1700,6240900,"B"
"HHV","13:29:32",15.6,0,20000,6239200,"B"
"HHV","13:29:29",15.6,0,5000,6219200,"B"
"HHV","13:29:25",15.6,0,24200,6214200,"S"
"HHV","13:29:22",15.55,-0.05,1000,6190000,"B"
"HHV","13:29:21",15.6,0,20000,6189000,"S"
"HHV","13:29:18",15.55,-0.05,200,6169000,"B"
"HHV","13:29:07",15.6,0,8000,6168800,"S"
"HHV","13:29:04",15.6,0,1400,6160800,"S"
"HHV","13:29:03",15.6,0,200,6159400,"S"
"HHV","13:28:50",15.6,0,200,6159200,"S"
"HHV","13:28:48",15.6,0,2000,6159000,"S"
"HHV","13:28:46",15.55,-0.05,1000,6157000,"B"
"HHV","13:28:44",15.6,0,200,6156000,"S"
"HHV","13:28:42",15.6,0,5000,6155800,"S"
"HHV","13:28:26",15.6,0,5000,6150800,"S"
"HHV","13:28:22",15.6,0,5000,6145800,"S"
"HHV","13:28:15",15.6,0,500,6140800,"S"
"HHV","13:28:13",15.55,-0.05,1500,6140300,"B"
"HHV","13:28:13",15.6,0,400,6138800,"S"
"HHV","13:28:07",15.6,0,10000,6138400,"S"
"HHV","13:28:04",15.6,0,1000,6128400,"S"
"HHV","13:28:01",15.6,0,500,6127400,"S"
"HHV","13:27:56",15.6,0,100,6126900,"S"
"HHV","13:27:54",15.6,0,500,6126800,"S"
"HHV","13:27:52",15.6,0,5000,6126300,"S"
"HHV","13:27:50",15.6,0,5000,6121300,"S"
"HHV","13:27:49",15.6,0,3000,6116300,"S"
"HHV","13:27:45",15.6,0,1000,6113300,"S"
"HHV","13:27:40",15.6,0,500,6112300,"S"
"HHV","13:27:36",15.6,0,5000,6111800,"S"
"HHV","13:27:29",15.6,0,300,6106800,"S"
"HHV","13:27:27",15.6,0,1000,6106500,"S"
"HHV","13:27:21",15.6,0,500,6105500,"S"
"HHV","13:27:11",15.6,0,1000,6105000,"S"
"HHV","13:27:05",15.6,0,1000,6104000,"S"
"HHV","13:27:03",15.6,0,1100,6103000,"S"
"HHV","13:26:57",15.6,0,600,6101900,"S"
"HHV","13:26:53",15.6,0,2900,6101300,"S"
"HHV","13:26:52",15.6,0,9900,6098400,"S"
"HHV","13:26:51",15.6,0,10000,6088500,"S"
"HHV","13:26:48",15.6,0,400,6078500,"S"
"HHV","13:26:47",15.6,0,10000,6078100,"S"
"HHV","13:26:43",15.6,0,5000,6068100,"S"
"HHV","13:26:39",15.6,0,2000,6063100,"S"
"HHV","13:26:34",15.6,0,200,6061100,"S"
"HHV","13:26:33",15.6,0,3000,6060900,"S"
"HHV","13:26:32",15.6,0,200,6057900,"S"
"HHV","13:26:31",15.6,0,27100,6057700,"S"
"HHV","13:26:26",15.6,0,8700,6030600,"B"
"HHV","13:26:25",15.6,0,46000,6021900,"B"
"HHV","13:26:25",15.6,0,77900,5975900,"B"
"HHV","13:26:19",15.6,0,5500,5898000,"B"
"HHV","13:26:03",15.6,0,19700,5892500,"B"
"HHV","13:26:02",15.6,0,30300,5872800,"B"
"HHV","13:25:59",15.6,0,10000,5842500,"B"
"HHV","13:25:37",15.65,0.05,100,5832500,"S"
"HHV","13:25:11",15.65,0.05,300,5832400,"S"
"HHV","13:25:03",15.65,0.05,2000,5832100,"S"
"HHV","13:25:02",15.65,0.05,300,5830100,"S"
"HHV","13:25:01",15.65,0.05,500,5829800,"S"
"HHV","13:24:52",15.65,0.05,1000,5829300,"S"
"HHV","13:24:26",15.65,0.05,500,5828300,"S"
"HHV","13:24:24",15.6,0,5000,5827800,"B"
"HHV","13:23:51",15.65,0.05,2000,5822800,"S"
"HHV","13:23:29",15.65,0.05,500,5820800,"S"
"HHV","13:23:09",15.65,0.05,1200,5820300,"S"
"HHV","13:23:05",15.65,0.05,1000,5819100,"S"
"HHV","13:23:01",15.65,0.05,4000,5818100,"S"
"HHV","13:22:44",15.65,0.05,2400,5814100,"S"
"HHV","13:21:18",15.6,0,15000,5811700,"B"
"HHV","13:20:59",15.6,0,7500,5796700,"B"
"HHV","13:20:29",15.6,0,100,5789200,"B"
"HHV","13:20:09",15.65,0.05,100,5789100,"S"
"HHV","13:20:07",15.65,0.05,200,5789000,"S"
"HHV","13:20:03",15.65,0.05,1000,5788800,"S"
"HHV","13:20:00",15.65,0.05,500,5787800,"S"
"HHV","13:19:57",15.65,0.05,2000,5787300,"S"
"HHV","13:19:52",15.65,0.05,500,5785300,"S"
"HHV","13:19:46",15.65,0.05,900,5784800,"S"
"HHV","13:19:39",15.6,0,10000,5783900,"B"
"HHV","13:19:35",15.65,0.05,100,5773900,"S"
"HHV","13:19:31",15.6,0,5000,5773800,"B"
"HHV","13:19:25",15.6,0,1000,5768800,"B"
"HHV","13:18:44",15.6,0,100,5767800,"B"
"HHV","13:18:42",15.6,0,500,5767700,"B"
"HHV","13:18:37",15.6,0,4800,5767200,"B"
"HHV","13:18:29",15.6,0,500,5762400,"B"
"HHV","13:18:09",15.6,0,100,5761900,"B"
"HHV","13:18:08",15.6,0,1000,5761800,"B"
"HHV","13:17:56",15.6,0,400,5760800,"B"
"HHV","13:17:42",15.65,0.05,7700,5760400,"S"
"HHV","13:17:35",15.6,0,35000,5752700,"B"
"HHV","13:16:54",15.6,0,100,5717700,"B"
"HHV","13:16:46",15.6,0,500,5717600,"B"
"HHV","13:16:40",15.65,0.05,100,5717100,"S"
"HHV","13:16:38",15.6,0,31000,5717000,"B"
"HHV","13:16:37",15.65,0.05,400,5686000,"S"
"HHV","13:16:33",15.65,0.05,1000,5685600,"S"
"HHV","13:16:31",15.65,0.05,1000,5684600,"S"
"HHV","13:16:26",15.65,0.05,3000,5683600,"S"
"HHV","13:16:19",15.65,0.05,6900,5680600,"S"
"HHV","13:16:13",15.65,0.05,500,5673700,"S"
"HHV","13:16:03",15.65,0.05,200,5673200,"S"
"HHV","13:15:47",15.65,0.05,500,5673000,"S"
"HHV","13:15:42",15.65,0.05,11000,5672500,"S"
"HHV","13:15:38",15.65,0.05,3000,5661500,"S"
"HHV","13:15:19",15.65,0.05,500,5658500,"S"
"HHV","13:15:16",15.6,0,3000,5658000,"B"
"HHV","13:14:42",15.65,0.05,100,5655000,"S"
"HHV","13:14:07",15.65,0.05,100,5654900,"S"
"HHV","13:13:57",15.65,0.05,1000,5654800,"S"
"HHV","13:13:49",15.65,0.05,3000,5653800,"S"
"HHV","13:13:48",15.65,0.05,1300,5650800,"S"
"HHV","13:13:46",15.65,0.05,100,5649500,"S"
"HHV","13:13:39",15.65,0.05,100,5649400,"S"
"HHV","13:13:24",15.65,0.05,100,5649300,"S"
"HHV","13:13:14",15.6,0,9000,5649200,"B"
"HHV","13:13:11",15.6,0,900,5640200,"B"
"HHV","13:12:52",15.6,0,300,5639300,"B"
"HHV","13:12:37",15.6,0,5000,5639000,"B"
"HHV","13:12:21",15.6,0,5000,5634000,"B"
"HHV","13:11:20",15.6,0,400,5629000,"B"
"HHV","13:11:17",15.6,0,2000,5628600,"B"
"HHV","13:10:55",15.6,0,500,5626600,"B"
"HHV","13:10:44",15.6,0,4000,5626100,"B"
"HHV","13:10:26",15.6,0,500,5622100,"B"
"HHV","13:10:11",15.6,0,3400,5621600,"S"
"HHV","13:10:08",15.6,0,4000,5618200,"S"
"HHV","13:10:05",15.6,0,4000,5614200,"S"
"HHV","13:10:04",15.6,0,200,5610200,"S"
"HHV","13:10:02",15.6,0,5000,5610000,"S"
"HHV","13:10:00",15.55,-0.05,1000,5605000,"B"
"HHV","13:09:50",15.6,0,1000,5604000,"S"
"HHV","13:09:49",15.6,0,3000,5603000,"S"
"HHV","13:09:46",15.6,0,2000,5600000,"S"
"HHV","13:09:46",15.6,0,300,5598000,"S"
"HHV","13:09:41",15.6,0,500,5597700,"S"
"HHV","13:09:41",15.6,0,1000,5597200,"S"
"HHV","13:09:28",15.6,0,200,5596200,"S"
"HHV","13:09:27",15.6,0,9500,5596000,"B"
"HHV","13:09:25",15.6,0,2000,5586500,"B"
"HHV","13:09:19",15.6,0,20000,5584500,"B"
"HHV","13:09:02",15.6,0,25900,5564500,"S"
"HHV","13:08:58",15.6,0,2000,5538600,"S"
"HHV","13:08:57",15.6,0,500,5536600,"S"
"HHV","13:08:55",15.6,0,10000,5536100,"S"
"HHV","13:08:54",15.6,0,7200,5526100,"S"
"HHV","13:08:53",15.6,0,100,5518900,"S"
"HHV","13:08:52",15.6,0,1000,5518800,"S"
"HHV","13:08:46",15.6,0,100,5517800,"S"
"HHV","13:08:45",15.6,0,2700,5517700,"S"
"HHV","13:08:41",15.6,0,500,5515000,"S"
"HHV","13:08:38",15.6,0,2300,5514500,"S"
"HHV","13:08:33",15.6,0,5000,5512200,"S"
"HHV","13:08:29",15.6,0,2000,5507200,"S"
"HHV","13:08:27",15.6,0,400,5505200,"S"
"HHV","13:08:22",15.6,0,2000,5504800,"S"
"HHV","13:08:21",15.6,0,5000,5502800,"S"
"HHV","13:08:20",15.6,0,1000,5497800,"S"
"HHV","13:08:12",15.6,0,500,5496800,"S"
"HHV","13:08:05",15.6,0,100,5496300,"S"
"HHV","13:08:00",15.55,-0.05,200,5496200,"B"
"HHV","13:07:58",15.6,0,2000,5496000,"S"
"HHV","13:07:56",15.6,0,200,5494000,"S"
"HHV","13:07:55",15.6,0,400,5493800,"S"
"HHV","13:07:43",15.6,0,1000,5493400,"S"
"HHV","13:07:37",15.6,0,2000,5492400,"S"
"HHV","13:07:35",15.6,0,20000,5490400,"S"
"HHV","13:07:34",15.6,0,1000,5470400,"S"
"HHV","13:07:33",15.6,0,4000,5469400,"S"
"HHV","13:07:25",15.6,0,5000,5465400,"S"
"HHV","13:07:22",15.6,0,500,5460400,"S"
"HHV","13:07:20",15.6,0,2000,5459900,"S"
"HHV","13:07:13",15.6,0,100,5457900,"S"
"HHV","13:07:03",15.55,-0.05,1700,5457800,"B"
"HHV","13:06:58",15.6,0,1500,5456100,"S"
"HHV","13:06:56",15.6,0,200,5454600,"S"
"HHV","13:06:52",15.6,0,400,5454400,"S"
"HHV","13:06:44",15.6,0,200,5454000,"S"
"HHV","13:06:17",15.6,0,4000,5453800,"S"
"HHV","13:06:13",15.6,0,1500,5449800,"S"
"HHV","13:06:09",15.6,0,1000,5448300,"S"
"HHV","13:05:52",15.6,0,800,5447300,"S"
"HHV","13:05:43",15.6,0,1000,5446500,"S"
"HHV","13:05:41",15.6,0,600,5445500,"S"
"HHV","13:05:35",15.6,0,300,5444900,"S"
"HHV","13:05:32",15.6,0,100,5444600,"S"
"HHV","13:05:26",15.6,0,5400,5444500,"S"
"HHV","13:05:18",15.6,0,2000,5439100,"S"
"HHV","13:05:14",15.6,0,10000,5437100,"S"
"HHV","13:05:06",15.6,0,3100,5427100,"S"
"HHV","13:05:05",15.6,0,10000,5424000,"S"
"HHV","13:05:00",15.6,0,100,5414000,"S"
"HHV","13:04:51",15.6,0,400,5413900,"B"
"HHV","13:04:46",15.6,0,30000,5413500,"B"
"HHV","13:04:42",15.6,0,3200,5383500,"B"
"HHV","13:04:23",15.6,0,1000,5380300,"B"
"HHV","13:04:16",15.6,0,500,5379300,"B"
"HHV","13:04:11",15.6,0,1000,5378800,"S"
"HHV","13:04:10",15.6,0,12900,5377800,"S"
"HHV","13:04:08",15.6,0,4000,5364900,"S"
"HHV","13:04:03",15.55,-0.05,5000,5360900,"B"
"HHV","13:03:53",15.6,0,1000,5355900,"S"
"HHV","13:03:51",15.6,0,100,5354900,"S"
"HHV","13:03:50",15.6,0,1000,5354800,"S"
"HHV","13:03:50",15.6,0,5000,5353800,"S"
"HHV","13:03:46",15.6,0,2000,5348800,"S"
"HHV","13:03:38",15.55,-0.05,7000,5346800,"B"
"HHV","13:03:37",15.6,0,2500,5339800,"S"
"HHV","13:03:34",15.6,0,3000,5337300,"S"
"HHV","13:03:29",15.6,0,2000,5334300,"S"
"HHV","13:03:13",15.6,0,500,5332300,"S"
"HHV","13:02:59",15.6,0,3000,5331800,"S"
"HHV","13:02:45",15.6,0,2000,5328800,"S"
"HHV","13:02:36",15.6,0,3000,5326800,"S"
"HHV","13:02:15",15.6,0,1000,5323800,"S"
"HHV","13:02:14",15.6,0,1000,5322800,"S"
"HHV","13:02:11",15.6,0,5500,5321800,"B"
"HHV","13:02:11",15.6,0,37800,5316300,"B"
"HHV","13:02:10",15.6,0,216300,5278500,"B"
"HHV","13:02:03",15.65,0.05,200,5062200,"S"
"HHV","13:02:02",15.65,0.05,600,5062000,"S"
"HHV","13:01:44",15.6,0,5000,5061400,"B"
"HHV","13:01:37",15.65,0.05,1000,5056400,"S"
"HHV","13:01:07",15.6,0,2800,5055400,"B"
"HHV","13:00:45",15.6,0,3200,5052600,"B"
"HHV","13:00:28",15.65,0.05,2000,5049400,"S"
"HHV","13:00:24",15.65,0.05,1100,5047400,"S"
"HHV","13:00:20",15.65,0.05,100,5046300,"S"
"HHV","13:00:17",15.65,0.05,100,5046200,"S"
"HHV","13:00:16",15.65,0.05,100,5046100,"S"
"HHV","13:00:14",15.65,0.05,100,5046000,"S"
"HHV","13:00:09",15.65,0.05,6000,5045900,"S"
"HHV","13:00:08",15.65,0.05,45700,5039900,"B"
"HHV","13:00:06",15.65,0.05,2000,4994200,"B"
"HHV","13:00:05",15.65,0.05,200,4992200,"B"
"HHV","13:00:04",15.65,0.05,28300,4992000,"B"
"HHV","13:00:03",15.65,0.05,5000,4963700,"B"
"HHV","13:00:01",15.65,0.05,17100,4958700,"B"
"HHV","11:29:33",15.65,0.05,1000,4941600,"B"
"HHV","11:29:24",15.65,0.05,300,4940600,"B"
"HHV","11:28:30",15.65,0.05,105000,4940300,"S"
"HHV","11:28:25",15.65,0.05,100,4835300,"S"
"HHV","11:27:25",15.65,0.05,1500,4835200,"S"
"HHV","11:26:41",15.65,0.05,1300,4833700,"S"
"HHV","11:26:36",15.6,0,600,4832400,"B"
"HHV","11:26:09",15.65,0.05,2000,4831800,"S"
"HHV","11:25:38",15.6,0,2000,4829800,"B"
"HHV","11:25:29",15.65,0.05,200,4827800,"S"
"HHV","11:25:15",15.65,0.05,1000,4827600,"S"
"HHV","11:25:04",15.65,0.05,2000,4826600,"S"
"HHV","11:25:00",15.65,0.05,3500,4824600,"S"
"HHV","11:24:46",15.6,0,500,4821100,"B"
"HHV","11:24:39",15.6,0,1000,4820600,"B"
"HHV","11:24:32",15.6,0,1000,4819600,"B"
"HHV","11:24:27",15.6,0,1000,4818600,"B"
"HHV","11:24:06",15.6,0,1000,4817600,"B"
"HHV","11:23:55",15.65,0.05,2000,4816600,"S"
"HHV","11:23:47",15.6,0,1000,4814600,"B"
"HHV","11:23:31",15.6,0,100,4813600,"B"
"HHV","11:23:23",15.65,0.05,5900,4813500,"S"
"HHV","11:23:07",15.6,0,500,4807600,"B"
"HHV","11:23:01",15.6,0,1000,4807100,"B"
"HHV","11:22:47",15.6,0,1000,4806100,"B"
"HHV","11:22:02",15.6,0,1000,4805100,"B"
"HHV","11:21:59",15.65,0.05,12000,4804100,"S"
"HHV","11:21:46",15.6,0,13000,4792100,"B"
"HHV","11:21:40",15.6,0,500,4779100,"B"
"HHV","11:19:58",15.6,0,10000,4778600,"B"
"HHV","11:18:45",15.6,0,800,4768600,"B"
"HHV","11:18:21",15.6,0,200,4767800,"B"
"HHV","11:17:45",15.6,0,1000,4767600,"B"
"HHV","11:17:11",15.65,0.05,1000,4766600,"S"
"HHV","11:16:47",15.65,0.05,200,4765600,"S"
"HHV","11:16:36",15.65,0.05,500,4765400,"S"
"HHV","11:16:14",15.6,0,1200,4764900,"B"
"HHV","11:16:12",15.65,0.05,500,4763700,"S"
"HHV","11:14:34",15.6,0,1000,4763200,"B"
"HHV","11:14:03",15.6,0,1200,4762200,"B"
"HHV","11:12:48",15.6,0,7000,4761000,"B"
"HHV","11:11:57",15.6,0,1200,4754000,"B"
"HHV","11:11:54",15.65,0.05,10000,4752800,"S"
"HHV","11:11:44",15.65,0.05,1000,4742800,"S"
"HHV","11:11:33",15.6,0,2200,4741800,"B"
"HHV","11:11:23",15.65,0.05,1000,4739600,"S"
"HHV","11:11:12",15.65,0.05,200,4738600,"S"
"HHV","11:11:08",15.65,0.05,4000,4738400,"S"
"HHV","11:11:06",15.6,0,1200,4734400,"B"
"HHV","11:10:15",15.6,0,1200,4733200,"B"
"HHV","11:10:14",15.65,0.05,200,4732000,"S"
"HHV","11:10:10",15.65,0.05,100,4731800,"S"
"HHV","11:10:06",15.65,0.05,1000,4731700,"S"
"HHV","11:09:55",15.65,0.05,800,4730700,"B"
"HHV","11:09:53",15.65,0.05,200,4729900,"B"
"HHV","11:09:51",15.65,0.05,10000,4729700,"B"
"HHV","11:09:39",15.65,0.05,1000,4719700,"B"
"HHV","11:09:33",15.65,0.05,2000,4718700,"B"
"HHV","11:08:47",15.65,0.05,100,4716700,"B"
"HHV","11:08:12",15.65,0.05,12100,4716600,"B"
"HHV","11:07:29",15.65,0.05,20000,4704500,"B"
"HHV","11:06:50",15.65,0.05,13300,4684500,"B"
"HHV","11:06:48",15.65,0.05,14300,4671200,"S"
"HHV","11:06:41",15.65,0.05,300,4656900,"S"
"HHV","11:06:37",15.65,0.05,8000,4656600,"S"
"HHV","11:06:15",15.65,0.05,100,4648600,"S"
"HHV","11:05:44",15.65,0.05,600,4648500,"S"
"HHV","11:05:43",15.65,0.05,1000,4647900,"S"
"HHV","11:05:26",15.65,0.05,1000,4646900,"S"
"HHV","11:05:08",15.6,0,100,4645900,"B"
"HHV","11:04:35",15.65,0.05,200,4645800,"B"
"HHV","11:04:31",15.65,0.05,2000,4645600,"B"
"HHV","11:04:30",15.65,0.05,500,4643600,"B"
"HHV","11:04:24",15.65,0.05,300,4643100,"B"
"HHV","11:04:23",15.65,0.05,500,4642800,"B"
"HHV","11:04:05",15.65,0.05,200,4642300,"B"
"HHV","11:03:45",15.65,0.05,18900,4642100,"S"
"HHV","11:03:42",15.65,0.05,100,4623200,"S"
"HHV","11:03:31",15.65,0.05,100,4623100,"S"
"HHV","11:03:29",15.65,0.05,1000,4623000,"S"
"HHV","11:03:10",15.65,0.05,5000,4622000,"S"
"HHV","11:02:45",15.65,0.05,2000,4617000,"S"
"HHV","11:02:35",15.65,0.05,1000,4615000,"S"
"HHV","11:02:22",15.65,0.05,600,4614000,"S"
"HHV","11:01:51",15.65,0.05,1000,4613400,"S"
"HHV","11:01:05",15.65,0.05,11100,4612400,"S"
"HHV","11:01:01",15.65,0.05,1000,4601300,"S"
"HHV","11:00:56",15.65,0.05,2600,4600300,"S"
"HHV","11:00:43",15.65,0.05,100,4597700,"S"
"HHV","11:00:31",15.65,0.05,400,4597600,"S"
"HHV","11:00:30",15.65,0.05,500,4597200,"S"
"HHV","11:00:23",15.65,0.05,1000,4596700,"S"
"HHV","10:59:48",15.65,0.05,200,4595700,"S"
"HHV","10:59:45",15.65,0.05,100,4595500,"S"
"HHV","10:59:16",15.65,0.05,600,4595400,"S"
"HHV","10:59:10",15.65,0.05,16700,4594800,"B"
"HHV","10:59:05",15.65,0.05,600,4578100,"B"
"HHV","10:59:00",15.65,0.05,2900,4577500,"B"
"HHV","10:58:52",15.65,0.05,5000,4574600,"B"
"HHV","10:58:51",15.65,0.05,500,4569600,"B"
"HHV","10:58:11",15.65,0.05,3300,4569100,"S"
"HHV","10:58:07",15.65,0.05,2200,4565800,"S"
"HHV","10:58:06",15.65,0.05,5800,4563600,"S"
"HHV","10:58:02",15.65,0.05,700,4557800,"S"
"HHV","10:57:57",15.6,0,1000,4557100,"B"
"HHV","10:57:40",15.65,0.05,800,4556100,"S"
"HHV","10:57:27",15.65,0.05,100,4555300,"S"
"HHV","10:57:24",15.65,0.05,2500,4555200,"S"
"HHV","10:57:15",15.65,0.05,40700,4552700,"B"
"HHV","10:57:11",15.65,0.05,50000,4512000,"B"
"HHV","10:56:58",15.7,0.1,400,4462000,"S"
"HHV","10:56:45",15.65,0.05,5000,4461600,"B"
"HHV","10:56:20",15.65,0.05,1200,4456600,"B"
"HHV","10:56:03",15.65,0.05,1200,4455400,"B"
"HHV","10:55:59",15.7,0.1,1000,4454200,"S"
"HHV","10:55:53",15.7,0.1,3000,4453200,"S"
"HHV","10:55:45",15.7,0.1,5000,4450200,"S"
"HHV","10:55:09",15.65,0.05,1000,4445200,"B"
"HHV","10:55:05",15.7,0.1,100,4444200,"S"
"HHV","10:54:59",15.7,0.1,2000,4444100,"S"
"HHV","10:54:54",15.7,0.1,4000,4442100,"S"
"HHV","10:54:43",15.7,0.1,100,4438100,"S"
"HHV","10:54:39",15.7,0.1,2000,4438000,"S"
"HHV","10:54:20",15.65,0.05,2500,4436000,"B"
"HHV","10:54:17",15.65,0.05,5000,4433500,"B"
"HHV","10:54:14",15.7,0.1,1000,4428500,"S"
"HHV","10:54:12",15.65,0.05,500,4427500,"B"
"HHV","10:53:19",15.65,0.05,400,4427000,"B"
"HHV","10:53:16",15.65,0.05,1600,4426600,"B"
"HHV","10:52:48",15.65,0.05,10000,4425000,"B"
"HHV","10:52:33",15.7,0.1,1000,4415000,"S"
"HHV","10:52:27",15.65,0.05,6000,4414000,"B"
"HHV","10:52:25",15.65,0.05,3000,4408000,"B"
"HHV","10:51:58",15.65,0.05,200,4405000,"B"
"HHV","10:51:41",15.65,0.05,200,4404800,"B"
"HHV","10:51:39",15.7,0.1,400,4404600,"S"
"HHV","10:51:37",15.65,0.05,200,4404200,"B"
"HHV","10:50:42",15.65,0.05,1000,4404000,"B"
"HHV","10:50:18",15.65,0.05,1000,4403000,"B"
"HHV","10:50:18",15.7,0.1,100,4402000,"S"
"HHV","10:50:04",15.7,0.1,100,4401900,"S"
"HHV","10:50:03",15.7,0.1,1000,4401800,"S"
"HHV","10:49:58",15.7,0.1,500,4400800,"S"
"HHV","10:49:42",15.7,0.1,200,4400300,"S"
"HHV","10:49:37",15.65,0.05,500,4400100,"B"
"HHV","10:49:00",15.65,0.05,300,4399600,"B"
"HHV","10:48:59",15.7,0.1,3000,4399300,"S"
"HHV","10:48:57",15.7,0.1,200,4396300,"S"
"HHV","10:48:47",15.7,0.1,1000,4396100,"S"
"HHV","10:48:42",15.7,0.1,1500,4395100,"S"
"HHV","10:48:37",15.7,0.1,1000,4393600,"S"
"HHV","10:48:29",15.7,0.1,100,4392600,"S"
"HHV","10:48:27",15.7,0.1,300,4392500,"S"
"HHV","10:48:19",15.7,0.1,1000,4392200,"S"
"HHV","10:48:05",15.7,0.1,1900,4391200,"S"
"HHV","10:47:45",15.7,0.1,1000,4389300,"S"
"HHV","10:47:43",15.65,0.05,22700,4388300,"B"
"HHV","10:47:16",15.7,0.1,100,4365600,"S"
"HHV","10:47:09",15.7,0.1,200,4365500,"S"
"HHV","10:47:07",15.7,0.1,1000,4365300,"S"
"HHV","10:47:05",15.7,0.1,1000,4364300,"S"
"HHV","10:46:35",15.7,0.1,1000,4363300,"S"
"HHV","10:46:31",15.7,0.1,100,4362300,"S"
"HHV","10:46:27",15.7,0.1,4300,4362200,"S"
"HHV","10:46:25",15.7,0.1,100,4357900,"S"
"HHV","10:46:17",15.7,0.1,100,4357800,"S"
"HHV","10:46:05",15.7,0.1,7000,4357700,"S"
"HHV","10:45:31",15.7,0.1,300,4350700,"S"
"HHV","10:45:12",15.7,0.1,500,4350400,"S"
"HHV","10:45:10",15.7,0.1,200,4349900,"S"
"HHV","10:44:56",15.7,0.1,400,4349700,"S"
"HHV","10:44:39",15.7,0.1,1000,4349300,"S"
"HHV","10:44:30",15.7,0.1,200,4348300,"S"
"HHV","10:44:26",15.7,0.1,1000,4348100,"S"
"HHV","10:43:51",15.7,0.1,3000,4347100,"S"
"HHV","10:43:45",15.7,0.1,300,4344100,"S"
"HHV","10:43:40",15.7,0.1,10000,4343800,"S"
"HHV","10:43:26",15.7,0.1,1200,4333800,"S"
"HHV","10:43:00",15.7,0.1,200,4332600,"S"
"HHV","10:42:58",15.7,0.1,16800,4332400,"S"
"HHV","10:42:55",15.65,0.05,100,4315600,"B"
"HHV","10:41:05",15.7,0.1,500,4315500,"S"
"HHV","10:40:55",15.6,0,100,4315000,"B"
"HHV","10:40:54",15.6,0,48500,4314900,"B"
"HHV","10:40:54",15.65,0.05,31500,4266400,"B"
"HHV","10:40:34",15.7,0.1,400,4234900,"S"
"HHV","10:40:22",15.7,0.1,1000,4234500,"S"
"HHV","10:40:21",15.7,0.1,100,4233500,"S"
"HHV","10:40:02",15.7,0.1,2000,4233400,"S"
"HHV","10:39:38",15.65,0.05,24500,4231400,"S"
"HHV","10:38:48",15.6,0,300,4206900,"B"
"HHV","10:38:39",15.6,0,1000,4206600,"B"
"HHV","10:38:39",15.65,0.05,4000,4205600,"S"
"HHV","10:38:35",15.6,0,900,4201600,"B"
"HHV","10:38:34",15.6,0,200,4200700,"B"
"HHV","10:37:53",15.6,0,300,4200500,"B"
"HHV","10:37:01",15.6,0,6000,4200200,"B"
"HHV","10:36:53",15.6,0,100,4194200,"B"
"HHV","10:36:40",15.55,-0.05,314200,4194100,"B"
"HHV","10:36:40",15.6,0,65200,3879900,"B"
"HHV","10:36:35",15.6,0,4800,3814700,"S"
"HHV","10:36:32",15.6,0,10200,3809900,"S"
"HHV","10:36:32",15.55,-0.05,1400,3786400,"B"
"HHV","10:36:32",15.6,0,7000,3785000,"S"
"HHV","10:36:31",15.6,0,25000,3778000,"S"
"HHV","10:36:24",15.6,0,2000,3753000,"S"
"HHV","10:36:22",15.6,0,6100,3751000,"S"
"HHV","10:36:13",15.6,0,5000,3744900,"S"
"HHV","10:35:54",15.6,0,500,3739900,"S"
"HHV","10:35:46",15.55,-0.05,100,3739400,"B"
"HHV","10:35:44",15.6,0,200,3739300,"S"
"HHV","10:35:35",15.6,0,4000,3739100,"S"
"HHV","10:35:31",15.55,-0.05,6000,3735100,"B"
"HHV","10:35:30",15.6,0,400,3729100,"S"
"HHV","10:35:29",15.6,0,900,3728700,"S"
"HHV","10:35:23",15.6,0,1000,3727800,"S"
"HHV","10:35:14",15.6,0,200,3726800,"S"
"HHV","10:34:59",15.55,-0.05,700,3726600,"B"
"HHV","10:34:03",15.55,-0.05,1000,3725900,"B"
"HHV","10:34:01",15.6,0,1500,3724900,"S"
"HHV","10:33:48",15.55,-0.05,1000,3723400,"B"
"HHV","10:33:36",15.6,0,400,3722400,"S"
"HHV","10:33:33",15.6,0,1300,3722000,"S"
"HHV","10:33:32",15.6,0,2000,3720700,"S"
"HHV","10:33:24",15.6,0,200,3718700,"S"
"HHV","10:33:15",15.6,0,7200,3718500,"S"
"HHV","10:33:01",15.6,0,4600,3711300,"S"
"HHV","10:32:59",15.6,0,1000,3706700,"S"
"HHV","10:32:56",15.6,0,3000,3705700,"S"
"HHV","10:32:44",15.6,0,4000,3702700,"S"
"HHV","10:32:38",15.6,0,20000,3698700,"S"
"HHV","10:32:35",15.6,0,2000,3678700,"S"
"HHV","10:32:34",15.6,0,4500,3676700,"S"
"HHV","10:32:29",15.6,0,2000,3672200,"S"
"HHV","10:32:20",15.6,0,300,3670200,"S"
"HHV","10:32:02",15.6,0,400,3669900,"S"
"HHV","10:31:49",15.6,0,500,3669500,"S"
"HHV","10:31:43",15.6,0,20000,3669000,"S"
"HHV","10:31:41",15.6,0,4000,3649000,"S"
"HHV","10:31:33",15.6,0,500,3645000,"S"
"HHV","10:31:32",15.6,0,2000,3644500,"S"
"HHV","10:31:31",15.6,0,200,3642500,"S"
"HHV","10:31:30",15.6,0,7000,3642300,"S"
"HHV","10:31:14",15.6,0,500,3635300,"S"
"HHV","10:31:12",15.6,0,20500,3634800,"S"
"HHV","10:31:08",15.6,0,1000,3614300,"S"
"HHV","10:30:54",15.6,0,2400,3613300,"S"
"HHV","10:30:41",15.6,0,100,3610900,"S"
"HHV","10:30:40",15.6,0,1200,3610800,"S"
"HHV","10:30:39",15.6,0,18500,3609600,"B"
"HHV","10:30:32",15.65,0.05,100,3591100,"S"
"HHV","10:30:29",15.65,0.05,30000,3591000,"S"
"HHV","10:30:19",15.65,0.05,1000,3561000,"S"
"HHV","10:30:15",15.65,0.05,200,3560000,"S"
"HHV","10:29:59",15.65,0.05,9900,3559800,"S"
"HHV","10:29:53",15.6,0,100000,3549900,"B"
"HHV","10:29:39",15.65,0.05,1000,3449900,"S"
"HHV","10:28:55",15.65,0.05,3400,3448900,"S"
"HHV","10:28:35",15.65,0.05,300,3445500,"S"
"HHV","10:28:03",15.65,0.05,100,3445200,"S"
"HHV","10:28:03",15.6,0,1600,3445100,"B"
"HHV","10:28:02",15.6,0,68600,3443500,"B"
"HHV","10:27:58",15.65,0.05,500,3374900,"S"
"HHV","10:27:57",15.65,0.05,50000,3374400,"S"
"HHV","10:27:55",15.65,0.05,100,3324400,"S"
"HHV","10:27:33",15.65,0.05,100,3324300,"S"
"HHV","10:27:29",15.65,0.05,1000,3324200,"S"
"HHV","10:27:25",15.65,0.05,5000,3323200,"S"
"HHV","10:27:21",15.65,0.05,200,3318200,"S"
"HHV","10:27:12",15.65,0.05,100,3318000,"S"
"HHV","10:27:07",15.65,0.05,600,3317900,"S"
"HHV","10:26:57",15.65,0.05,7500,3317300,"B"
"HHV","10:26:42",15.65,0.05,4400,3309800,"B"
"HHV","10:26:37",15.65,0.05,1000,3305400,"B"
"HHV","10:26:30",15.65,0.05,1000,3304400,"B"
"HHV","10:26:15",15.65,0.05,700,3303400,"B"
"HHV","10:26:02",15.65,0.05,1000,3302700,"B"
"HHV","10:25:48",15.65,0.05,30000,3301700,"B"
"HHV","10:25:43",15.65,0.05,1000,3271700,"B"
"HHV","10:25:29",15.65,0.05,2000,3270700,"B"
"HHV","10:25:21",15.7,0.1,80700,3268700,"B"
"HHV","10:25:18",15.7,0.1,15000,3188000,"B"
"HHV","10:25:17",15.7,0.1,1000,3173000,"B"
"HHV","10:25:14",15.7,0.1,200,3172000,"S"
"HHV","10:25:08",15.7,0.1,10500,3171800,"S"
"HHV","10:25:04",15.7,0.1,100,3161300,"S"
"HHV","10:24:45",15.7,0.1,3500,3161200,"S"
"HHV","10:24:41",15.65,0.05,5000,3157700,"B"
"HHV","10:24:28",15.7,0.1,1000,3152700,"S"
"HHV","10:24:10",15.7,0.1,200,3151700,"S"
"HHV","10:23:48",15.7,0.1,3300,3151500,"S"
"HHV","10:23:44",15.7,0.1,5000,3148200,"S"
"HHV","10:23:33",15.7,0.1,1000,3143200,"S"
"HHV","10:23:28",15.7,0.1,500,3142200,"S"
"HHV","10:23:26",15.7,0.1,1900,3141700,"S"
"HHV","10:23:16",15.7,0.1,100,3139800,"S"
"HHV","10:22:57",15.7,0.1,200,3139700,"S"
"HHV","10:22:51",15.7,0.1,21000,3139500,"B"
"HHV","10:22:50",15.75,0.15,6200,3118500,"S"
"HHV","10:22:48",15.7,0.1,2000,3112300,"B"
"HHV","10:22:34",15.75,0.15,1000,3110300,"S"
"HHV","10:22:27",15.7,0.1,100,3109300,"B"
"HHV","10:22:24",15.7,0.1,4000,3109200,"S"
"HHV","10:22:21",15.7,0.1,7000,3105200,"B"
"HHV","10:22:20",15.7,0.1,23000,3098200,"S"
"HHV","10:22:13",15.7,0.1,900,3075200,"S"
"HHV","10:22:10",15.7,0.1,500,3074300,"S"
"HHV","10:22:05",15.7,0.1,2000,3073800,"S"
"HHV","10:21:48",15.7,0.1,33000,3071800,"S"
"HHV","10:21:34",15.7,0.1,700,3038800,"S"
"HHV","10:21:09",15.7,0.1,100,3038100,"S"
"HHV","10:20:57",15.7,0.1,3000,3038000,"S"
"HHV","10:20:17",15.65,0.05,15400,3035000,"S"
"HHV","10:20:15",15.65,0.05,1000,3019600,"S"
"HHV","10:20:02",15.6,0,2000,3018600,"B"
"HHV","10:19:51",15.6,0,8500,3016600,"S"
"HHV","10:19:50",15.6,0,11600,3008100,"S"
"HHV","10:19:49",15.6,0,200,2996500,"S"
"HHV","10:19:48",15.6,0,1000,2996300,"S"
"HHV","10:19:45",15.6,0,500,2995300,"S"
"HHV","10:19:44",15.6,0,1000,2994800,"S"
"HHV","10:19:43",15.6,0,3000,2993800,"S"
"HHV","10:19:42",15.6,0,3000,2990800,"S"
"HHV","10:19:41",15.6,0,5400,2987800,"S"
"HHV","10:19:40",15.6,0,300000,2982400,"S"
"HHV","10:19:39",15.6,0,6000,2682400,"S"
"HHV","10:19:36",15.6,0,1700,2676400,"S"
"HHV","10:19:34",15.6,0,100000,2674700,"S"
"HHV","10:19:25",15.6,0,300,2574700,"S"
"HHV","10:19:21",15.6,0,9000,2574400,"S"
"HHV","10:19:18",15.6,0,200,2565400,"S"
"HHV","10:19:05",15.6,0,6800,2565200,"S"
"HHV","10:18:55",15.6,0,400,2558400,"S"
"HHV","10:18:45",15.6,0,500,2558000,"S"
"HHV","10:18:41",15.6,0,3000,2557500,"S"
"HHV","10:18:36",15.6,0,5000,2554500,"S"
"HHV","10:18:32",15.6,0,300,2549500,"S"
"HHV","10:18:27",15.6,0,100,2549200,"S"
"HHV","10:18:24",15.6,0,2000,2549100,"S"
"HHV","10:18:17",15.6,0,1300,2547100,"S"
"HHV","10:18:14",15.6,0,200,2545800,"S"
"HHV","10:18:12",15.6,0,200,2545600,"S"
"HHV","10:18:11",15.6,0,500,2545400,"S"
"HHV","10:18:03",15.6,0,500,2544900,"S"
"HHV","10:17:53",15.6,0,2300,2544400,"S"
"HHV","10:17:06",15.55,-0.05,100,2542100,"B"
"HHV","10:17:01",15.55,-0.05,10000,2542000,"B"
"HHV","10:16:57",15.55,-0.05,4500,2532000,"B"
"HHV","10:16:51",15.55,-0.05,1300,2527500,"B"
"HHV","10:16:46",15.55,-0.05,200,2526200,"B"
"HHV","10:16:38",15.55,-0.05,300,2526000,"B"
"HHV","10:16:35",15.55,-0.05,3000,2525700,"B"
"HHV","10:16:32",15.55,-0.05,5000,2522700,"B"
"HHV","10:16:31",15.55,-0.05,5000,2517700,"B"
"HHV","10:16:25",15.55,-0.05,100,2512700,"B"
"HHV","10:16:23",15.55,-0.05,5800,2512600,"B"
"HHV","10:16:16",15.55,-0.05,4400,2506800,"B"
"HHV","10:16:15",15.55,-0.05,600,2502400,"B"
"HHV","10:16:13",15.55,-0.05,200,2501800,"B"
"HHV","10:16:12",15.55,-0.05,1000,2501600,"B"
"HHV","10:16:11",15.55,-0.05,20000,2500600,"B"
"HHV","10:16:08",15.55,-0.05,50000,2480600,"B"
"HHV","10:16:05",15.55,-0.05,8100,2430600,"B"
"HHV","10:16:05",15.55,-0.05,6900,2422500,"B"
"HHV","10:15:53",15.55,-0.05,600,2415600,"B"
"HHV","10:15:50",15.55,-0.05,20000,2415000,"B"
"HHV","10:15:49",15.6,0,600,2395000,"S"
"HHV","10:15:46",15.55,-0.05,300,2394400,"B"
"HHV","10:15:34",15.55,-0.05,200,2394100,"B"
"HHV","10:15:33",15.6,0,700,2393900,"S"
"HHV","10:15:33",15.55,-0.05,1000,2393200,"B"
"HHV","10:15:29",15.6,0,10000,2392200,"S"
"HHV","10:15:27",15.6,0,400,2382200,"S"
"HHV","10:15:13",15.6,0,2700,2381800,"S"
"HHV","10:15:10",15.6,0,100,2379100,"S"
"HHV","10:15:04",15.55,-0.05,700,2379000,"B"
"HHV","10:14:47",15.55,-0.05,13600,2378300,"B"
"HHV","10:14:40",15.6,0,200,2364700,"S"
"HHV","10:14:30",15.6,0,2000,2364500,"S"
"HHV","10:14:25",15.6,0,200,2362500,"S"
"HHV","10:14:20",15.6,0,500,2362300,"S"
"HHV","10:14:12",15.6,0,19000,2361800,"S"
"HHV","10:14:02",15.55,-0.05,1000,2342800,"B"
"HHV","10:14:02",15.6,0,500,2341800,"S"
"HHV","10:13:57",15.6,0,300,2341300,"S"
"HHV","10:13:56",15.6,0,500,2341000,"S"
"HHV","10:13:54",15.6,0,100,2340500,"S"
"HHV","10:13:44",15.6,0,5200,2340400,"S"
"HHV","10:13:44",15.6,0,301400,2335200,"B"
"HHV","10:13:43",15.6,0,8000,2033800,"B"
"HHV","10:13:34",15.6,0,6000,2025800,"B"
"HHV","10:13:32",15.65,0.05,1100,2019800,"S"
"HHV","10:13:21",15.65,0.05,1000,2018700,"S"
"HHV","10:13:20",15.65,0.05,1200,2017700,"S"
"HHV","10:13:14",15.65,0.05,300,2016500,"S"
"HHV","10:13:08",15.65,0.05,1000,2016200,"S"
"HHV","10:13:00",15.65,0.05,600,2015200,"S"
"HHV","10:12:52",15.65,0.05,500,2014600,"S"
"HHV","10:12:51",15.65,0.05,100,2014100,"S"
"HHV","10:12:50",15.65,0.05,3000,2014000,"S"
"HHV","10:12:49",15.65,0.05,1000,2011000,"S"
"HHV","10:12:47",15.65,0.05,1000,2010000,"S"
"HHV","10:12:38",15.65,0.05,10000,2009000,"S"
"HHV","10:12:38",15.6,0,1000,1999000,"B"
"HHV","10:12:29",15.65,0.05,500,1998000,"S"
"HHV","10:12:26",15.65,0.05,7000,1997500,"S"
"HHV","10:12:22",15.65,0.05,200,1990500,"S"
"HHV","10:12:20",15.65,0.05,500,1990300,"S"
"HHV","10:12:20",15.65,0.05,500,1989800,"S"
"HHV","10:12:19",15.65,0.05,200,1989300,"S"
"HHV","10:12:03",15.65,0.05,200,1989100,"S"
"HHV","10:12:00",15.65,0.05,1000,1988900,"S"
"HHV","10:11:57",15.65,0.05,200,1987900,"S"
"HHV","10:11:22",15.65,0.05,5000,1987700,"S"
"HHV","10:11:18",15.65,0.05,300,1982700,"S"
"HHV","10:11:15",15.65,0.05,1000,1982400,"S"
"HHV","10:11:14",15.65,0.05,500,1981400,"S"
"HHV","10:11:03",15.65,0.05,1000,1980900,"S"
"HHV","10:10:50",15.65,0.05,6000,1979900,"S"
"HHV","10:10:50",15.65,0.05,500,1973900,"S"
"HHV","10:10:47",15.65,0.05,2000,1973400,"S"
"HHV","10:10:44",15.65,0.05,500,1971400,"S"
"HHV","10:10:43",15.65,0.05,2000,1970900,"S"
"HHV","10:10:37",15.65,0.05,200,1968900,"S"
"HHV","10:10:33",15.65,0.05,1000,1968700,"S"
"HHV","10:10:31",15.65,0.05,400,1967700,"S"
"HHV","10:10:28",15.65,0.05,200,1967300,"S"
"HHV","10:10:13",15.65,0.05,500,1967100,"S"
"HHV","10:10:01",15.65,0.05,200,1966600,"S"
"HHV","10:09:58",15.6,0,300,1966400,"B"
"HHV","10:09:47",15.6,0,1700,1966100,"B"
"HHV","10:09:46",15.6,0,2200,1964400,"B"
"HHV","10:09:45",15.6,0,500,1962200,"B"
"HHV","10:09:39",15.65,0.05,100,1961700,"S"
"HHV","10:09:29",15.65,0.05,1000,1961600,"S"
"HHV","10:09:25",15.65,0.05,4000,1960600,"B"
"HHV","10:09:24",15.65,0.05,5000,1956600,"B"
"HHV","10:09:22",15.65,0.05,50000,1951600,"B"
"HHV","10:09:21",15.65,0.05,100000,1901600,"B"
"HHV","10:09:20",15.65,0.05,500,1801600,"B"
"HHV","10:09:17",15.65,0.05,1000,1801100,"B"
"HHV","10:09:11",15.65,0.05,5000,1800100,"B"
"HHV","10:09:10",15.65,0.05,500,1795100,"B"
"HHV","10:09:02",15.65,0.05,800,1794600,"B"
"HHV","10:09:00",15.65,0.05,1500,1793800,"B"
"HHV","10:08:57",15.65,0.05,2000,1792300,"B"
"HHV","10:08:45",15.7,0.1,100,1790300,"S"
"HHV","10:08:23",15.7,0.1,1000,1790200,"S"
"HHV","10:08:17",15.7,0.1,200,1789200,"B"
"HHV","10:08:15",15.7,0.1,200,1789000,"B"
"HHV","10:08:14",15.7,0.1,100,1788800,"B"
"HHV","10:08:13",15.7,0.1,900,1788700,"B"
"HHV","10:08:13",15.7,0.1,1100,1787800,"B"
"HHV","10:08:09",15.7,0.1,10000,1786700,"B"
"HHV","10:08:08",15.7,0.1,50000,1776700,"B"
"HHV","10:08:07",15.7,0.1,1000,1726700,"B"
"HHV","10:08:06",15.7,0.1,3400,1725700,"B"
"HHV","10:08:05",15.7,0.1,13000,1722300,"B"
"HHV","10:08:02",15.7,0.1,500,1709300,"B"
"HHV","10:07:57",15.7,0.1,500,1708800,"B"
"HHV","10:07:54",15.7,0.1,500,1708300,"B"
"HHV","10:07:44",15.7,0.1,5000,1707800,"B"
"HHV","10:07:41",15.7,0.1,38000,1702800,"B"
"HHV","10:07:33",15.7,0.1,5000,1664800,"B"
"HHV","10:07:32",15.7,0.1,200000,1659800,"B"
"HHV","10:07:32",15.7,0.1,3000,1459800,"B"
"HHV","10:07:31",15.7,0.1,5000,1456800,"B"
"HHV","10:07:13",15.7,0.1,3000,1451800,"B"
"HHV","10:07:05",15.7,0.1,2500,1448800,"B"
"HHV","10:06:55",15.7,0.1,300,1446300,"B"
"HHV","10:06:52",15.7,0.1,5000,1446000,"B"
"HHV","10:06:40",15.7,0.1,3000,1441000,"B"
"HHV","10:06:33",15.75,0.15,1000,1438000,"S"
"HHV","10:06:04",15.7,0.1,400,1437000,"B"
"HHV","10:05:49",15.7,0.1,1500,1436600,"B"
"HHV","10:05:47",15.75,0.15,400,1435100,"S"
"HHV","10:05:40",15.7,0.1,20000,1434700,"B"
"HHV","10:05:36",15.7,0.1,3000,1414700,"B"
"HHV","10:05:08",15.7,0.1,2000,1411700,"B"
"HHV","10:05:06",15.75,0.15,200,1409700,"S"
"HHV","10:05:04",15.7,0.1,200,1409500,"B"
"HHV","10:04:52",15.7,0.1,1000,1409300,"B"
"HHV","10:04:49",15.75,0.15,3000,1408300,"S"
"HHV","10:04:35",15.75,0.15,5000,1405300,"S"
"HHV","10:04:18",15.75,0.15,1200,1400300,"S"
"HHV","10:03:56",15.7,0.1,200,1399100,"B"
"HHV","10:03:32",15.7,0.1,2000,1398900,"B"
"HHV","10:03:27",15.75,0.15,5000,1396900,"S"
"HHV","10:03:22",15.7,0.1,2000,1391900,"B"
"HHV","10:03:06",15.7,0.1,1000,1389900,"B"
"HHV","10:02:59",15.75,0.15,5000,1388900,"S"
"HHV","10:02:48",15.75,0.15,2000,1383900,"S"
"HHV","10:02:48",15.7,0.1,800,1381900,"B"
"HHV","10:02:46",15.75,0.15,2500,1381100,"S"
"HHV","10:02:33",15.75,0.15,5000,1378600,"S"
"HHV","10:02:23",15.75,0.15,100,1373600,"S"
"HHV","10:02:20",15.75,0.15,1000,1373500,"S"
"HHV","10:02:17",15.75,0.15,100,1372500,"S"
"HHV","10:02:06",15.75,0.15,1000,1372400,"S"
"HHV","10:02:02",15.75,0.15,600,1371400,"S"
"HHV","10:01:58",15.75,0.15,6000,1370800,"S"
"HHV","10:01:52",15.75,0.15,100,1364800,"S"
"HHV","10:01:34",15.75,0.15,2000,1364700,"S"
"HHV","10:01:32",15.75,0.15,100,1362700,"S"
"HHV","10:01:28",15.75,0.15,22000,1362600,"S"
"HHV","10:00:58",15.75,0.15,1000,1340600,"S"
"HHV","10:00:55",15.75,0.15,5500,1339600,"S"
"HHV","10:00:54",15.75,0.15,1000,1334100,"S"
"HHV","10:00:38",15.75,0.15,1000,1333100,"B"
"HHV","10:00:37",15.75,0.15,300,1332100,"B"
"HHV","10:00:35",15.75,0.15,1000,1331800,"B"
"HHV","10:00:32",15.75,0.15,10000,1330800,"B"
"HHV","10:00:31",15.75,0.15,500,1320800,"B"
"HHV","10:00:28",15.75,0.15,1000,1320300,"B"
"HHV","10:00:19",15.75,0.15,5000,1319300,"B"
"HHV","10:00:15",15.75,0.15,200,1314300,"B"
"HHV","10:00:10",15.75,0.15,3600,1314100,"B"
"HHV","10:00:07",15.75,0.15,3000,1310500,"B"
"HHV","10:00:06",15.75,0.15,4000,1307500,"B"
"HHV","10:00:03",15.75,0.15,5000,1303500,"B"
"HHV","10:00:01",15.75,0.15,500,1298500,"B"
"HHV","09:59:57",15.75,0.15,2000,1298000,"B"
"HHV","09:59:55",15.75,0.15,500,1296000,"B"
"HHV","09:59:54",15.75,0.15,2200,1295500,"B"
"HHV","09:59:53",15.75,0.15,7800,1293300,"B"
"HHV","09:59:52",15.75,0.15,500,1285500,"B"
"HHV","09:59:48",15.75,0.15,50000,1285000,"B"
"HHV","09:59:38",15.75,0.15,1100,1235000,"B"
"HHV","09:59:18",15.75,0.15,1000,1233900,"B"
"HHV","09:59:12",15.8,0.2,500,1232900,"S"
"HHV","09:59:04",15.8,0.2,5000,1232400,"S"
"HHV","09:58:52",15.8,0.2,400,1227400,"S"
"HHV","09:58:41",15.75,0.15,400,1227000,"B"
"HHV","09:58:34",15.75,0.15,2000,1226600,"B"
"HHV","09:58:29",15.75,0.15,5000,1224600,"B"
"HHV","09:58:23",15.75,0.15,2000,1219600,"B"
"HHV","09:58:16",15.75,0.15,1500,1217600,"B"
"HHV","09:57:54",15.75,0.15,2000,1216100,"B"
"HHV","09:57:49",15.75,0.15,1000,1214100,"B"
"HHV","09:57:45",15.75,0.15,100,1213100,"B"
"HHV","09:57:33",15.75,0.15,7900,1213000,"B"
"HHV","09:57:21",15.75,0.15,200,1205100,"B"
"HHV","09:57:05",15.75,0.15,5000,1204900,"B"
"HHV","09:57:04",15.75,0.15,4000,1199900,"B"
"HHV","09:56:52",15.75,0.15,1000,1195900,"B"
"HHV","09:56:44",15.75,0.15,100,1194900,"B"
"HHV","09:56:32",15.75,0.15,100,1194800,"B"
"HHV","09:56:21",15.75,0.15,5500,1194700,"B"
"HHV","09:56:20",15.75,0.15,4600,1189200,"B"
"HHV","09:56:19",15.75,0.15,1000,1184600,"B"
"HHV","09:56:16",15.8,0.2,200,1183600,"S"
"HHV","09:55:54",15.75,0.15,5000,1183400,"B"
"HHV","09:55:54",15.8,0.2,1000,1178400,"S"
"HHV","09:55:44",15.8,0.2,1000,1177400,"S"
"HHV","09:55:32",15.75,0.15,100,1176400,"B"
"HHV","09:55:16",15.75,0.15,5000,1176300,"B"
"HHV","09:54:56",15.8,0.2,2000,1171300,"S"
"HHV","09:54:43",15.75,0.15,500,1169300,"B"
"HHV","09:54:11",15.8,0.2,3500,1168800,"S"
"HHV","09:53:49",15.8,0.2,500,1165300,"S"
"HHV","09:53:36",15.8,0.2,400,1164800,"S"
"HHV","09:53:09",15.8,0.2,10000,1164400,"S"
"HHV","09:52:20",15.8,0.2,400,1154400,"S"
"HHV","09:52:15",15.8,0.2,2000,1154000,"S"
"HHV","09:52:06",15.75,0.15,200,1152000,"B"
"HHV","09:51:43",15.75,0.15,500,1151800,"B"
"HHV","09:51:37",15.75,0.15,5000,1151300,"B"
"HHV","09:51:34",15.75,0.15,1000,1146300,"B"
"HHV","09:51:32",15.75,0.15,21100,1145300,"B"
"HHV","09:51:31",15.75,0.15,8900,1124200,"B"
"HHV","09:51:28",15.75,0.15,1000,1115300,"B"
"HHV","09:51:24",15.75,0.15,500,1114300,"B"
"HHV","09:51:21",15.8,0.2,800,1113800,"S"
"HHV","09:51:08",15.75,0.15,300,1113000,"B"
"HHV","09:51:01",15.75,0.15,100,1112700,"B"
"HHV","09:50:49",15.75,0.15,1500,1112600,"B"
"HHV","09:50:32",15.75,0.15,2000,1111100,"B"
"HHV","09:50:31",15.75,0.15,5000,1109100,"B"
"HHV","09:50:22",15.75,0.15,15000,1104100,"B"
"HHV","09:50:08",15.75,0.15,1500,1089100,"B"
"HHV","09:50:05",15.8,0.2,1000,1087600,"S"
"HHV","09:49:52",15.75,0.15,500,1086600,"B"
"HHV","09:49:49",15.75,0.15,500,1086100,"B"
"HHV","09:49:35",15.8,0.2,200,1085600,"S"
"HHV","09:49:29",15.8,0.2,10000,1085400,"S"
"HHV","09:49:03",15.8,0.2,4000,1075400,"S"
"HHV","09:48:11",15.8,0.2,2000,1071400,"S"
"HHV","09:48:04",15.8,0.2,100,1069400,"S"
"HHV","09:48:03",15.8,0.2,2000,1069300,"S"
"HHV","09:47:55",15.8,0.2,11000,1067300,"S"
"HHV","09:47:54",15.75,0.15,100,1056300,"B"
"HHV","09:47:54",15.8,0.2,1300,1056200,"S"
"HHV","09:47:30",15.8,0.2,2000,1054900,"S"
"HHV","09:47:29",15.8,0.2,700,1052900,"S"
"HHV","09:47:28",15.8,0.2,2000,1052200,"S"
"HHV","09:47:15",15.8,0.2,100,1050200,"S"
"HHV","09:47:14",15.8,0.2,5000,1050100,"S"
"HHV","09:47:10",15.8,0.2,5300,1045100,"S"
"HHV","09:46:57",15.8,0.2,100,1039800,"S"
"HHV","09:46:57",15.8,0.2,100,1039700,"S"
"HHV","09:46:54",15.8,0.2,10000,1039600,"S"
"HHV","09:46:49",15.8,0.2,1000,1029600,"S"
"HHV","09:46:48",15.75,0.15,1000,1028600,"B"
"HHV","09:46:44",15.8,0.2,2000,1027600,"S"
"HHV","09:46:42",15.8,0.2,3000,1025600,"S"
"HHV","09:46:42",15.8,0.2,5000,1022600,"S"
"HHV","09:46:24",15.8,0.2,300,1017600,"S"
"HHV","09:46:17",15.8,0.2,2000,1017300,"S"
"HHV","09:45:35",15.8,0.2,2600,1015300,"S"
"HHV","09:45:20",15.8,0.2,2200,1012700,"S"
"HHV","09:45:19",15.8,0.2,2600,1010500,"S"
"HHV","09:45:14",15.8,0.2,100,1007900,"S"
"HHV","09:45:10",15.8,0.2,2000,1007800,"S"
"HHV","09:45:05",15.8,0.2,1500,1005800,"S"
"HHV","09:45:03",15.8,0.2,1000,1004300,"S"
"HHV","09:44:51",15.8,0.2,400,1003300,"S"
"HHV","09:44:46",15.8,0.2,1000,1002900,"S"
"HHV","09:44:44",15.8,0.2,1000,1001900,"S"
"HHV","09:44:44",15.8,0.2,100,1000900,"S"
"HHV","09:44:41",15.8,0.2,1000,1000800,"S"
"HHV","09:44:37",15.8,0.2,5000,999800,"S"
"HHV","09:44:36",15.8,0.2,4600,994800,"S"
"HHV","09:44:30",15.8,0.2,10000,990200,"S"
"HHV","09:44:23",15.8,0.2,1300,980200,"S"
"HHV","09:44:22",15.8,0.2,76900,978900,"S"
"HHV","09:44:21",15.8,0.2,1500,902000,"S"
"HHV","09:43:50",15.8,0.2,500,900500,"S"
"HHV","09:43:22",15.75,0.15,100,900000,"B"
"HHV","09:43:11",15.8,0.2,3000,899900,"S"
"HHV","09:43:08",15.8,0.2,2000,896900,"S"
"HHV","09:43:07",15.8,0.2,200,894900,"S"
"HHV","09:42:58",15.8,0.2,200,894700,"S"
"HHV","09:42:44",15.8,0.2,500,894500,"S"
"HHV","09:42:37",15.8,0.2,100,894000,"S"
"HHV","09:42:33",15.8,0.2,2400,893900,"S"
"HHV","09:42:28",15.8,0.2,50000,891500,"S"
"HHV","09:42:20",15.8,0.2,500,841500,"S"
"HHV","09:42:18",15.8,0.2,1000,841000,"S"
"HHV","09:42:01",15.8,0.2,5000,840000,"S"
"HHV","09:41:38",15.8,0.2,1200,835000,"S"
"HHV","09:41:05",15.8,0.2,200,833800,"S"
"HHV","09:41:04",15.75,0.15,20000,833600,"B"
"HHV","09:40:43",15.75,0.15,500,813600,"B"
"HHV","09:40:31",15.75,0.15,100,813100,"B"
"HHV","09:40:22",15.75,0.15,5000,813000,"B"
"HHV","09:40:07",15.75,0.15,1000,808000,"B"
"HHV","09:39:39",15.75,0.15,1000,807000,"B"
"HHV","09:39:36",15.75,0.15,12000,806000,"B"
"HHV","09:39:19",15.75,0.15,1000,794000,"B"
"HHV","09:39:19",15.75,0.15,5000,793000,"B"
"HHV","09:39:07",15.75,0.15,15300,788000,"S"
"HHV","09:38:17",15.75,0.15,500,772700,"S"
"HHV","09:38:16",15.75,0.15,700,772200,"S"
"HHV","09:38:10",15.75,0.15,300,771500,"S"
"HHV","09:38:05",15.75,0.15,500,771200,"S"
"HHV","09:37:59",15.75,0.15,20300,770700,"B"
"HHV","09:37:56",15.75,0.15,1500,750400,"B"
"HHV","09:37:41",15.75,0.15,200,748900,"B"
"HHV","09:37:39",15.75,0.15,1000,748700,"B"
"HHV","09:37:39",15.8,0.2,1000,747700,"S"
"HHV","09:37:26",15.75,0.15,100,746700,"B"
"HHV","09:37:17",15.75,0.15,2000,746600,"B"
"HHV","09:37:11",15.75,0.15,1000,744600,"B"
"HHV","09:37:08",15.75,0.15,3800,743600,"B"
"HHV","09:36:56",15.75,0.15,1000,739800,"B"
"HHV","09:36:50",15.75,0.15,5200,738800,"B"
"HHV","09:36:49",15.75,0.15,900,733600,"B"
"HHV","09:36:37",15.75,0.15,500,732700,"B"
"HHV","09:36:25",15.75,0.15,21700,732200,"S"
"HHV","09:36:16",15.75,0.15,2000,710500,"S"
"HHV","09:36:14",15.75,0.15,1700,708500,"S"
"HHV","09:36:00",15.7,0.1,100,706800,"B"
"HHV","09:35:48",15.75,0.15,500,706700,"S"
"HHV","09:35:40",15.75,0.15,5000,706200,"S"
"HHV","09:35:29",15.75,0.15,3600,701200,"B"
"HHV","09:35:10",15.75,0.15,500,697600,"B"
"HHV","09:35:07",15.75,0.15,1000,697100,"B"
"HHV","09:34:59",15.75,0.15,100,696100,"B"
"HHV","09:34:49",15.75,0.15,1900,696000,"B"
"HHV","09:34:45",15.75,0.15,100,694100,"B"
"HHV","09:34:43",15.75,0.15,1000,694000,"B"
"HHV","09:34:40",15.75,0.15,300,693000,"B"
"HHV","09:34:28",15.75,0.15,3000,692700,"B"
"HHV","09:34:21",15.75,0.15,20000,689700,"B"
"HHV","09:34:08",15.75,0.15,500,669700,"B"
"HHV","09:33:54",15.75,0.15,4900,669200,"S"
"HHV","09:33:50",15.75,0.15,2000,664300,"S"
"HHV","09:33:49",15.75,0.15,1000,662300,"S"
"HHV","09:33:42",15.75,0.15,5000,661300,"S"
"HHV","09:33:39",15.75,0.15,10000,656300,"S"
"HHV","09:33:24",15.75,0.15,100,646300,"S"
"HHV","09:33:14",15.75,0.15,82500,646200,"B"
"HHV","09:33:11",15.75,0.15,1000,563700,"B"
"HHV","09:33:08",15.8,0.2,2000,562700,"S"
"HHV","09:32:45",15.75,0.15,4500,560700,"B"
"HHV","09:32:31",15.75,0.15,2000,556200,"B"
"HHV","09:32:25",15.8,0.2,100,554200,"S"
"HHV","09:32:19",15.75,0.15,100,554100,"B"
"HHV","09:32:10",15.75,0.15,2000,554000,"B"
"HHV","09:31:54",15.75,0.15,500,552000,"B"
"HHV","09:31:53",15.8,0.2,1000,551500,"S"
"HHV","09:31:53",15.75,0.15,600,550500,"B"
"HHV","09:31:50",15.75,0.15,200,549900,"B"
"HHV","09:31:41",15.75,0.15,600,549700,"B"
"HHV","09:31:22",15.75,0.15,200,549100,"S"
"HHV","09:31:21",15.75,0.15,50000,548900,"S"
"HHV","09:31:14",15.75,0.15,2000,498900,"S"
"HHV","09:31:07",15.75,0.15,10000,496900,"S"
"HHV","09:30:53",15.75,0.15,600,486900,"S"
"HHV","09:30:30",15.75,0.15,100,486300,"S"
"HHV","09:30:24",15.7,0.1,2000,486200,"B"
"HHV","09:30:15",15.75,0.15,100,484200,"S"
"HHV","09:29:46",15.7,0.1,2000,484100,"B"
"HHV","09:29:37",15.75,0.15,500,482100,"S"
"HHV","09:29:32",15.7,0.1,4800,481600,"B"
"HHV","09:29:03",15.75,0.15,1100,476800,"S"
"HHV","09:28:57",15.75,0.15,200,475700,"S"
"HHV","09:28:50",15.75,0.15,100,475500,"S"
"HHV","09:28:30",15.75,0.15,300,475400,"S"
"HHV","09:28:23",15.75,0.15,100,475100,"S"
"HHV","09:28:19",15.75,0.15,100,475000,"S"
"HHV","09:28:14",15.75,0.15,300,474900,"S"
"HHV","09:28:12",15.75,0.15,5200,474600,"S"
"HHV","09:28:07",15.75,0.15,500,469400,"S"
"HHV","09:28:04",15.75,0.15,5000,468900,"S"
"HHV","09:27:58",15.75,0.15,15000,463900,"S"
"HHV","09:27:54",15.75,0.15,2400,448900,"S"
"HHV","09:27:50",15.75,0.15,1000,446500,"S"
"HHV","09:27:46",15.75,0.15,5000,445500,"S"
"HHV","09:27:41",15.7,0.1,500,440500,"B"
"HHV","09:27:35",15.7,0.1,2500,440000,"B"
"HHV","09:27:23",15.7,0.1,400,437500,"B"
"HHV","09:27:20",15.75,0.15,5000,437100,"S"
"HHV","09:27:13",15.75,0.15,1000,432100,"S"
"HHV","09:27:10",15.75,0.15,35000,431100,"S"
"HHV","09:27:09",15.75,0.15,100,396100,"S"
"HHV","09:27:06",15.75,0.15,1000,396000,"S"
"HHV","09:27:02",15.75,0.15,100,395000,"S"
"HHV","09:26:31",15.75,0.15,100,394900,"S"
"HHV","09:26:27",15.75,0.15,300,394800,"S"
"HHV","09:26:05",15.75,0.15,500,394500,"S"
"HHV","09:26:03",15.75,0.15,1000,394000,"S"
"HHV","09:25:55",15.75,0.15,5000,393000,"S"
"HHV","09:25:53",15.75,0.15,500,388000,"S"
"HHV","09:25:49",15.75,0.15,500,387500,"S"
"HHV","09:25:45",15.75,0.15,5000,387000,"S"
"HHV","09:25:41",15.75,0.15,500,382000,"S"
"HHV","09:25:27",15.75,0.15,500,381500,"S"
"HHV","09:25:10",15.7,0.1,100,381000,"B"
"HHV","09:25:02",15.75,0.15,500,380900,"S"
"HHV","09:24:56",15.75,0.15,5000,380400,"S"
"HHV","09:24:40",15.75,0.15,400,375400,"S"
"HHV","09:24:23",15.75,0.15,500,375000,"S"
"HHV","09:24:17",15.7,0.1,2000,374500,"B"
"HHV","09:24:12",15.75,0.15,500,372500,"S"
"HHV","09:23:58",15.75,0.15,100,372000,"S"
"HHV","09:23:57",15.7,0.1,1000,371900,"B"
"HHV","09:23:52",15.75,0.15,100,370900,"S"
"HHV","09:23:26",15.75,0.15,200,370800,"S"
"HHV","09:23:26",15.75,0.15,3500,370600,"S"
"HHV","09:23:04",15.75,0.15,1300,367100,"S"
"HHV","09:22:49",15.75,0.15,200,365800,"S"
"HHV","09:22:47",15.75,0.15,100,365600,"S"
"HHV","09:22:45",15.75,0.15,100,365500,"S"
"HHV","09:22:42",15.75,0.15,100,365400,"S"
"HHV","09:22:31",15.75,0.15,1800,365300,"S"
"HHV","09:22:22",15.75,0.15,100,363500,"S"
"HHV","09:22:17",15.75,0.15,600,363400,"S"
"HHV","09:22:11",15.75,0.15,100,362800,"B"
"HHV","09:22:05",15.75,0.15,1000,362700,"B"
"HHV","09:21:57",15.75,0.15,500,361700,"B"
"HHV","09:21:55",15.75,0.15,1000,361200,"B"
"HHV","09:21:52",15.75,0.15,1000,360200,"B"
"HHV","09:21:51",15.75,0.15,8000,359200,"B"
"HHV","09:21:46",15.8,0.2,1000,351200,"S"
"HHV","09:21:45",15.75,0.15,12500,350200,"B"
"HHV","09:21:43",15.75,0.15,100,337700,"B"
"HHV","09:21:42",15.75,0.15,1000,337600,"B"
"HHV","09:21:40",15.75,0.15,500,336600,"B"
"HHV","09:21:39",15.75,0.15,200,336100,"B"
"HHV","09:21:39",15.75,0.15,1000,335900,"B"
"HHV","09:21:37",15.75,0.15,1000,334900,"B"
"HHV","09:21:31",15.75,0.15,1000,333900,"B"
"HHV","09:21:31",15.8,0.2,100,332900,"S"
"HHV","09:21:23",15.75,0.15,2000,332800,"B"
"HHV","09:21:11",15.75,0.15,6300,330800,"B"
"HHV","09:21:08",15.75,0.15,700,324500,"B"
"HHV","09:21:04",15.75,0.15,1000,323800,"B"
"HHV","09:21:03",15.75,0.15,1200,322800,"B"
"HHV","09:21:00",15.75,0.15,700,321600,"B"
"HHV","09:20:54",15.75,0.15,100,320900,"B"
"HHV","09:20:51",15.75,0.15,1000,320800,"B"
"HHV","09:20:46",15.75,0.15,300,319800,"B"
"HHV","09:20:38",15.75,0.15,5000,319500,"B"
"HHV","09:20:31",15.75,0.15,4200,314500,"B"
"HHV","09:20:31",15.75,0.15,900,310300,"B"
"HHV","09:20:27",15.75,0.15,3400,309400,"B"
"HHV","09:20:22",15.75,0.15,6500,306000,"B"
"HHV","09:20:18",15.75,0.15,1000,299500,"B"
"HHV","09:20:08",15.75,0.15,2000,298500,"B"
"HHV","09:20:06",15.8,0.2,400,296500,"S"
"HHV","09:20:05",15.75,0.15,2000,296100,"B"
"HHV","09:20:01",15.75,0.15,100,294100,"B"
"HHV","09:20:00",15.75,0.15,5000,294000,"B"
"HHV","09:19:43",15.8,0.2,500,289000,"S"
"HHV","09:19:23",15.8,0.2,200,288500,"S"
"HHV","09:19:18",15.8,0.2,5000,288300,"S"
"HHV","09:19:16",15.8,0.2,5100,283300,"S"
"HHV","09:19:12",15.8,0.2,100,278200,"S"
"HHV","09:19:11",15.8,0.2,4600,278100,"S"
"HHV","09:19:08",15.8,0.2,2000,273500,"S"
"HHV","09:19:07",15.8,0.2,100,271500,"S"
"HHV","09:18:59",15.8,0.2,1000,271400,"S"
"HHV","09:18:56",15.8,0.2,1400,270400,"S"
"HHV","09:18:54",15.8,0.2,400,269000,"S"
"HHV","09:18:53",15.8,0.2,3000,268600,"S"
"HHV","09:18:50",15.8,0.2,1000,265600,"S"
"HHV","09:18:48",15.8,0.2,3000,264600,"S"
"HHV","09:18:44",15.8,0.2,500,261600,"S"
"HHV","09:18:40",15.8,0.2,500,261100,"S"
"HHV","09:18:39",15.8,0.2,1000,260600,"S"
"HHV","09:18:36",15.8,0.2,2000,259600,"S"
"HHV","09:18:33",15.8,0.2,200,257600,"S"
"HHV","09:18:26",15.8,0.2,3000,257400,"S"
"HHV","09:18:23",15.8,0.2,1000,254400,"S"
"HHV","09:18:19",15.8,0.2,300,253400,"S"
"HHV","09:18:17",15.8,0.2,600,253100,"S"
"HHV","09:18:12",15.8,0.2,2800,252500,"S"
"HHV","09:18:09",15.8,0.2,8000,249700,"S"
"HHV","09:18:07",15.8,0.2,5000,241700,"S"
"HHV","09:18:06",15.8,0.2,300,236700,"S"
"HHV","09:18:03",15.8,0.2,100,236400,"S"
"HHV","09:18:02",15.8,0.2,1100,236300,"S"
"HHV","09:18:00",15.8,0.2,100,235200,"S"
"HHV","09:17:56",15.8,0.2,600,235100,"S"
"HHV","09:17:56",15.8,0.2,2000,234500,"S"
"HHV","09:17:52",15.8,0.2,15500,232500,"B"
"HHV","09:17:49",15.85,0.25,2000,217000,"S"
"HHV","09:17:40",15.8,0.2,2000,215000,"B"
"HHV","09:17:37",15.8,0.2,1000,213000,"B"
"HHV","09:17:31",15.8,0.2,16400,212000,"B"
"HHV","09:17:10",15.8,0.2,200,195600,"B"
"HHV","09:17:07",15.8,0.2,2200,195400,"S"
"HHV","09:17:05",15.8,0.2,300,193200,"S"
"HHV","09:17:02",15.8,0.2,25000,192900,"S"
"HHV","09:17:00",15.8,0.2,100,167900,"S"
"HHV","09:16:56",15.8,0.2,1000,167800,"S"
"HHV","09:16:53",15.8,0.2,1000,166800,"S"
"HHV","09:16:52",15.8,0.2,100,165800,"S"
"HHV","09:16:50",15.75,0.15,5000,165700,"B"
"HHV","09:16:48",15.8,0.2,34800,160700,"S"
"HHV","09:16:47",15.8,0.2,200,125900,"S"
"HHV","09:16:30",15.8,0.2,20000,125700,"S"
"HHV","09:16:27",15.75,0.15,3000,105700,"B"
"HHV","09:16:25",15.75,0.15,3000,102700,"B"
"HHV","09:16:25",15.75,0.15,500,99700,"B"
"HHV","09:16:15",15.8,0.2,300,99200,"S"
"HHV","09:15:57",15.75,0.15,400,98900,"B"
"HHV","09:15:53",15.8,0.2,12400,98500,"S"
"HHV","09:15:48",15.8,0.2,1400,86100,"S"
"HHV","09:15:47",15.75,0.15,100,84700,"B"
"HHV","09:15:44",15.8,0.2,4000,84600,"S"
"HHV","09:15:35",15.8,0.2,500,80600,"S"
"HHV","09:15:32",15.8,0.2,2400,80100,"S"
"HHV","09:15:14",15.8,0.2,2800,77700,"S"
"HHV","09:15:12",15.75,0.15,100,74900,"B"
"HHV","09:15:01",15.8,0.2,74800,74800,
