"symbol","time","price","change","vol","total","side"
"IDI","14:45:04",11.3,-0.05,469700,4817000,
"IDI","14:29:51",11.45,0.1,100,4347300,"S"
"IDI","14:29:32",11.4,0.05,800,4347200,"B"
"IDI","14:29:31",11.4,0.05,6000,4346400,"B"
"IDI","14:29:29",11.45,0.1,2100,4340400,"B"
"IDI","14:29:27",11.5,0.15,900,4338300,"S"
"IDI","14:29:21",11.45,0.1,1000,4337400,"B"
"IDI","14:29:19",11.45,0.1,4500,4336400,"B"
"IDI","14:29:16",11.45,0.1,200,4331900,"B"
"IDI","14:29:08",11.45,0.1,5000,4331700,"B"
"IDI","14:29:06",11.5,0.15,1000,4326700,"S"
"IDI","14:29:03",11.45,0.1,500,4325700,"B"
"IDI","14:29:03",11.5,0.15,1500,4325200,"S"
"IDI","14:29:02",11.45,0.1,10000,4323700,"B"
"IDI","14:28:57",11.45,0.1,2000,4313700,"B"
"IDI","14:28:56",11.45,0.1,200,4311700,"B"
"IDI","14:28:56",11.45,0.1,100,4311500,"B"
"IDI","14:28:53",11.45,0.1,200,4311400,"B"
"IDI","14:28:52",11.45,0.1,5000,4311200,"B"
"IDI","14:28:51",11.45,0.1,1000,4306200,"B"
"IDI","14:28:45",11.45,0.1,300,4305200,"B"
"IDI","14:28:45",11.45,0.1,500,4304900,"B"
"IDI","14:28:37",11.45,0.1,1100,4304400,"B"
"IDI","14:28:30",11.45,0.1,15000,4303300,"B"
"IDI","14:28:29",11.5,0.15,5400,4288300,"S"
"IDI","14:28:26",11.5,0.15,1000,4282900,"S"
"IDI","14:28:23",11.5,0.15,100,4281900,"S"
"IDI","14:28:20",11.45,0.1,500,4281800,"B"
"IDI","14:28:20",11.5,0.15,1000,4281300,"S"
"IDI","14:28:17",11.45,0.1,5000,4280300,"B"
"IDI","14:28:16",11.5,0.15,700,4275300,"S"
"IDI","14:28:12",11.45,0.1,1000,4274600,"B"
"IDI","14:28:09",11.45,0.1,100,4273600,"B"
"IDI","14:28:08",11.45,0.1,500,4273500,"B"
"IDI","14:28:05",11.45,0.1,500,4273000,"B"
"IDI","14:28:03",11.5,0.15,100,4272500,"S"
"IDI","14:28:02",11.5,0.15,1000,4272400,"S"
"IDI","14:27:58",11.45,0.1,200,4271400,"B"
"IDI","14:27:58",11.5,0.15,100,4271200,"S"
"IDI","14:27:32",11.5,0.15,1700,4271100,"B"
"IDI","14:27:29",11.5,0.15,8000,4269400,"B"
"IDI","14:27:25",11.5,0.15,10000,4261400,"B"
"IDI","14:27:23",11.5,0.15,10000,4251400,"B"
"IDI","14:27:15",11.5,0.15,300,4241400,"B"
"IDI","14:27:12",11.5,0.15,5000,4241100,"B"
"IDI","14:27:12",11.5,0.15,27400,4236100,"B"
"IDI","14:27:10",11.5,0.15,400,4208700,"B"
"IDI","14:27:09",11.5,0.15,10000,4208300,"B"
"IDI","14:27:06",11.5,0.15,1100,4198300,"B"
"IDI","14:26:57",11.5,0.15,1000,4197200,"B"
"IDI","14:26:44",11.5,0.15,500,4196200,"B"
"IDI","14:26:34",11.5,0.15,4000,4195700,"B"
"IDI","14:26:25",11.5,0.15,2000,4191700,"B"
"IDI","14:26:20",11.5,0.15,5000,4189700,"B"
"IDI","14:26:19",11.5,0.15,2200,4184700,"B"
"IDI","14:26:10",11.5,0.15,5000,4182500,"B"
"IDI","14:26:04",11.5,0.15,7000,4177500,"B"
"IDI","14:25:20",11.55,0.2,8300,4170500,"B"
"IDI","14:25:16",11.55,0.2,1800,4162200,"B"
"IDI","14:25:13",11.55,0.2,2500,4160400,"B"
"IDI","14:25:13",11.55,0.2,1800,4157900,"B"
"IDI","14:25:09",11.55,0.2,20000,4156100,"B"
"IDI","14:25:07",11.55,0.2,5000,4136100,"B"
"IDI","14:25:04",11.55,0.2,700,4131100,"B"
"IDI","14:25:01",11.55,0.2,12500,4130400,"B"
"IDI","14:24:45",11.6,0.25,500,4117900,"S"
"IDI","14:24:41",11.55,0.2,2000,4117400,"B"
"IDI","14:24:35",11.55,0.2,1100,4115400,"B"
"IDI","14:24:26",11.55,0.2,4000,4114300,"B"
"IDI","14:24:14",11.6,0.25,100,4110300,"S"
"IDI","14:24:10",11.6,0.25,100,4110200,"S"
"IDI","14:23:57",11.6,0.25,1400,4110100,"B"
"IDI","14:23:46",11.6,0.25,3100,4108700,"B"
"IDI","14:23:45",11.6,0.25,500,4105600,"S"
"IDI","14:23:42",11.6,0.25,500,4105100,"B"
"IDI","14:23:26",11.6,0.25,3500,4104600,"B"
"IDI","14:23:26",11.6,0.25,14200,4101100,"B"
"IDI","14:23:24",11.6,0.25,12000,4086900,"B"
"IDI","14:23:18",11.6,0.25,500,4074900,"B"
"IDI","14:22:50",11.6,0.25,5000,4074400,"B"
"IDI","14:22:47",11.6,0.25,12000,4069400,"B"
"IDI","14:22:46",11.6,0.25,2000,4057400,"B"
"IDI","14:21:31",11.6,0.25,20000,4055400,"B"
"IDI","14:21:13",11.65,0.3,500,4035400,"S"
"IDI","14:21:11",11.65,0.3,2000,4034900,"S"
"IDI","14:21:08",11.6,0.25,1000,4032900,"B"
"IDI","14:21:04",11.65,0.3,2000,4031900,"S"
"IDI","14:20:21",11.65,0.3,3000,4029900,"S"
"IDI","14:19:20",11.65,0.3,100,4026900,"S"
"IDI","14:18:32",11.6,0.25,12300,4026800,"S"
"IDI","14:18:30",11.6,0.25,100,4014500,"S"
"IDI","14:18:26",11.6,0.25,22000,4014400,"S"
"IDI","14:18:21",11.6,0.25,1300,3992400,"S"
"IDI","14:18:16",11.6,0.25,19000,3991100,"S"
"IDI","14:18:09",11.6,0.25,5000,3972100,"S"
"IDI","14:18:08",11.6,0.25,500,3967100,"S"
"IDI","14:17:59",11.6,0.25,400,3966600,"S"
"IDI","14:17:56",11.6,0.25,5500,3966200,"S"
"IDI","14:17:51",11.6,0.25,200,3960700,"S"
"IDI","14:17:48",11.6,0.25,3000,3960500,"S"
"IDI","14:17:29",11.6,0.25,100,3957500,"S"
"IDI","14:17:23",11.6,0.25,200,3957400,"S"
"IDI","14:17:03",11.6,0.25,300,3957200,"S"
"IDI","14:16:51",11.6,0.25,1000,3956900,"S"
"IDI","14:16:35",11.55,0.2,100,3955900,"B"
"IDI","14:16:08",11.55,0.2,10000,3955800,"B"
"IDI","14:16:01",11.55,0.2,100,3945800,"B"
"IDI","14:15:34",11.55,0.2,200,3945700,"B"
"IDI","14:15:30",11.55,0.2,100,3945500,"B"
"IDI","14:15:25",11.55,0.2,100,3945400,"B"
"IDI","14:15:20",11.55,0.2,100,3945300,"B"
"IDI","14:15:16",11.55,0.2,4500,3945200,"B"
"IDI","14:15:11",11.55,0.2,100,3940700,"B"
"IDI","14:14:43",11.55,0.2,5000,3940600,"B"
"IDI","14:14:43",11.6,0.25,1100,3935600,"S"
"IDI","14:14:16",11.6,0.25,19000,3934500,"B"
"IDI","14:14:15",11.6,0.25,3100,3915500,"B"
"IDI","14:14:14",11.6,0.25,12900,3912400,"B"
"IDI","14:14:11",11.6,0.25,27700,3899500,"B"
"IDI","14:14:09",11.6,0.25,500,3871800,"B"
"IDI","14:14:05",11.6,0.25,100000,3871300,"B"
"IDI","14:13:48",11.6,0.25,200,3771300,"B"
"IDI","14:13:43",11.6,0.25,1500,3771100,"B"
"IDI","14:13:41",11.6,0.25,2900,3769600,"B"
"IDI","14:13:38",11.65,0.3,100,3766700,"S"
"IDI","14:13:16",11.65,0.3,2000,3766600,"S"
"IDI","14:13:14",11.65,0.3,300,3764600,"S"
"IDI","14:13:08",11.6,0.25,400,3764300,"B"
"IDI","14:13:05",11.6,0.25,200,3763900,"B"
"IDI","14:13:02",11.6,0.25,67400,3763700,"B"
"IDI","14:12:50",11.65,0.3,1100,3696300,"B"
"IDI","14:12:50",11.65,0.3,3800,3695200,"B"
"IDI","14:12:49",11.65,0.3,400,3691400,"B"
"IDI","14:12:44",11.7,0.35,800,3691000,"S"
"IDI","14:12:44",11.65,0.3,21100,3690200,"B"
"IDI","14:12:42",11.65,0.3,10600,3669100,"B"
"IDI","14:12:41",11.65,0.3,1100,3658500,"B"
"IDI","14:12:39",11.65,0.3,8900,3657400,"B"
"IDI","14:12:37",11.65,0.3,10000,3648500,"B"
"IDI","14:12:35",11.65,0.3,10000,3638500,"B"
"IDI","14:12:31",11.65,0.3,500,3628500,"B"
"IDI","14:12:29",11.65,0.3,20000,3628000,"B"
"IDI","14:12:24",11.65,0.3,20000,3608000,"B"
"IDI","14:12:22",11.65,0.3,100,3588000,"B"
"IDI","14:12:17",11.65,0.3,2000,3587900,"B"
"IDI","14:11:49",11.65,0.3,20000,3585900,"B"
"IDI","14:10:27",11.65,0.3,100,3565900,"B"
"IDI","14:10:26",11.65,0.3,9900,3565800,"B"
"IDI","14:10:06",11.65,0.3,1000,3555900,"B"
"IDI","14:09:22",11.7,0.35,400,3554900,"S"
"IDI","14:08:21",11.7,0.35,1500,3554500,"S"
"IDI","14:08:00",11.65,0.3,500,3553000,"B"
"IDI","14:07:49",11.7,0.35,10000,3552500,"S"
"IDI","14:07:35",11.7,0.35,10000,3542500,"S"
"IDI","14:07:26",11.65,0.3,5000,3532500,"B"
"IDI","14:07:16",11.7,0.35,2000,3527500,"S"
"IDI","14:07:12",11.7,0.35,3000,3525500,"S"
"IDI","14:06:59",11.7,0.35,1000,3522500,"S"
"IDI","14:06:24",11.65,0.3,15000,3521500,"B"
"IDI","14:05:50",11.65,0.3,1000,3506500,"B"
"IDI","14:05:00",11.65,0.3,3000,3505500,"B"
"IDI","14:04:30",11.65,0.3,500,3502500,"B"
"IDI","14:04:01",11.65,0.3,400,3502000,"B"
"IDI","14:03:26",11.65,0.3,2000,3501600,"B"
"IDI","14:03:12",11.7,0.35,1400,3499600,"S"
"IDI","14:03:05",11.65,0.3,700,3498200,"B"
"IDI","14:02:43",11.65,0.3,500,3497500,"B"
"IDI","14:01:41",11.7,0.35,100,3497000,"S"
"IDI","14:01:14",11.7,0.35,1500,3496900,"S"
"IDI","14:00:29",11.7,0.35,6400,3495400,"S"
"IDI","14:00:29",11.7,0.35,13600,3489000,"S"
"IDI","13:58:54",11.7,0.35,3000,3475400,"B"
"IDI","13:58:46",11.7,0.35,100,3472400,"B"
"IDI","13:58:45",11.7,0.35,100,3472300,"B"
"IDI","13:58:44",11.7,0.35,10500,3472200,"B"
"IDI","13:58:43",11.7,0.35,1200,3461700,"B"
"IDI","13:58:38",11.7,0.35,500,3460500,"B"
"IDI","13:58:35",11.7,0.35,2000,3460000,"B"
"IDI","13:58:33",11.7,0.35,10000,3458000,"B"
"IDI","13:58:28",11.7,0.35,2000,3448000,"B"
"IDI","13:58:22",11.7,0.35,10000,3446000,"B"
"IDI","13:58:13",11.7,0.35,500,3436000,"B"
"IDI","13:58:08",11.7,0.35,1400,3435500,"B"
"IDI","13:57:52",11.7,0.35,100,3434100,"B"
"IDI","13:57:47",11.7,0.35,200,3434000,"B"
"IDI","13:57:46",11.7,0.35,300,3433800,"B"
"IDI","13:57:38",11.7,0.35,100,3433500,"B"
"IDI","13:57:30",11.7,0.35,10200,3433400,"B"
"IDI","13:57:28",11.7,0.35,200,3423200,"B"
"IDI","13:57:26",11.75,0.4,3000,3423000,"S"
"IDI","13:57:17",11.7,0.35,2000,3420000,"B"
"IDI","13:57:16",11.7,0.35,2200,3418000,"B"
"IDI","13:56:57",11.7,0.35,100,3415800,"B"
"IDI","13:56:56",11.7,0.35,1300,3415700,"B"
"IDI","13:56:39",11.7,0.35,10000,3414400,"B"
"IDI","13:56:24",11.7,0.35,100,3404400,"B"
"IDI","13:56:13",11.7,0.35,21000,3404300,"B"
"IDI","13:55:55",11.7,0.35,200,3383300,"B"
"IDI","13:55:32",11.7,0.35,70000,3383100,"B"
"IDI","13:54:58",11.7,0.35,2000,3313100,"B"
"IDI","13:53:37",11.7,0.35,1000,3311100,"B"
"IDI","13:53:27",11.7,0.35,200,3310100,"B"
"IDI","13:53:23",11.7,0.35,15000,3309900,"B"
"IDI","13:53:19",11.7,0.35,100,3294900,"B"
"IDI","13:53:17",11.7,0.35,82100,3294800,"S"
"IDI","13:53:03",11.7,0.35,200,3212700,"S"
"IDI","13:52:45",11.7,0.35,600,3212500,"S"
"IDI","13:52:43",11.65,0.3,8000,3211900,"B"
"IDI","13:52:41",11.7,0.35,500,3203900,"S"
"IDI","13:52:36",11.7,0.35,3000,3203400,"S"
"IDI","13:51:51",11.7,0.35,500,3200400,"S"
"IDI","13:50:48",11.7,0.35,1000,3199900,"S"
"IDI","13:50:33",11.7,0.35,1000,3198900,"S"
"IDI","13:50:15",11.7,0.35,100,3197900,"S"
"IDI","13:49:55",11.7,0.35,2000,3197800,"S"
"IDI","13:49:39",11.7,0.35,25900,3195800,"S"
"IDI","13:49:28",11.65,0.3,3000,3169900,"B"
"IDI","13:48:50",11.65,0.3,800,3166900,"B"
"IDI","13:48:45",11.65,0.3,5000,3166100,"B"
"IDI","13:46:43",11.65,0.3,1000,3161100,"B"
"IDI","13:46:18",11.65,0.3,1000,3160100,"B"
"IDI","13:45:59",11.7,0.35,100,3159100,"S"
"IDI","13:45:43",11.7,0.35,5900,3159000,"S"
"IDI","13:44:23",11.7,0.35,100,3153100,"S"
"IDI","13:43:40",11.7,0.35,100,3153000,"S"
"IDI","13:42:48",11.7,0.35,1000,3152900,"S"
"IDI","13:42:12",11.7,0.35,100,3151900,"S"
"IDI","13:41:43",11.7,0.35,4000,3151800,"S"
"IDI","13:41:34",11.65,0.3,100,3147800,"B"
"IDI","13:40:36",11.7,0.35,100,3147700,"S"
"IDI","13:38:55",11.7,0.35,100,3147600,"S"
"IDI","13:37:57",11.7,0.35,100,3147500,"S"
"IDI","13:37:21",11.7,0.35,1000,3147400,"S"
"IDI","13:36:52",11.7,0.35,4000,3146400,"S"
"IDI","13:36:04",11.7,0.35,4000,3142400,"S"
"IDI","13:35:49",11.65,0.3,2000,3138400,"B"
"IDI","13:35:10",11.7,0.35,1000,3136400,"S"
"IDI","13:34:55",11.7,0.35,300,3135400,"B"
"IDI","13:34:07",11.7,0.35,4700,3135100,"B"
"IDI","13:34:04",11.7,0.35,2000,3130400,"B"
"IDI","13:33:32",11.7,0.35,7000,3128400,"B"
"IDI","13:33:25",11.7,0.35,100,3121400,"B"
"IDI","13:32:54",11.7,0.35,5000,3121300,"B"
"IDI","13:31:32",11.75,0.4,1000,3116300,"S"
"IDI","13:31:16",11.7,0.35,100,3115300,"B"
"IDI","13:31:02",11.7,0.35,4500,3115200,"S"
"IDI","13:30:13",11.7,0.35,300,3110700,"B"
"IDI","13:30:09",11.7,0.35,4700,3110400,"S"
"IDI","13:29:38",11.7,0.35,500,3105700,"S"
"IDI","13:29:37",11.7,0.35,1000,3105200,"S"
"IDI","13:29:23",11.7,0.35,3000,3104200,"S"
"IDI","13:29:22",11.7,0.35,100,3101200,"S"
"IDI","13:28:59",11.7,0.35,1800,3101100,"S"
"IDI","13:28:42",11.65,0.3,20000,3099300,"B"
"IDI","13:28:15",11.65,0.3,1000,3079300,"B"
"IDI","13:27:57",11.7,0.35,10000,3078300,"S"
"IDI","13:27:47",11.7,0.35,500,3068300,"S"
"IDI","13:27:46",11.7,0.35,200,3067800,"S"
"IDI","13:27:07",11.7,0.35,200,3067600,"B"
"IDI","13:27:03",11.7,0.35,3000,3067400,"B"
"IDI","13:26:48",11.7,0.35,1000,3064400,"B"
"IDI","13:26:33",11.7,0.35,100,3063400,"B"
"IDI","13:26:26",11.7,0.35,10000,3063300,"B"
"IDI","13:26:20",11.7,0.35,2500,3053300,"B"
"IDI","13:26:06",11.7,0.35,3000,3050800,"B"
"IDI","13:25:57",11.7,0.35,10000,3047800,"B"
"IDI","13:25:52",11.7,0.35,10000,3037800,"B"
"IDI","13:25:09",11.7,0.35,500,3027800,"B"
"IDI","13:25:01",11.75,0.4,1000,3027300,"S"
"IDI","13:24:58",11.7,0.35,100,3026300,"B"
"IDI","13:24:50",11.7,0.35,3000,3026200,"B"
"IDI","13:24:38",11.7,0.35,3000,3023200,"B"
"IDI","13:24:21",11.7,0.35,200,3020200,"B"
"IDI","13:23:39",11.7,0.35,1000,3020000,"B"
"IDI","13:23:13",11.7,0.35,10000,3019000,"B"
"IDI","13:23:07",11.75,0.4,500,3009000,"S"
"IDI","13:22:58",11.75,0.4,500,3008500,"S"
"IDI","13:22:54",11.75,0.4,10000,3008000,"S"
"IDI","13:22:17",11.75,0.4,500,2998000,"S"
"IDI","13:20:42",11.7,0.35,500,2997500,"B"
"IDI","13:20:39",11.75,0.4,70100,2997000,"S"
"IDI","13:20:02",11.7,0.35,2000,2926900,"B"
"IDI","13:19:52",11.7,0.35,200,2924900,"B"
"IDI","13:19:32",11.7,0.35,5000,2924700,"B"
"IDI","13:19:30",11.7,0.35,3000,2919700,"B"
"IDI","13:19:12",11.7,0.35,1000,2916700,"B"
"IDI","13:18:48",11.75,0.4,3000,2915700,"S"
"IDI","13:17:30",11.75,0.4,700,2912700,"S"
"IDI","13:17:23",11.75,0.4,2000,2912000,"S"
"IDI","13:17:06",11.75,0.4,3000,2910000,"S"
"IDI","13:16:48",11.75,0.4,1000,2907000,"S"
"IDI","13:16:35",11.7,0.35,5000,2906000,"B"
"IDI","13:16:35",11.7,0.35,100,2901000,"B"
"IDI","13:15:54",11.7,0.35,700,2900900,"B"
"IDI","13:15:32",11.7,0.35,5800,2900200,"B"
"IDI","13:15:27",11.7,0.35,100,2894400,"B"
"IDI","13:15:09",11.7,0.35,300,2894300,"B"
"IDI","13:14:51",11.7,0.35,100,2894000,"B"
"IDI","13:14:19",11.7,0.35,1100,2893900,"S"
"IDI","13:14:19",11.7,0.35,12700,2892800,"S"
"IDI","13:14:00",11.7,0.35,4000,2880100,"S"
"IDI","13:13:58",11.7,0.35,2000,2876100,"S"
"IDI","13:13:53",11.7,0.35,55000,2874100,"S"
"IDI","13:13:49",11.7,0.35,2000,2819100,"S"
"IDI","13:13:41",11.7,0.35,1000,2817100,"S"
"IDI","13:13:27",11.65,0.3,400,2816100,"B"
"IDI","13:13:23",11.7,0.35,1000,2815700,"S"
"IDI","13:13:09",11.7,0.35,44600,2814700,"S"
"IDI","13:13:07",11.65,0.3,200,2770100,"B"
"IDI","13:10:07",11.65,0.3,500,2769900,"B"
"IDI","13:10:01",11.65,0.3,100,2769400,"B"
"IDI","13:10:00",11.65,0.3,800,2769300,"B"
"IDI","13:09:58",11.7,0.35,300,2768500,"S"
"IDI","13:08:43",11.65,0.3,100,2768200,"B"
"IDI","13:08:08",11.65,0.3,1500,2768100,"B"
"IDI","13:08:06",11.65,0.3,100,2766600,"B"
"IDI","13:08:05",11.65,0.3,2000,2766500,"B"
"IDI","13:08:03",11.7,0.35,4000,2764500,"S"
"IDI","13:07:44",11.65,0.3,100,2760500,"B"
"IDI","13:06:25",11.65,0.3,100,2760400,"B"
"IDI","13:06:09",11.65,0.3,100,2760300,"B"
"IDI","13:05:43",11.65,0.3,9700,2760200,"B"
"IDI","13:05:30",11.65,0.3,100,2750500,"B"
"IDI","13:04:58",11.65,0.3,34900,2750400,"S"
"IDI","13:04:55",11.65,0.3,2000,2715500,"S"
"IDI","13:04:08",11.65,0.3,100,2713500,"S"
"IDI","13:03:58",11.65,0.3,1200,2713400,"S"
"IDI","13:03:46",11.6,0.25,300,2712200,"B"
"IDI","13:03:39",11.65,0.3,1000,2711900,"S"
"IDI","13:03:18",11.65,0.3,1000,2710900,"S"
"IDI","13:03:17",11.65,0.3,1000,2709900,"S"
"IDI","13:03:07",11.65,0.3,3200,2708900,"S"
"IDI","13:03:06",11.65,0.3,1800,2705700,"S"
"IDI","13:02:38",11.65,0.3,2500,2703900,"S"
"IDI","13:02:33",11.65,0.3,5000,2701400,"S"
"IDI","13:02:11",11.65,0.3,5000,2696400,"S"
"IDI","13:01:49",11.65,0.3,200,2691400,"S"
"IDI","13:01:44",11.65,0.3,10000,2691200,"S"
"IDI","13:01:17",11.65,0.3,1000,2681200,"S"
"IDI","13:00:42",11.65,0.3,1000,2680200,"S"
"IDI","13:00:29",11.6,0.25,200,2679200,"B"
"IDI","13:00:28",11.6,0.25,200,2679000,"B"
"IDI","13:00:13",11.6,0.25,100,2678800,"B"
"IDI","13:00:12",11.6,0.25,300,2678700,"B"
"IDI","13:00:01",11.6,0.25,200,2678400,"B"
"IDI","13:00:01",11.65,0.3,1000,2678200,"B"
"IDI","13:00:01",11.6,0.25,300,2677200,"B"
"IDI","11:29:55",11.6,0.25,600,2676900,"B"
"IDI","11:29:55",11.65,0.3,1200,2676300,"B"
"IDI","11:29:55",11.65,0.3,200,2675100,"B"
"IDI","11:29:09",11.65,0.3,1000,2674900,"S"
"IDI","11:28:37",11.65,0.3,1000,2673900,"S"
"IDI","11:28:01",11.65,0.3,200,2672900,"S"
"IDI","11:27:54",11.65,0.3,2000,2672700,"S"
"IDI","11:27:19",11.65,0.3,1000,2670700,"S"
"IDI","11:26:44",11.65,0.3,8500,2669700,"B"
"IDI","11:26:28",11.7,0.35,100,2661200,"S"
"IDI","11:25:56",11.65,0.3,1000,2661100,"B"
"IDI","11:24:49",11.65,0.3,13000,2660100,"B"
"IDI","11:24:46",11.65,0.3,100,2647100,"B"
"IDI","11:24:41",11.65,0.3,700,2647000,"B"
"IDI","11:24:10",11.65,0.3,2600,2646300,"S"
"IDI","11:24:09",11.6,0.25,100,2643700,"B"
"IDI","11:24:05",11.65,0.3,10000,2643600,"S"
"IDI","11:24:00",11.65,0.3,2900,2633600,"S"
"IDI","11:23:34",11.65,0.3,8200,2630700,"S"
"IDI","11:20:59",11.65,0.3,2500,2622500,"B"
"IDI","11:20:57",11.65,0.3,10900,2620000,"B"
"IDI","11:20:57",11.65,0.3,20000,2609100,"B"
"IDI","11:20:47",11.65,0.3,4100,2589100,"B"
"IDI","11:20:35",11.65,0.3,1000,2585000,"B"
"IDI","11:20:27",11.65,0.3,1500,2584000,"B"
"IDI","11:20:18",11.65,0.3,200,2582500,"B"
"IDI","11:20:09",11.65,0.3,600,2582300,"B"
"IDI","11:19:36",11.65,0.3,2200,2581700,"B"
"IDI","11:19:23",11.65,0.3,4000,2579500,"B"
"IDI","11:19:21",11.65,0.3,1600,2575500,"B"
"IDI","11:19:20",11.65,0.3,18400,2573900,"B"
"IDI","11:18:50",11.65,0.3,500,2555500,"B"
"IDI","11:16:07",11.7,0.35,1000,2555000,"S"
"IDI","11:16:05",11.7,0.35,100,2554000,"S"
"IDI","11:15:53",11.7,0.35,2000,2553900,"S"
"IDI","11:15:34",11.7,0.35,2000,2551900,"S"
"IDI","11:12:57",11.7,0.35,700,2549900,"S"
"IDI","11:12:54",11.7,0.35,1000,2549200,"S"
"IDI","11:12:22",11.7,0.35,3000,2548200,"S"
"IDI","11:10:50",11.7,0.35,3500,2545200,"S"
"IDI","11:10:22",11.7,0.35,1000,2541700,"S"
"IDI","11:10:16",11.7,0.35,5000,2540700,"S"
"IDI","11:10:12",11.7,0.35,2000,2535700,"S"
"IDI","11:09:30",11.7,0.35,12800,2533700,"S"
"IDI","11:08:26",11.7,0.35,100,2520900,"S"
"IDI","11:07:54",11.7,0.35,200,2520800,"S"
"IDI","11:05:58",11.7,0.35,2600,2520600,"S"
"IDI","11:05:54",11.65,0.3,100,2518000,"B"
"IDI","11:05:32",11.65,0.3,2000,2517900,"B"
"IDI","11:04:49",11.65,0.3,4000,2515900,"B"
"IDI","11:04:45",11.65,0.3,500,2511900,"B"
"IDI","11:01:25",11.7,0.35,5500,2511400,"S"
"IDI","11:00:40",11.7,0.35,300,2505900,"S"
"IDI","10:59:23",11.7,0.35,3000,2505600,"S"
"IDI","10:59:14",11.7,0.35,300,2502600,"S"
"IDI","10:58:54",11.7,0.35,10000,2502300,"S"
"IDI","10:58:42",11.7,0.35,100,2492300,"S"
"IDI","10:58:40",11.65,0.3,1500,2492200,"B"
"IDI","10:58:24",11.7,0.35,100,2490700,"S"
"IDI","10:58:15",11.7,0.35,12000,2490600,"S"
"IDI","10:57:24",11.7,0.35,8000,2478600,"S"
"IDI","10:57:20",11.7,0.35,600,2470600,"S"
"IDI","10:56:47",11.65,0.3,15000,2470000,"B"
"IDI","10:56:39",11.7,0.35,1000,2455000,"S"
"IDI","10:56:13",11.7,0.35,20000,2454000,"S"
"IDI","10:54:49",11.7,0.35,100,2434000,"S"
"IDI","10:54:11",11.7,0.35,300,2433900,"S"
"IDI","10:53:56",11.7,0.35,2000,2433600,"S"
"IDI","10:53:36",11.7,0.35,100,2431600,"S"
"IDI","10:53:28",11.7,0.35,200,2431500,"S"
"IDI","10:52:01",11.7,0.35,1200,2431300,"S"
"IDI","10:51:48",11.7,0.35,2000,2430100,"S"
"IDI","10:50:39",11.7,0.35,100,2428100,"S"
"IDI","10:50:02",11.7,0.35,5000,2428000,"S"
"IDI","10:49:34",11.7,0.35,3000,2423000,"S"
"IDI","10:49:19",11.7,0.35,100,2420000,"S"
"IDI","10:49:16",11.7,0.35,4100,2419900,"B"
"IDI","10:48:28",11.7,0.35,500,2415800,"B"
"IDI","10:48:08",11.7,0.35,20000,2415300,"B"
"IDI","10:47:36",11.7,0.35,500,2395300,"B"
"IDI","10:47:32",11.7,0.35,10000,2394800,"B"
"IDI","10:47:16",11.7,0.35,1400,2384800,"B"
"IDI","10:46:24",11.75,0.4,100,2383400,"S"
"IDI","10:46:13",11.7,0.35,1000,2383300,"B"
"IDI","10:45:18",11.7,0.35,2900,2382300,"B"
"IDI","10:45:18",11.75,0.4,5000,2379400,"S"
"IDI","10:45:13",11.75,0.4,500,2374400,"S"
"IDI","10:45:03",11.7,0.35,4000,2373900,"B"
"IDI","10:44:29",11.75,0.4,10000,2369900,"S"
"IDI","10:43:29",11.75,0.4,1500,2359900,"S"
"IDI","10:42:58",11.7,0.35,200,2358400,"B"
"IDI","10:42:04",11.7,0.35,3000,2358200,"B"
"IDI","10:41:59",11.7,0.35,100,2355200,"B"
"IDI","10:41:32",11.7,0.35,2400,2355100,"B"
"IDI","10:41:15",11.7,0.35,5000,2352700,"B"
"IDI","10:41:14",11.75,0.4,100,2347700,"S"
"IDI","10:41:05",11.7,0.35,3000,2347600,"B"
"IDI","10:40:31",11.7,0.35,200,2344600,"B"
"IDI","10:40:05",11.7,0.35,100,2344400,"B"
"IDI","10:39:58",11.7,0.35,500,2344300,"B"
"IDI","10:39:53",11.7,0.35,100,2343800,"B"
"IDI","10:39:35",11.7,0.35,1500,2343700,"B"
"IDI","10:39:04",11.7,0.35,100,2342200,"B"
"IDI","10:38:24",11.7,0.35,100,2342100,"B"
"IDI","10:38:06",11.7,0.35,500,2342000,"B"
"IDI","10:37:17",11.7,0.35,1000,2341500,"B"
"IDI","10:37:09",11.7,0.35,1000,2340500,"B"
"IDI","10:36:31",11.7,0.35,9700,2339500,"S"
"IDI","10:36:29",11.7,0.35,300,2329800,"B"
"IDI","10:36:27",11.7,0.35,1000,2329500,"B"
"IDI","10:36:25",11.7,0.35,3000,2328500,"B"
"IDI","10:36:15",11.7,0.35,5700,2325500,"S"
"IDI","10:35:58",11.7,0.35,4600,2319800,"B"
"IDI","10:35:49",11.7,0.35,5000,2315200,"B"
"IDI","10:35:33",11.7,0.35,27000,2310200,"B"
"IDI","10:34:55",11.7,0.35,1000,2283200,"B"
"IDI","10:34:53",11.75,0.4,200,2282200,"S"
"IDI","10:34:51",11.7,0.35,5000,2282000,"B"
"IDI","10:34:39",11.7,0.35,200,2277000,"B"
"IDI","10:34:10",11.7,0.35,2000,2276800,"B"
"IDI","10:34:06",11.75,0.4,2000,2274800,"S"
"IDI","10:33:59",11.75,0.4,7000,2272800,"S"
"IDI","10:33:29",11.7,0.35,1000,2265800,"B"
"IDI","10:33:07",11.7,0.35,100,2264800,"B"
"IDI","10:32:49",11.7,0.35,1000,2264700,"B"
"IDI","10:32:22",11.7,0.35,2000,2263700,"B"
"IDI","10:32:13",11.7,0.35,3000,2261700,"B"
"IDI","10:32:05",11.7,0.35,2000,2258700,"B"
"IDI","10:32:00",11.7,0.35,100,2256700,"B"
"IDI","10:31:58",11.7,0.35,200,2256600,"B"
"IDI","10:31:35",11.7,0.35,83100,2256400,"S"
"IDI","10:31:24",11.65,0.3,9000,2173300,"B"
"IDI","10:31:18",11.7,0.35,500,2164300,"S"
"IDI","10:30:29",11.7,0.35,1000,2163800,"S"
"IDI","10:29:07",11.7,0.35,2000,2162800,"S"
"IDI","10:28:48",11.65,0.3,14100,2160800,"B"
"IDI","10:28:39",11.7,0.35,500,2146700,"S"
"IDI","10:28:27",11.65,0.3,1000,2146200,"B"
"IDI","10:27:09",11.65,0.3,100,2145200,"B"
"IDI","10:26:20",11.65,0.3,100,2145100,"B"
"IDI","10:26:07",11.65,0.3,4900,2145000,"B"
"IDI","10:25:47",11.65,0.3,400,2140100,"B"
"IDI","10:25:18",11.65,0.3,500,2139700,"B"
"IDI","10:23:53",11.65,0.3,200,2139200,"B"
"IDI","10:23:38",11.65,0.3,1000,2139000,"B"
"IDI","10:22:47",11.7,0.35,100,2138000,"S"
"IDI","10:22:19",11.65,0.3,100,2137900,"B"
"IDI","10:22:11",11.65,0.3,200,2137800,"B"
"IDI","10:22:11",11.65,0.3,1900,2137600,"B"
"IDI","10:21:59",11.65,0.3,2000,2135700,"B"
"IDI","10:21:36",11.65,0.3,500,2133700,"B"
"IDI","10:21:33",11.65,0.3,40000,2133200,"B"
"IDI","10:21:33",11.7,0.35,300,2093200,"S"
"IDI","10:20:51",11.65,0.3,1000,2092900,"B"
"IDI","10:20:50",11.7,0.35,4000,2091900,"S"
"IDI","10:20:40",11.65,0.3,100,2087900,"B"
"IDI","10:20:37",11.7,0.35,500,2087800,"S"
"IDI","10:20:26",11.7,0.35,1000,2087300,"S"
"IDI","10:18:22",11.7,0.35,500,2086300,"S"
"IDI","10:18:02",11.7,0.35,100,2085800,"S"
"IDI","10:17:27",11.7,0.35,4500,2085700,"B"
"IDI","10:17:24",11.7,0.35,3000,2081200,"B"
"IDI","10:17:19",11.7,0.35,5000,2078200,"B"
"IDI","10:17:17",11.7,0.35,1000,2073200,"B"
"IDI","10:17:12",11.7,0.35,500,2072200,"B"
"IDI","10:17:03",11.7,0.35,2000,2071700,"B"
"IDI","10:16:54",11.7,0.35,200,2069700,"B"
"IDI","10:16:51",11.7,0.35,44000,2069500,"S"
"IDI","10:16:34",11.7,0.35,1200,2025500,"S"
"IDI","10:16:30",11.7,0.35,200,2024300,"S"
"IDI","10:16:23",11.7,0.35,1000,2024100,"S"
"IDI","10:16:22",11.65,0.3,10000,2023100,"B"
"IDI","10:15:53",11.7,0.35,1000,2013100,"S"
"IDI","10:15:36",11.65,0.3,1000,2012100,"B"
"IDI","10:15:14",11.7,0.35,2000,2011100,"S"
"IDI","10:14:44",11.7,0.35,500,2009100,"S"
"IDI","10:14:43",11.7,0.35,8500,2008600,"B"
"IDI","10:14:41",11.7,0.35,1000,2000100,"B"
"IDI","10:14:38",11.7,0.35,200,1999100,"B"
"IDI","10:14:30",11.7,0.35,200,1998900,"B"
"IDI","10:14:27",11.7,0.35,13000,1998700,"B"
"IDI","10:14:18",11.7,0.35,5000,1985700,"B"
"IDI","10:14:17",11.7,0.35,100,1980700,"B"
"IDI","10:14:01",11.7,0.35,5000,1980600,"B"
"IDI","10:14:00",11.7,0.35,1000,1975600,"B"
"IDI","10:13:59",11.7,0.35,2000,1974600,"B"
"IDI","10:13:44",11.7,0.35,1000,1972600,"B"
"IDI","10:13:40",11.7,0.35,1100,1971600,"S"
"IDI","10:13:32",11.7,0.35,70000,1970500,"S"
"IDI","10:12:26",11.65,0.3,1000,1900500,"B"
"IDI","10:12:12",11.65,0.3,2400,1899500,"S"
"IDI","10:12:04",11.65,0.3,100,1897100,"S"
"IDI","10:11:20",11.65,0.3,300,1897000,"S"
"IDI","10:11:09",11.6,0.25,1100,1896700,"B"
"IDI","10:10:52",11.6,0.25,2600,1895600,"B"
"IDI","10:10:52",11.65,0.3,900,1893000,"B"
"IDI","10:10:43",11.65,0.3,4100,1892100,"S"
"IDI","10:10:07",11.65,0.3,1100,1888000,"B"
"IDI","10:10:04",11.65,0.3,1000,1886900,"B"
"IDI","10:10:02",11.65,0.3,500,1885900,"B"
"IDI","10:10:01",11.65,0.3,100,1885400,"B"
"IDI","10:09:54",11.65,0.3,200,1885300,"B"
"IDI","10:09:49",11.65,0.3,3000,1885100,"B"
"IDI","10:09:12",11.65,0.3,100,1882100,"B"
"IDI","10:09:09",11.65,0.3,5000,1882000,"B"
"IDI","10:08:59",11.65,0.3,800,1877000,"S"
"IDI","10:08:48",11.65,0.3,800,1876200,"B"
"IDI","10:08:30",11.65,0.3,3000,1875400,"B"
"IDI","10:08:23",11.65,0.3,3000,1872400,"B"
"IDI","10:08:22",11.65,0.3,500,1869400,"B"
"IDI","10:08:21",11.65,0.3,500,1868900,"B"
"IDI","10:08:20",11.65,0.3,1000,1868400,"B"
"IDI","10:08:18",11.65,0.3,300,1867400,"B"
"IDI","10:08:18",11.65,0.3,100,1867100,"B"
"IDI","10:08:14",11.65,0.3,20500,1867000,"B"
"IDI","10:08:09",11.65,0.3,40000,1846500,"B"
"IDI","10:08:07",11.65,0.3,100,1806500,"B"
"IDI","10:08:04",11.65,0.3,500,1806400,"B"
"IDI","10:07:59",11.65,0.3,400,1805900,"B"
"IDI","10:07:52",11.65,0.3,500,1805500,"B"
"IDI","10:07:47",11.65,0.3,100,1805000,"B"
"IDI","10:06:43",11.7,0.35,200,1804900,"S"
"IDI","10:05:58",11.7,0.35,100,1804700,"S"
"IDI","10:05:31",11.7,0.35,300,1804600,"S"
"IDI","10:05:31",11.65,0.3,6000,1804300,"B"
"IDI","10:05:17",11.7,0.35,500,1798300,"S"
"IDI","10:05:08",11.7,0.35,5000,1797800,"S"
"IDI","10:04:26",11.7,0.35,1000,1792800,"S"
"IDI","10:02:38",11.7,0.35,1200,1791800,"B"
"IDI","10:02:35",11.7,0.35,300,1790600,"B"
"IDI","10:02:27",11.7,0.35,500,1790300,"B"
"IDI","10:01:51",11.7,0.35,200,1789800,"B"
"IDI","10:01:10",11.7,0.35,100,1789600,"S"
"IDI","10:01:04",11.7,0.35,2000,1789500,"S"
"IDI","10:00:58",11.7,0.35,100,1787500,"S"
"IDI","10:00:43",11.7,0.35,2000,1787400,"S"
"IDI","10:00:40",11.7,0.35,500,1785400,"S"
"IDI","10:00:23",11.7,0.35,5000,1784900,"S"
"IDI","09:59:50",11.7,0.35,1000,1779900,"S"
"IDI","09:59:38",11.7,0.35,200,1778900,"S"
"IDI","09:59:35",11.7,0.35,10000,1778700,"S"
"IDI","09:59:28",11.7,0.35,5000,1768700,"S"
"IDI","09:58:54",11.7,0.35,5000,1763700,"S"
"IDI","09:58:27",11.7,0.35,29300,1758700,"B"
"IDI","09:58:12",11.7,0.35,500,1729400,"B"
"IDI","09:57:59",11.7,0.35,1000,1728900,"B"
"IDI","09:57:46",11.7,0.35,2800,1727900,"S"
"IDI","09:57:28",11.7,0.35,10000,1725100,"S"
"IDI","09:57:26",11.7,0.35,2500,1715100,"S"
"IDI","09:57:23",11.7,0.35,10000,1712600,"S"
"IDI","09:56:17",11.7,0.35,100,1702600,"S"
"IDI","09:56:16",11.7,0.35,100,1702500,"S"
"IDI","09:55:55",11.7,0.35,100,1702400,"S"
"IDI","09:55:52",11.7,0.35,5000,1702300,"S"
"IDI","09:55:35",11.7,0.35,2000,1697300,"S"
"IDI","09:55:30",11.7,0.35,3000,1695300,"S"
"IDI","09:55:17",11.7,0.35,900,1692300,"S"
"IDI","09:55:17",11.7,0.35,100,1691400,"S"
"IDI","09:55:16",11.7,0.35,3000,1691300,"S"
"IDI","09:54:59",11.7,0.35,11100,1688300,"B"
"IDI","09:54:50",11.7,0.35,500,1677200,"B"
"IDI","09:54:42",11.7,0.35,800,1676700,"S"
"IDI","09:54:23",11.7,0.35,21000,1675900,"S"
"IDI","09:53:43",11.7,0.35,900,1654900,"S"
"IDI","09:53:33",11.7,0.35,2800,1654000,"B"
"IDI","09:53:27",11.7,0.35,1000,1651200,"B"
"IDI","09:53:10",11.7,0.35,200,1650200,"S"
"IDI","09:53:06",11.7,0.35,200,1650000,"B"
"IDI","09:52:49",11.75,0.4,1000,1649800,"S"
"IDI","09:52:38",11.7,0.35,800,1648800,"S"
"IDI","09:52:32",11.7,0.35,9000,1648000,"S"
"IDI","09:52:13",11.7,0.35,300,1639000,"S"
"IDI","09:52:11",11.7,0.35,500,1638700,"S"
"IDI","09:51:57",11.7,0.35,500,1638200,"S"
"IDI","09:51:52",11.7,0.35,2000,1637700,"S"
"IDI","09:51:43",11.7,0.35,700,1635700,"S"
"IDI","09:51:33",11.7,0.35,500,1635000,"S"
"IDI","09:51:33",11.65,0.3,100,1634500,"B"
"IDI","09:51:32",11.7,0.35,200,1634400,"S"
"IDI","09:51:26",11.7,0.35,24500,1634200,"B"
"IDI","09:51:24",11.7,0.35,1000,1609700,"B"
"IDI","09:51:01",11.7,0.35,500,1608700,"B"
"IDI","09:50:54",11.7,0.35,100,1608200,"B"
"IDI","09:50:48",11.75,0.4,500,1608100,"S"
"IDI","09:50:44",11.7,0.35,500,1607600,"B"
"IDI","09:50:43",11.7,0.35,200,1607100,"B"
"IDI","09:50:38",11.7,0.35,100,1606900,"B"
"IDI","09:50:35",11.7,0.35,2400,1604200,"B"
"IDI","09:50:33",11.7,0.35,600,1601800,"B"
"IDI","09:50:30",11.7,0.35,2000,1601200,"B"
"IDI","09:50:27",11.7,0.35,34400,1599200,"B"
"IDI","09:50:19",11.7,0.35,800,1564800,"B"
"IDI","09:50:15",11.75,0.4,200,1564000,"S"
"IDI","09:49:58",11.7,0.35,100,1563800,"B"
"IDI","09:49:57",11.7,0.35,300,1563700,"B"
"IDI","09:49:28",11.7,0.35,2000,1563400,"B"
"IDI","09:49:24",11.75,0.4,500,1561400,"S"
"IDI","09:49:09",11.75,0.4,10000,1560900,"S"
"IDI","09:49:00",11.7,0.35,100,1550900,"B"
"IDI","09:48:35",11.7,0.35,300,1550800,"B"
"IDI","09:48:34",11.75,0.4,2000,1550500,"S"
"IDI","09:48:30",11.7,0.35,1000,1548500,"B"
"IDI","09:48:06",11.7,0.35,300,1547500,"B"
"IDI","09:47:59",11.75,0.4,1200,1547200,"S"
"IDI","09:47:59",11.7,0.35,1000,1546000,"B"
"IDI","09:47:58",11.7,0.35,1300,1545000,"B"
"IDI","09:47:57",11.7,0.35,2000,1543700,"B"
"IDI","09:47:48",11.7,0.35,100,1541700,"B"
"IDI","09:47:42",11.7,0.35,600,1541600,"B"
"IDI","09:47:28",11.7,0.35,1000,1541000,"B"
"IDI","09:47:26",11.75,0.4,200,1540000,"S"
"IDI","09:47:15",11.7,0.35,500,1539800,"B"
"IDI","09:47:00",11.7,0.35,1000,1539300,"B"
"IDI","09:46:49",11.7,0.35,5000,1538300,"B"
"IDI","09:46:37",11.7,0.35,100,1533300,"B"
"IDI","09:46:21",11.7,0.35,500,1533200,"B"
"IDI","09:46:00",11.7,0.35,18000,1532700,"B"
"IDI","09:45:58",11.75,0.4,200,1514700,"S"
"IDI","09:45:57",11.75,0.4,200,1514500,"S"
"IDI","09:45:45",11.75,0.4,100,1514300,"S"
"IDI","09:45:45",11.7,0.35,2000,1514200,"B"
"IDI","09:45:38",11.75,0.4,100,1512200,"S"
"IDI","09:45:37",11.7,0.35,1200,1512100,"B"
"IDI","09:45:19",11.7,0.35,2000,1510900,"B"
"IDI","09:45:12",11.7,0.35,500,1508900,"B"
"IDI","09:44:45",11.7,0.35,1000,1508400,"B"
"IDI","09:44:44",11.7,0.35,5500,1507400,"B"
"IDI","09:44:38",11.7,0.35,1900,1501900,"B"
"IDI","09:44:36",11.7,0.35,4000,1500000,"B"
"IDI","09:44:25",11.7,0.35,46300,1496000,"B"
"IDI","09:44:12",11.7,0.35,4000,1449700,"B"
"IDI","09:44:07",11.7,0.35,1000,1445700,"B"
"IDI","09:43:52",11.7,0.35,10000,1444700,"B"
"IDI","09:43:45",11.75,0.4,100,1434700,"S"
"IDI","09:43:30",11.75,0.4,1000,1434600,"S"
"IDI","09:43:20",11.75,0.4,1000,1433600,"S"
"IDI","09:43:19",11.7,0.35,12500,1432600,"B"
"IDI","09:43:11",11.75,0.4,5000,1420100,"S"
"IDI","09:43:10",11.7,0.35,500,1415100,"B"
"IDI","09:42:55",11.7,0.35,200,1414600,"B"
"IDI","09:42:54",11.7,0.35,11300,1414400,"S"
"IDI","09:42:51",11.65,0.3,10000,1403100,"B"
"IDI","09:42:47",11.7,0.35,31700,1393100,"S"
"IDI","09:42:22",11.7,0.35,7100,1361400,"S"
"IDI","09:42:20",11.65,0.3,10000,1354300,"B"
"IDI","09:42:00",11.7,0.35,300,1344300,"S"
"IDI","09:41:57",11.7,0.35,5000,1344000,"S"
"IDI","09:41:48",11.7,0.35,7000,1339000,"B"
"IDI","09:41:47",11.7,0.35,1600,1332000,"B"
"IDI","09:41:46",11.7,0.35,1000,1330400,"B"
"IDI","09:41:41",11.7,0.35,30000,1329400,"B"
"IDI","09:41:38",11.7,0.35,6300,1299400,"B"
"IDI","09:41:35",11.7,0.35,200,1293100,"B"
"IDI","09:41:19",11.7,0.35,30000,1292900,"B"
"IDI","09:40:57",11.7,0.35,500,1262900,"B"
"IDI","09:40:53",11.7,0.35,1000,1262400,"B"
"IDI","09:40:13",11.75,0.4,1000,1261400,"S"
"IDI","09:40:01",11.75,0.4,8700,1260400,"S"
"IDI","09:39:47",11.75,0.4,2000,1251700,"S"
"IDI","09:39:17",11.75,0.4,1400,1249700,"S"
"IDI","09:39:09",11.7,0.35,200,1248300,"B"
"IDI","09:38:24",11.75,0.4,200,1248100,"S"
"IDI","09:38:20",11.75,0.4,500,1247900,"S"
"IDI","09:38:15",11.75,0.4,100,1247400,"B"
"IDI","09:38:11",11.7,0.35,1600,1247300,"B"
"IDI","09:38:11",11.75,0.4,5400,1245700,"B"
"IDI","09:38:06",11.75,0.4,5400,1240300,"B"
"IDI","09:38:02",11.75,0.4,9200,1234900,"S"
"IDI","09:37:46",11.75,0.4,1000,1225700,"S"
"IDI","09:37:45",11.75,0.4,5900,1224700,"B"
"IDI","09:37:44",11.75,0.4,200,1218800,"B"
"IDI","09:37:41",11.75,0.4,300,1218600,"B"
"IDI","09:37:40",11.75,0.4,1000,1218300,"B"
"IDI","09:37:38",11.75,0.4,36600,1217300,"S"
"IDI","09:37:32",11.7,0.35,100,1180700,"B"
"IDI","09:37:28",11.7,0.35,1300,1180600,"B"
"IDI","09:37:28",11.7,0.35,3700,1179300,"B"
"IDI","09:37:19",11.75,0.4,100,1175600,"S"
"IDI","09:37:18",11.75,0.4,4000,1175500,"S"
"IDI","09:37:06",11.75,0.4,200,1171500,"S"
"IDI","09:37:03",11.75,0.4,500,1171300,"S"
"IDI","09:36:54",11.75,0.4,200,1170800,"S"
"IDI","09:36:29",11.75,0.4,50000,1170600,"S"
"IDI","09:36:28",11.7,0.35,8000,1120600,"S"
"IDI","09:36:26",11.7,0.35,32000,1112600,"B"
"IDI","09:36:25",11.75,0.4,1600,1080600,"S"
"IDI","09:36:25",11.7,0.35,200,1079000,"B"
"IDI","09:36:22",11.75,0.4,2000,1078800,"S"
"IDI","09:36:19",11.75,0.4,100,1076800,"S"
"IDI","09:36:18",11.75,0.4,1000,1076700,"S"
"IDI","09:36:17",11.75,0.4,5300,1075700,"S"
"IDI","09:36:00",11.75,0.4,500,1070400,"S"
"IDI","09:35:55",11.75,0.4,10000,1069900,"S"
"IDI","09:35:48",11.75,0.4,7000,1059900,"S"
"IDI","09:35:38",11.75,0.4,1000,1052900,"S"
"IDI","09:35:31",11.75,0.4,7300,1051900,"S"
"IDI","09:35:23",11.7,0.35,1000,1044600,"B"
"IDI","09:35:18",11.75,0.4,1000,1043600,"S"
"IDI","09:35:13",11.75,0.4,100,1042600,"S"
"IDI","09:35:11",11.7,0.35,10000,1042500,"B"
"IDI","09:35:02",11.75,0.4,1500,1032500,"S"
"IDI","09:35:01",11.75,0.4,600,1031000,"S"
"IDI","09:34:54",11.75,0.4,3000,1030400,"B"
"IDI","09:34:52",11.75,0.4,100,1027400,"B"
"IDI","09:34:52",11.75,0.4,2000,1027300,"S"
"IDI","09:34:51",11.75,0.4,1100,1025300,"S"
"IDI","09:34:47",11.75,0.4,19100,1024200,"B"
"IDI","09:34:47",11.8,0.45,4000,1005100,"S"
"IDI","09:34:39",11.75,0.4,1000,1001100,"B"
"IDI","09:34:38",11.75,0.4,2000,1000100,"B"
"IDI","09:34:19",11.75,0.4,100,998100,"B"
"IDI","09:34:13",11.75,0.4,300,998000,"B"
"IDI","09:34:13",11.8,0.45,500,997700,"S"
"IDI","09:34:12",11.75,0.4,4000,997200,"B"
"IDI","09:34:07",11.8,0.45,1500,993200,"S"
"IDI","09:34:05",11.75,0.4,100,991700,"B"
"IDI","09:34:04",11.8,0.45,600,991600,"S"
"IDI","09:33:58",11.75,0.4,200,991000,"B"
"IDI","09:33:56",11.75,0.4,900,990800,"B"
"IDI","09:33:55",11.8,0.45,700,989900,"S"
"IDI","09:33:55",11.75,0.4,300,989200,"S"
"IDI","09:33:53",11.75,0.4,50000,988900,"S"
"IDI","09:33:51",11.75,0.4,12800,938900,"S"
"IDI","09:33:50",11.75,0.4,1000,926100,"S"
"IDI","09:33:46",11.75,0.4,10000,925100,"S"
"IDI","09:33:40",11.75,0.4,100,915100,"S"
"IDI","09:33:40",11.7,0.35,100,915000,"B"
"IDI","09:33:30",11.7,0.35,27700,914900,"S"
"IDI","09:33:24",11.7,0.35,53000,887200,"S"
"IDI","09:33:18",11.65,0.3,5800,834200,"S"
"IDI","09:33:17",11.65,0.3,5000,828400,"S"
"IDI","09:33:16",11.65,0.3,2000,823400,"S"
"IDI","09:33:15",11.65,0.3,2100,821400,"S"
"IDI","09:33:14",11.65,0.3,2000,819300,"S"
"IDI","09:33:12",11.65,0.3,10000,817300,"S"
"IDI","09:33:11",11.65,0.3,41000,807300,"S"
"IDI","09:33:10",11.65,0.3,2000,766300,"S"
"IDI","09:33:09",11.6,0.25,100,764300,"B"
"IDI","09:33:08",11.65,0.3,14000,764200,"S"
"IDI","09:33:06",11.65,0.3,2300,750200,"S"
"IDI","09:33:05",11.65,0.3,700,747900,"S"
"IDI","09:32:56",11.65,0.3,10000,747200,"S"
"IDI","09:32:50",11.65,0.3,10000,737200,"S"
"IDI","09:32:46",11.6,0.25,15600,727200,"S"
"IDI","09:32:46",11.6,0.25,10000,711600,"S"
"IDI","09:32:45",11.6,0.25,22500,701600,"S"
"IDI","09:32:44",11.6,0.25,500,679100,"S"
"IDI","09:32:44",11.6,0.25,50000,678600,"S"
"IDI","09:32:40",11.6,0.25,10000,628600,"S"
"IDI","09:32:37",11.6,0.25,1000,618600,"S"
"IDI","09:32:35",11.6,0.25,1000,617600,"S"
"IDI","09:32:33",11.6,0.25,1000,616600,"S"
"IDI","09:32:25",11.6,0.25,1000,615600,"S"
"IDI","09:32:20",11.6,0.25,1000,614600,"S"
"IDI","09:32:16",11.6,0.25,1000,613600,"S"
"IDI","09:32:10",11.6,0.25,10000,612600,"S"
"IDI","09:31:57",11.55,0.2,1200,602600,"B"
"IDI","09:31:48",11.55,0.2,100,601400,"B"
"IDI","09:31:27",11.55,0.2,2400,601300,"B"
"IDI","09:31:24",11.6,0.25,3000,598900,"S"
"IDI","09:31:22",11.6,0.25,5000,595900,"S"
"IDI","09:31:08",11.55,0.2,500,590900,"B"
"IDI","09:31:03",11.55,0.2,2000,590400,"B"
"IDI","09:30:57",11.6,0.25,500,588400,"S"
"IDI","09:30:57",11.6,0.25,2000,587900,"S"
"IDI","09:30:56",11.6,0.25,2000,585900,"S"
"IDI","09:30:39",11.6,0.25,4000,583900,"S"
"IDI","09:30:22",11.55,0.2,1000,579900,"B"
"IDI","09:30:01",11.55,0.2,43200,578900,"S"
"IDI","09:30:00",11.55,0.2,10000,535700,"S"
"IDI","09:29:49",11.55,0.2,500,525700,"S"
"IDI","09:29:41",11.55,0.2,16100,525200,"S"
"IDI","09:29:40",11.55,0.2,33900,509100,"S"
"IDI","09:29:36",11.5,0.15,1500,475200,"B"
"IDI","09:29:34",11.5,0.15,300,473700,"B"
"IDI","09:29:23",11.5,0.15,100,473400,"B"
"IDI","09:29:09",11.5,0.15,9800,473300,"S"
"IDI","09:29:07",11.5,0.15,1000,463500,"S"
"IDI","09:29:06",11.5,0.15,5400,462500,"S"
"IDI","09:29:01",11.5,0.15,2000,457100,"S"
"IDI","09:29:00",11.5,0.15,500,455100,"S"
"IDI","09:28:59",11.5,0.15,20000,454600,"S"
"IDI","09:28:55",11.5,0.15,200,434600,"S"
"IDI","09:28:54",11.5,0.15,1000,434400,"S"
"IDI","09:28:53",11.5,0.15,3000,433400,"S"
"IDI","09:28:53",11.5,0.15,2000,430400,"S"
"IDI","09:28:51",11.5,0.15,900,428400,"S"
"IDI","09:28:50",11.5,0.15,5000,427500,"S"
"IDI","09:28:46",11.5,0.15,2000,422500,"S"
"IDI","09:28:45",11.5,0.15,300,420500,"S"
"IDI","09:28:44",11.5,0.15,400,420200,"S"
"IDI","09:28:41",11.5,0.15,2000,419800,"S"
"IDI","09:28:41",11.5,0.15,5000,417800,"S"
"IDI","09:28:38",11.5,0.15,100,412800,"S"
"IDI","09:28:37",11.5,0.15,500,412700,"S"
"IDI","09:28:36",11.5,0.15,10000,412200,"S"
"IDI","09:28:35",11.5,0.15,100,402200,"S"
"IDI","09:28:34",11.5,0.15,1000,402100,"S"
"IDI","09:28:30",11.5,0.15,5000,401100,"S"
"IDI","09:28:28",11.5,0.15,5200,396100,"S"
"IDI","09:28:24",11.5,0.15,100,390900,"S"
"IDI","09:28:16",11.5,0.15,3500,390800,"S"
"IDI","09:28:16",11.5,0.15,400,387300,"S"
"IDI","09:28:12",11.5,0.15,200,386900,"S"
"IDI","09:28:11",11.5,0.15,300,386700,"S"
"IDI","09:28:06",11.5,0.15,2300,386400,"S"
"IDI","09:28:02",11.5,0.15,300,384100,"S"
"IDI","09:28:00",11.5,0.15,500,383800,"S"
"IDI","09:27:58",11.5,0.15,10000,383300,"S"
"IDI","09:27:56",11.5,0.15,200,373300,"S"
"IDI","09:27:52",11.5,0.15,1000,373100,"S"
"IDI","09:27:47",11.5,0.15,100,372100,"S"
"IDI","09:27:36",11.5,0.15,2000,372000,"S"
"IDI","09:27:30",11.5,0.15,500,370000,"S"
"IDI","09:27:15",11.5,0.15,900,369500,"S"
"IDI","09:26:53",11.5,0.15,5000,368600,"S"
"IDI","09:26:50",11.5,0.15,5000,363600,"S"
"IDI","09:26:48",11.5,0.15,5000,358600,"S"
"IDI","09:26:43",11.5,0.15,5000,353600,"S"
"IDI","09:26:42",11.5,0.15,700,348600,"S"
"IDI","09:26:40",11.5,0.15,100,347900,"S"
"IDI","09:26:38",11.5,0.15,5000,347800,"S"
"IDI","09:26:30",11.5,0.15,1000,342800,"S"
"IDI","09:26:29",11.5,0.15,5000,341800,"S"
"IDI","09:26:28",11.5,0.15,100,336800,"S"
"IDI","09:26:06",11.5,0.15,5000,336700,"S"
"IDI","09:25:35",11.45,0.1,500,331700,"B"
"IDI","09:25:33",11.5,0.15,2000,331200,"S"
"IDI","09:25:32",11.5,0.15,10000,329200,"S"
"IDI","09:25:29",11.5,0.15,5000,319200,"S"
"IDI","09:25:18",11.5,0.15,100,314200,"S"
"IDI","09:25:11",11.5,0.15,15700,314100,"S"
"IDI","09:25:09",11.5,0.15,3000,298400,"S"
"IDI","09:24:56",11.5,0.15,100,295400,"S"
"IDI","09:24:48",11.5,0.15,100,295300,"S"
"IDI","09:24:42",11.5,0.15,3000,295200,"S"
"IDI","09:24:32",11.5,0.15,100,292200,"S"
"IDI","09:24:17",11.5,0.15,4300,292100,"B"
"IDI","09:24:13",11.5,0.15,100,287800,"B"
"IDI","09:24:11",11.5,0.15,100,287700,"B"
"IDI","09:24:04",11.5,0.15,100,287600,"B"
"IDI","09:24:04",11.5,0.15,400,287500,"S"
"IDI","09:24:01",11.5,0.15,600,287100,"B"
"IDI","09:24:00",11.5,0.15,100,286500,"B"
"IDI","09:23:54",11.5,0.15,2000,286400,"B"
"IDI","09:23:51",11.5,0.15,600,284400,"B"
"IDI","09:23:51",11.5,0.15,5000,283800,"B"
"IDI","09:23:48",11.5,0.15,2000,278800,"B"
"IDI","09:23:47",11.5,0.15,500,276800,"B"
"IDI","09:23:45",11.5,0.15,200,276300,"B"
"IDI","09:23:44",11.5,0.15,4000,276100,"B"
"IDI","09:23:42",11.5,0.15,2000,272100,"B"
"IDI","09:23:35",11.5,0.15,200,270100,"B"
"IDI","09:23:28",11.5,0.15,10000,269900,"B"
"IDI","09:23:25",11.55,0.2,1500,259900,"S"
"IDI","09:23:23",11.5,0.15,100,258400,"B"
"IDI","09:23:22",11.5,0.15,50000,258300,"B"
"IDI","09:23:15",11.55,0.2,100,208300,"S"
"IDI","09:23:13",11.55,0.2,100,208200,"S"
"IDI","09:23:10",11.55,0.2,5500,208100,"S"
"IDI","09:23:10",11.55,0.2,6000,202600,"S"
"IDI","09:22:56",11.55,0.2,1500,196600,"S"
"IDI","09:22:47",11.5,0.15,15100,195100,"B"
"IDI","09:22:41",11.55,0.2,1400,180000,"S"
"IDI","09:22:39",11.55,0.2,800,178600,"S"
"IDI","09:22:29",11.55,0.2,1600,177800,"S"
"IDI","09:22:19",11.5,0.15,1900,176200,"B"
"IDI","09:22:08",11.55,0.2,1300,174300,"S"
"IDI","09:22:04",11.5,0.15,500,173000,"B"
"IDI","09:21:37",11.5,0.15,1400,172500,"B"
"IDI","09:21:27",11.55,0.2,2200,171100,"S"
"IDI","09:21:13",11.55,0.2,100,168900,"S"
"IDI","09:21:12",11.55,0.2,1000,168800,"S"
"IDI","09:21:03",11.55,0.2,700,167800,"S"
"IDI","09:20:35",11.55,0.2,2000,167100,"S"
"IDI","09:20:29",11.55,0.2,2000,165100,"S"
"IDI","09:20:07",11.55,0.2,3000,163100,"S"
"IDI","09:20:05",11.55,0.2,3000,160100,"S"
"IDI","09:20:03",11.5,0.15,200,157100,"B"
"IDI","09:20:03",11.55,0.2,20000,156900,"S"
"IDI","09:20:02",11.55,0.2,1000,136900,"S"
"IDI","09:20:00",11.55,0.2,300,135900,"S"
"IDI","09:19:50",11.55,0.2,1700,135600,"S"
"IDI","09:19:20",11.55,0.2,10000,133900,"S"
"IDI","09:19:14",11.55,0.2,1000,123900,"S"
"IDI","09:19:09",11.55,0.2,10000,122900,"S"
"IDI","09:19:07",11.55,0.2,300,112900,"S"
"IDI","09:19:04",11.5,0.15,500,112600,"B"
"IDI","09:19:02",11.5,0.15,2000,112100,"B"
"IDI","09:18:57",11.5,0.15,400,110100,"B"
"IDI","09:18:49",11.5,0.15,2300,109700,"S"
"IDI","09:18:48",11.5,0.15,5000,107400,"S"
"IDI","09:18:46",11.5,0.15,10000,102400,"S"
"IDI","09:18:45",11.5,0.15,1000,92400,"S"
"IDI","09:18:42",11.5,0.15,5500,91400,"S"
"IDI","09:18:39",11.5,0.15,3100,85900,"S"
"IDI","09:18:35",11.5,0.15,1000,82800,"S"
"IDI","09:18:33",11.5,0.15,3700,81800,"S"
"IDI","09:18:31",11.5,0.15,5000,78100,"S"
"IDI","09:18:29",11.5,0.15,1000,73100,"S"
"IDI","09:18:29",11.45,0.1,100,72100,"B"
"IDI","09:18:22",11.5,0.15,10000,72000,"S"
"IDI","09:18:19",11.5,0.15,2000,62000,"S"
"IDI","09:18:18",11.5,0.15,800,60000,"S"
"IDI","09:18:17",11.5,0.15,5000,59200,"S"
"IDI","09:18:17",11.5,0.15,500,54200,"S"
"IDI","09:18:16",11.5,0.15,2000,53700,"S"
"IDI","09:18:04",11.5,0.15,3000,51700,"S"
"IDI","09:18:00",11.5,0.15,100,48700,"S"
"IDI","09:17:59",11.5,0.15,10000,48600,"S"
"IDI","09:17:56",11.5,0.15,600,38600,"S"
"IDI","09:17:46",11.5,0.15,100,38000,"S"
"IDI","09:17:44",11.45,0.1,100,37900,"B"
"IDI","09:17:35",11.45,0.1,100,37800,"B"
"IDI","09:17:34",11.5,0.15,100,37700,"S"
"IDI","09:17:32",11.45,0.1,1000,37600,"B"
"IDI","09:17:10",11.45,0.1,3000,36600,"B"
"IDI","09:16:24",11.45,0.1,100,33600,"B"
"IDI","09:15:46",11.45,0.1,100,33500,"B"
"IDI","09:15:38",11.45,0.1,100,33400,"B"
"IDI","09:15:02",11.45,0.1,33300,33300,
