"symbol","time","price","change","vol","total","side"
"SHB","14:45:04",10.95,-0.35,2887200,15369400,
"SHB","14:29:59",11.2,-0.1,3000,12482200,"S"
"SHB","14:29:59",11.15,-0.15,14400,12479200,"B"
"SHB","14:29:55",11.15,-0.15,100000,12464800,"B"
"SHB","14:29:54",11.15,-0.15,200,12364800,"B"
"SHB","14:29:54",11.15,-0.15,10000,12364600,"B"
"SHB","14:29:54",11.2,-0.1,1000,12354600,"S"
"SHB","14:29:46",11.15,-0.15,14400,12353600,"B"
"SHB","14:29:42",11.15,-0.15,200,12339200,"B"
"SHB","14:29:41",11.2,-0.1,5000,12339000,"S"
"SHB","14:29:39",11.2,-0.1,200,12334000,"S"
"SHB","14:29:36",11.15,-0.15,12000,12333800,"B"
"SHB","14:29:33",11.15,-0.15,23600,12321800,"B"
"SHB","14:29:33",11.15,-0.15,200,12298200,"B"
"SHB","14:29:27",11.15,-0.15,2600,12298000,"B"
"SHB","14:29:25",11.15,-0.15,1000,12295400,"B"
"SHB","14:29:23",11.15,-0.15,1000,12294400,"B"
"SHB","14:29:21",11.15,-0.15,1000,12293400,"B"
"SHB","14:29:20",11.15,-0.15,14400,12292400,"B"
"SHB","14:29:16",11.15,-0.15,1000,12278000,"B"
"SHB","14:29:15",11.15,-0.15,9100,12277000,"B"
"SHB","14:29:13",11.15,-0.15,10000,12267900,"B"
"SHB","14:29:12",11.15,-0.15,9600,12257900,"B"
"SHB","14:29:11",11.2,-0.1,500,12248300,"S"
"SHB","14:29:09",11.15,-0.15,10000,12247800,"B"
"SHB","14:29:07",11.2,-0.1,1000,12237800,"S"
"SHB","14:29:07",11.15,-0.15,14400,12236800,"B"
"SHB","14:29:04",11.15,-0.15,5000,12222400,"B"
"SHB","14:29:04",11.15,-0.15,3000,12217400,"B"
"SHB","14:29:03",11.15,-0.15,109600,12214400,"B"
"SHB","14:28:58",11.2,-0.1,2000,12104800,"S"
"SHB","14:28:56",11.2,-0.1,3000,12102800,"S"
"SHB","14:28:55",11.2,-0.1,3900,12099800,"S"
"SHB","14:28:53",11.15,-0.15,4800,12095900,"B"
"SHB","14:28:52",11.15,-0.15,14400,12091100,"B"
"SHB","14:28:35",11.2,-0.1,100,12076700,"S"
"SHB","14:28:31",11.15,-0.15,20000,12076600,"B"
"SHB","14:28:30",11.15,-0.15,600,12056600,"B"
"SHB","14:28:29",11.2,-0.1,200,12056000,"S"
"SHB","14:28:16",11.2,-0.1,5000,12055800,"S"
"SHB","14:28:16",11.15,-0.15,4800,12050800,"B"
"SHB","14:28:12",11.15,-0.15,9600,12046000,"B"
"SHB","14:28:11",11.2,-0.1,100,12036400,"S"
"SHB","14:28:07",11.15,-0.15,9200,12036300,"B"
"SHB","14:28:05",11.15,-0.15,14400,12027100,"B"
"SHB","14:27:58",11.15,-0.15,9600,12012700,"B"
"SHB","14:27:57",11.2,-0.1,300,12003100,"S"
"SHB","14:27:53",11.15,-0.15,9600,12002800,"B"
"SHB","14:27:52",11.15,-0.15,14400,11993200,"B"
"SHB","14:27:50",11.15,-0.15,3200,11978800,"B"
"SHB","14:27:47",11.15,-0.15,9600,11975600,"B"
"SHB","14:27:43",11.15,-0.15,2000,11966000,"B"
"SHB","14:27:42",11.15,-0.15,3500,11964000,"B"
"SHB","14:27:41",11.15,-0.15,200,11960500,"B"
"SHB","14:27:40",11.15,-0.15,14400,11960300,"B"
"SHB","14:27:35",11.15,-0.15,1000,11945900,"B"
"SHB","14:27:34",11.15,-0.15,9600,11944900,"B"
"SHB","14:27:31",11.15,-0.15,3000,11935300,"B"
"SHB","14:27:29",11.15,-0.15,5000,11932300,"B"
"SHB","14:27:27",11.15,-0.15,9600,11927300,"B"
"SHB","14:27:25",11.15,-0.15,200,11917700,"B"
"SHB","14:27:25",11.2,-0.1,2100,11917500,"S"
"SHB","14:27:20",11.15,-0.15,9600,11915400,"B"
"SHB","14:27:18",11.15,-0.15,1500,11905800,"B"
"SHB","14:27:15",11.15,-0.15,2000,11904300,"B"
"SHB","14:27:13",11.15,-0.15,9600,11902300,"B"
"SHB","14:27:10",11.2,-0.1,1000,11892700,"S"
"SHB","14:26:45",11.15,-0.15,100,11891700,"B"
"SHB","14:26:43",11.15,-0.15,8000,11891600,"B"
"SHB","14:26:41",11.15,-0.15,2000,11883600,"B"
"SHB","14:26:41",11.15,-0.15,9600,11881600,"B"
"SHB","14:26:32",11.15,-0.15,10000,11872000,"B"
"SHB","14:26:22",11.15,-0.15,1000,11862000,"B"
"SHB","14:26:20",11.15,-0.15,7000,11861000,"B"
"SHB","14:26:17",11.15,-0.15,9600,11854000,"B"
"SHB","14:26:15",11.2,-0.1,40000,11844400,"S"
"SHB","14:26:14",11.15,-0.15,10000,11804400,"B"
"SHB","14:26:13",11.15,-0.15,11100,11794400,"B"
"SHB","14:26:10",11.15,-0.15,9600,11783300,"B"
"SHB","14:26:10",11.2,-0.1,1000,11773700,"S"
"SHB","14:26:07",11.15,-0.15,7000,11772700,"B"
"SHB","14:26:05",11.15,-0.15,5000,11765700,"B"
"SHB","14:26:04",11.15,-0.15,400,11760700,"B"
"SHB","14:25:59",11.15,-0.15,9600,11760300,"B"
"SHB","14:25:55",11.2,-0.1,100,11750700,"S"
"SHB","14:25:53",11.2,-0.1,52400,11750600,"B"
"SHB","14:25:53",11.2,-0.1,50000,11698200,"B"
"SHB","14:25:51",11.2,-0.1,41000,11648200,"B"
"SHB","14:25:48",11.2,-0.1,1300,11607200,"B"
"SHB","14:25:45",11.2,-0.1,9600,11605900,"B"
"SHB","14:25:44",11.2,-0.1,500,11596300,"B"
"SHB","14:25:41",11.2,-0.1,160000,11595800,"B"
"SHB","14:25:39",11.2,-0.1,5900,11435800,"B"
"SHB","14:25:35",11.2,-0.1,5000,11429900,"B"
"SHB","14:25:33",11.2,-0.1,37200,11424900,"B"
"SHB","14:25:27",11.2,-0.1,5400,11387700,"B"
"SHB","14:25:22",11.25,-0.05,2000,11382300,"S"
"SHB","14:25:15",11.25,-0.05,5000,11380300,"S"
"SHB","14:25:07",11.2,-0.1,5000,11375300,"B"
"SHB","14:25:01",11.25,-0.05,100,11370300,"S"
"SHB","14:24:57",11.2,-0.1,10000,11370200,"B"
"SHB","14:24:56",11.2,-0.1,400,11360200,"B"
"SHB","14:24:51",11.2,-0.1,10000,11359800,"B"
"SHB","14:24:46",11.2,-0.1,5400,11349800,"B"
"SHB","14:24:39",11.2,-0.1,200,11344400,"B"
"SHB","14:24:31",11.25,-0.05,300,11344200,"S"
"SHB","14:24:29",11.25,-0.05,500,11343900,"S"
"SHB","14:24:27",11.2,-0.1,9600,11343400,"B"
"SHB","14:24:24",11.2,-0.1,25400,11333800,"B"
"SHB","14:24:17",11.2,-0.1,9600,11308400,"B"
"SHB","14:24:11",11.2,-0.1,9600,11298800,"B"
"SHB","14:24:10",11.2,-0.1,5400,11289200,"B"
"SHB","14:24:09",11.25,-0.05,1000,11283800,"S"
"SHB","14:24:03",11.2,-0.1,9600,11282800,"B"
"SHB","14:23:56",11.25,-0.05,15000,11273200,"S"
"SHB","14:23:54",11.2,-0.1,25400,11258200,"B"
"SHB","14:23:43",11.25,-0.05,3700,11232800,"S"
"SHB","14:23:36",11.25,-0.05,200,11229100,"S"
"SHB","14:23:25",11.2,-0.1,109400,11228900,"B"
"SHB","14:23:24",11.2,-0.1,290600,11119500,"B"
"SHB","14:23:22",11.25,-0.05,2500,10828900,"S"
"SHB","14:23:21",11.25,-0.05,1000,10826400,"S"
"SHB","14:23:19",11.25,-0.05,600,10825400,"S"
"SHB","14:23:11",11.25,-0.05,100,10824800,"S"
"SHB","14:23:05",11.25,-0.05,500,10824700,"S"
"SHB","14:23:01",11.2,-0.1,400,10824200,"B"
"SHB","14:22:55",11.25,-0.05,5000,10823800,"S"
"SHB","14:22:48",11.25,-0.05,3000,10818800,"S"
"SHB","14:22:47",11.25,-0.05,23900,10815800,"B"
"SHB","14:22:46",11.25,-0.05,30000,10791900,"B"
"SHB","14:22:43",11.25,-0.05,20000,10761900,"B"
"SHB","14:22:43",11.25,-0.05,7900,10741900,"B"
"SHB","14:22:41",11.25,-0.05,700,10734000,"B"
"SHB","14:22:40",11.25,-0.05,1000,10733300,"B"
"SHB","14:22:38",11.25,-0.05,1200,10732300,"B"
"SHB","14:22:36",11.25,-0.05,20000,10731100,"B"
"SHB","14:22:34",11.25,-0.05,3000,10711100,"B"
"SHB","14:22:33",11.25,-0.05,50000,10708100,"B"
"SHB","14:22:31",11.25,-0.05,100000,10658100,"B"
"SHB","14:22:30",11.25,-0.05,300,10558100,"B"
"SHB","14:22:21",11.25,-0.05,1000,10557800,"B"
"SHB","14:22:04",11.25,-0.05,7400,10556800,"B"
"SHB","14:21:52",11.25,-0.05,1000,10549400,"B"
"SHB","14:21:50",11.25,-0.05,20000,10548400,"B"
"SHB","14:21:49",11.25,-0.05,6100,10528400,"B"
"SHB","14:21:47",11.25,-0.05,9600,10522300,"B"
"SHB","14:21:41",11.25,-0.05,14400,10512700,"B"
"SHB","14:21:40",11.25,-0.05,10600,10498300,"B"
"SHB","14:21:39",11.25,-0.05,2000,10487700,"B"
"SHB","14:21:38",11.25,-0.05,9600,10485700,"B"
"SHB","14:21:35",11.25,-0.05,5400,10476100,"B"
"SHB","14:21:31",11.25,-0.05,500,10470700,"B"
"SHB","14:21:30",11.3,0,4000,10470200,"S"
"SHB","14:21:29",11.25,-0.05,9600,10466200,"B"
"SHB","14:21:25",11.25,-0.05,8700,10456600,"B"
"SHB","14:21:21",11.25,-0.05,5400,10447900,"B"
"SHB","14:21:20",11.25,-0.05,9600,10442500,"B"
"SHB","14:21:17",11.25,-0.05,2000,10432900,"B"
"SHB","14:21:13",11.3,0,200,10430900,"S"
"SHB","14:21:09",11.25,-0.05,9600,10430700,"B"
"SHB","14:21:06",11.25,-0.05,5400,10421100,"B"
"SHB","14:20:56",11.25,-0.05,9600,10415700,"B"
"SHB","14:20:53",11.3,0,3000,10406100,"S"
"SHB","14:20:51",11.25,-0.05,5400,10403100,"B"
"SHB","14:20:49",11.3,0,200,10397700,"S"
"SHB","14:20:39",11.3,0,1000,10397500,"S"
"SHB","14:20:32",11.25,-0.05,9600,10396500,"B"
"SHB","14:20:28",11.3,0,3000,10386900,"S"
"SHB","14:20:22",11.3,0,1000,10383900,"S"
"SHB","14:20:18",11.3,0,200,10382900,"S"
"SHB","14:20:00",11.3,0,200,10382700,"S"
"SHB","14:19:52",11.3,0,2000,10382500,"S"
"SHB","14:19:26",11.25,-0.05,1100,10380500,"B"
"SHB","14:19:19",11.3,0,100,10379400,"S"
"SHB","14:19:18",11.25,-0.05,5000,10379300,"B"
"SHB","14:19:16",11.25,-0.05,100,10374300,"B"
"SHB","14:19:05",11.25,-0.05,5400,10374200,"B"
"SHB","14:18:54",11.25,-0.05,4800,10368800,"B"
"SHB","14:18:43",11.25,-0.05,10000,10364000,"B"
"SHB","14:18:35",11.25,-0.05,2700,10354000,"B"
"SHB","14:18:33",11.25,-0.05,200,10351300,"B"
"SHB","14:18:19",11.25,-0.05,4200,10351100,"B"
"SHB","14:18:16",11.25,-0.05,20000,10346900,"B"
"SHB","14:18:08",11.25,-0.05,100,10326900,"B"
"SHB","14:17:58",11.3,0,15000,10326800,"S"
"SHB","14:17:55",11.25,-0.05,5000,10311800,"B"
"SHB","14:17:33",11.25,-0.05,1000,10306800,"B"
"SHB","14:17:27",11.25,-0.05,200,10305800,"B"
"SHB","14:17:26",11.25,-0.05,300,10305600,"B"
"SHB","14:17:07",11.25,-0.05,2000,10305300,"B"
"SHB","14:17:00",11.25,-0.05,1000,10303300,"B"
"SHB","14:16:51",11.25,-0.05,200,10302300,"B"
"SHB","14:16:49",11.25,-0.05,500,10302100,"B"
"SHB","14:16:40",11.25,-0.05,10000,10301600,"B"
"SHB","14:16:34",11.25,-0.05,50000,10291600,"B"
"SHB","14:16:26",11.25,-0.05,600,10241600,"B"
"SHB","14:15:54",11.25,-0.05,30000,10241000,"B"
"SHB","14:15:24",11.3,0,1200,10211000,"S"
"SHB","14:15:24",11.25,-0.05,5000,10209800,"B"
"SHB","14:15:15",11.25,-0.05,5000,10204800,"B"
"SHB","14:15:06",11.25,-0.05,3000,10199800,"B"
"SHB","14:15:05",11.25,-0.05,100,10196800,"B"
"SHB","14:15:01",11.25,-0.05,500,10196700,"B"
"SHB","14:14:56",11.25,-0.05,1000,10196200,"B"
"SHB","14:14:33",11.25,-0.05,200,10195200,"B"
"SHB","14:14:23",11.3,0,2000,10195000,"S"
"SHB","14:14:01",11.25,-0.05,200,10193000,"B"
"SHB","14:14:01",11.25,-0.05,10000,10192800,"B"
"SHB","14:13:55",11.25,-0.05,3900,10182800,"B"
"SHB","14:13:44",11.25,-0.05,5000,10178900,"B"
"SHB","14:13:41",11.25,-0.05,200,10173900,"B"
"SHB","14:13:35",11.25,-0.05,200,10173700,"B"
"SHB","14:13:25",11.25,-0.05,1000,10173500,"B"
"SHB","14:13:22",11.25,-0.05,36000,10172500,"B"
"SHB","14:13:07",11.25,-0.05,5400,10136500,"B"
"SHB","14:13:01",11.25,-0.05,100,10131100,"B"
"SHB","14:12:51",11.25,-0.05,4400,10131000,"B"
"SHB","14:12:39",11.3,0,5000,10126600,"S"
"SHB","14:12:37",11.3,0,300,10121600,"S"
"SHB","14:12:35",11.3,0,1200,10121300,"S"
"SHB","14:12:33",11.25,-0.05,1000,10120100,"B"
"SHB","14:12:01",11.25,-0.05,9600,10119100,"B"
"SHB","14:12:00",11.25,-0.05,5400,10109500,"B"
"SHB","14:11:53",11.25,-0.05,14400,10104100,"B"
"SHB","14:11:53",11.3,0,9400,10089700,"B"
"SHB","14:11:52",11.3,0,10000,10080300,"B"
"SHB","14:11:52",11.3,0,1000,10070300,"B"
"SHB","14:11:50",11.3,0,5000,10069300,"B"
"SHB","14:11:49",11.3,0,14400,10064300,"B"
"SHB","14:11:48",11.3,0,1800,10049900,"B"
"SHB","14:11:47",11.3,0,9200,10048100,"B"
"SHB","14:11:42",11.3,0,15000,10038900,"B"
"SHB","14:11:37",11.3,0,19400,10023900,"B"
"SHB","14:11:35",11.3,0,14600,10004500,"B"
"SHB","14:11:32",11.3,0,100,9989900,"B"
"SHB","14:11:29",11.3,0,5400,9989800,"B"
"SHB","14:11:27",11.3,0,9600,9984400,"B"
"SHB","14:11:26",11.3,0,4000,9974800,"B"
"SHB","14:11:17",11.3,0,9600,9970800,"B"
"SHB","14:11:15",11.3,0,500,9961200,"B"
"SHB","14:11:01",11.3,0,200,9960700,"B"
"SHB","14:10:59",11.3,0,17000,9960500,"B"
"SHB","14:10:58",11.3,0,5100,9943500,"B"
"SHB","14:10:56",11.3,0,1000,9938400,"B"
"SHB","14:10:41",11.3,0,100,9937400,"B"
"SHB","14:10:36",11.3,0,500,9937300,"B"
"SHB","14:10:35",11.35,0.05,100,9936800,"S"
"SHB","14:09:50",11.3,0,1000,9936700,"B"
"SHB","14:09:35",11.3,0,4200,9935700,"B"
"SHB","14:09:32",11.3,0,1000,9931500,"B"
"SHB","14:09:30",11.3,0,800,9930500,"B"
"SHB","14:09:18",11.3,0,18600,9929700,"B"
"SHB","14:08:56",11.3,0,1000,9911100,"B"
"SHB","14:08:42",11.35,0.05,200,9910100,"S"
"SHB","14:08:38",11.3,0,4800,9909900,"B"
"SHB","14:08:34",11.3,0,1000,9905100,"B"
"SHB","14:08:23",11.3,0,2500,9904100,"B"
"SHB","14:08:22",11.3,0,4800,9901600,"B"
"SHB","14:08:13",11.3,0,100,9896800,"B"
"SHB","14:07:32",11.3,0,1000,9896700,"B"
"SHB","14:07:27",11.3,0,100,9895700,"B"
"SHB","14:06:59",11.3,0,1000,9895600,"B"
"SHB","14:06:32",11.35,0.05,2700,9894600,"S"
"SHB","14:06:16",11.3,0,4800,9891900,"B"
"SHB","14:06:15",11.35,0.05,50000,9887100,"S"
"SHB","14:06:06",11.35,0.05,900,9837100,"S"
"SHB","14:06:00",11.35,0.05,3000,9836200,"S"
"SHB","14:05:59",11.35,0.05,100,9833200,"S"
"SHB","14:05:56",11.35,0.05,100,9833100,"S"
"SHB","14:05:41",11.35,0.05,100000,9833000,"S"
"SHB","14:05:31",11.3,0,1000,9733000,"B"
"SHB","14:05:13",11.3,0,4000,9732000,"B"
"SHB","14:04:39",11.35,0.05,4800,9728000,"S"
"SHB","14:04:37",11.35,0.05,3700,9723200,"S"
"SHB","14:04:33",11.35,0.05,4800,9719500,"S"
"SHB","14:04:29",11.35,0.05,18600,9714700,"S"
"SHB","14:04:27",11.35,0.05,4800,9696100,"S"
"SHB","14:04:24",11.35,0.05,1000,9691300,"S"
"SHB","14:04:23",11.35,0.05,9100,9690300,"S"
"SHB","14:04:22",11.3,0,700,9681200,"B"
"SHB","14:04:22",11.35,0.05,4800,9680500,"S"
"SHB","14:04:14",11.35,0.05,4800,9675700,"S"
"SHB","14:04:13",11.35,0.05,10100,9670900,"S"
"SHB","14:04:09",11.35,0.05,4800,9660800,"S"
"SHB","14:04:04",11.35,0.05,4800,9656000,"S"
"SHB","14:04:03",11.35,0.05,9400,9651200,"S"
"SHB","14:03:59",11.3,0,1600,9641800,"B"
"SHB","14:03:59",11.35,0.05,4800,9640200,"S"
"SHB","14:03:57",11.3,0,10000,9635400,"B"
"SHB","14:03:53",11.35,0.05,4800,9625400,"S"
"SHB","14:03:49",11.35,0.05,8900,9620600,"S"
"SHB","14:03:41",11.3,0,100,9611700,"B"
"SHB","14:03:32",11.3,0,300,9611600,"B"
"SHB","14:03:21",11.35,0.05,4800,9611300,"S"
"SHB","14:03:09",11.3,0,100,9606500,"B"
"SHB","14:03:02",11.35,0.05,4800,9606400,"S"
"SHB","14:02:59",11.3,0,8000,9601600,"B"
"SHB","14:02:57",11.35,0.05,4800,9593600,"S"
"SHB","14:02:47",11.35,0.05,4800,9588800,"S"
"SHB","14:02:47",11.3,0,10000,9584000,"B"
"SHB","14:02:38",11.3,0,300,9574000,"B"
"SHB","14:02:36",11.35,0.05,4800,9573700,"S"
"SHB","14:02:32",11.3,0,6000,9568900,"B"
"SHB","14:02:26",11.3,0,2000,9562900,"B"
"SHB","14:02:18",11.3,0,10000,9560900,"B"
"SHB","14:02:17",11.3,0,5200,9550900,"B"
"SHB","14:02:09",11.3,0,2000,9545700,"B"
"SHB","14:01:50",11.3,0,5000,9543700,"B"
"SHB","14:01:45",11.3,0,5400,9538700,"B"
"SHB","14:01:37",11.3,0,4700,9533300,"B"
"SHB","14:01:27",11.3,0,5000,9528600,"B"
"SHB","14:01:26",11.3,0,15000,9523600,"B"
"SHB","14:01:23",11.3,0,20000,9508600,"B"
"SHB","14:00:55",11.3,0,700,9488600,"B"
"SHB","14:00:54",11.3,0,1000,9487900,"B"
"SHB","14:00:52",11.3,0,4900,9486900,"B"
"SHB","14:00:47",11.3,0,4500,9482000,"B"
"SHB","14:00:46",11.3,0,200,9477500,"B"
"SHB","14:00:36",11.3,0,200,9477300,"B"
"SHB","14:00:34",11.3,0,4800,9477100,"B"
"SHB","14:00:03",11.3,0,1500,9472300,"B"
"SHB","14:00:02",11.3,0,4000,9470800,"B"
"SHB","14:00:01",11.3,0,200,9466800,"B"
"SHB","13:59:59",11.3,0,4800,9466600,"B"
"SHB","13:59:38",11.3,0,500,9461800,"B"
"SHB","13:59:15",11.3,0,4400,9461300,"B"
"SHB","13:59:13",11.3,0,100,9456900,"B"
"SHB","13:59:12",11.3,0,1000,9456800,"B"
"SHB","13:58:52",11.3,0,1000,9455800,"B"
"SHB","13:58:35",11.3,0,5000,9454800,"B"
"SHB","13:58:13",11.3,0,4800,9449800,"B"
"SHB","13:58:04",11.35,0.05,268000,9445000,"S"
"SHB","13:57:55",11.3,0,100,9177000,"B"
"SHB","13:57:49",11.35,0.05,20000,9176900,"S"
"SHB","13:57:46",11.3,0,7600,9156900,"B"
"SHB","13:57:43",11.3,0,4800,9149300,"B"
"SHB","13:57:33",11.3,0,200,9144500,"B"
"SHB","13:57:18",11.35,0.05,16400,9144300,"S"
"SHB","13:57:16",11.3,0,4800,9127900,"B"
"SHB","13:57:10",11.35,0.05,200,9123100,"S"
"SHB","13:57:06",11.3,0,4800,9122900,"B"
"SHB","13:56:59",11.3,0,4800,9118100,"B"
"SHB","13:55:38",11.35,0.05,3100,9113300,"S"
"SHB","13:55:31",11.35,0.05,100,9110200,"S"
"SHB","13:55:22",11.35,0.05,2000,9110100,"S"
"SHB","13:54:59",11.3,0,6000,9108100,"B"
"SHB","13:54:57",11.3,0,500,9102100,"B"
"SHB","13:54:55",11.3,0,2000,9101600,"B"
"SHB","13:54:18",11.3,0,1000,9099600,"B"
"SHB","13:53:39",11.3,0,1500,9098600,"B"
"SHB","13:53:34",11.35,0.05,12000,9097100,"S"
"SHB","13:53:16",11.3,0,700,9085100,"B"
"SHB","13:53:12",11.35,0.05,1000,9084400,"S"
"SHB","13:53:01",11.35,0.05,2000,9083400,"S"
"SHB","13:52:52",11.35,0.05,10400,9081400,"S"
"SHB","13:52:47",11.35,0.05,700,9071000,"S"
"SHB","13:52:41",11.35,0.05,9600,9070300,"S"
"SHB","13:52:30",11.3,0,3000,9060700,"B"
"SHB","13:52:13",11.35,0.05,900,9057700,"S"
"SHB","13:51:49",11.35,0.05,30000,9056800,"S"
"SHB","13:51:37",11.35,0.05,300,9026800,"S"
"SHB","13:51:32",11.35,0.05,200,9026500,"S"
"SHB","13:50:49",11.35,0.05,600,9026300,"S"
"SHB","13:50:48",11.3,0,5000,9025700,"B"
"SHB","13:50:32",11.3,0,5000,9020700,"B"
"SHB","13:49:58",11.3,0,4800,9015700,"B"
"SHB","13:49:57",11.3,0,4800,9010900,"B"
"SHB","13:49:57",11.3,0,4800,9006100,"B"
"SHB","13:49:41",11.35,0.05,2000,9001300,"S"
"SHB","13:49:38",11.3,0,5000,8999300,"B"
"SHB","13:48:42",11.3,0,1700,8994300,"B"
"SHB","13:48:00",11.3,0,2000,8992600,"B"
"SHB","13:47:58",11.3,0,3000,8990600,"B"
"SHB","13:47:56",11.3,0,800,8987600,"B"
"SHB","13:47:54",11.3,0,2000,8986800,"B"
"SHB","13:47:31",11.3,0,3000,8984800,"B"
"SHB","13:47:23",11.3,0,1000,8981800,"B"
"SHB","13:46:58",11.35,0.05,900,8980800,"S"
"SHB","13:46:46",11.3,0,5000,8979900,"B"
"SHB","13:46:27",11.3,0,10000,8974900,"B"
"SHB","13:46:09",11.3,0,3000,8964900,"B"
"SHB","13:46:03",11.3,0,2000,8961900,"B"
"SHB","13:46:01",11.3,0,26800,8959900,"B"
"SHB","13:45:39",11.3,0,1900,8933100,"B"
"SHB","13:45:38",11.3,0,1000,8931200,"B"
"SHB","13:45:34",11.3,0,5000,8930200,"B"
"SHB","13:45:30",11.3,0,5000,8925200,"B"
"SHB","13:45:22",11.3,0,5000,8920200,"B"
"SHB","13:45:21",11.3,0,7000,8915200,"B"
"SHB","13:45:11",11.3,0,10000,8908200,"B"
"SHB","13:45:07",11.3,0,100,8898200,"B"
"SHB","13:44:54",11.3,0,1000,8898100,"B"
"SHB","13:44:49",11.3,0,1000,8897100,"B"
"SHB","13:44:25",11.3,0,400,8896100,"B"
"SHB","13:44:25",11.3,0,1100,8895700,"B"
"SHB","13:43:58",11.3,0,9400,8894600,"B"
"SHB","13:43:53",11.3,0,10000,8885200,"B"
"SHB","13:43:47",11.3,0,2000,8875200,"B"
"SHB","13:43:34",11.3,0,10000,8873200,"B"
"SHB","13:43:22",11.3,0,200,8863200,"B"
"SHB","13:43:14",11.3,0,3600,8863000,"B"
"SHB","13:43:12",11.35,0.05,1000,8859400,"S"
"SHB","13:42:39",11.35,0.05,1000,8858400,"S"
"SHB","13:42:35",11.3,0,10000,8857400,"B"
"SHB","13:42:25",11.3,0,15000,8847400,"B"
"SHB","13:42:08",11.3,0,4000,8832400,"B"
"SHB","13:41:13",11.3,0,2000,8828400,"B"
"SHB","13:40:52",11.3,0,1000,8826400,"B"
"SHB","13:40:44",11.3,0,300,8825400,"B"
"SHB","13:40:41",11.35,0.05,200,8825100,"S"
"SHB","13:40:31",11.3,0,3300,8824900,"B"
"SHB","13:40:30",11.3,0,100,8821600,"B"
"SHB","13:40:27",11.3,0,5100,8821500,"B"
"SHB","13:40:15",11.3,0,4000,8816400,"B"
"SHB","13:40:04",11.3,0,4000,8812400,"B"
"SHB","13:39:57",11.3,0,2000,8808400,"B"
"SHB","13:39:46",11.3,0,100,8806400,"B"
"SHB","13:39:08",11.3,0,5400,8806300,"B"
"SHB","13:39:07",11.35,0.05,4000,8800900,"S"
"SHB","13:39:06",11.35,0.05,1100,8796900,"S"
"SHB","13:38:55",11.35,0.05,500,8795800,"S"
"SHB","13:38:54",11.3,0,5400,8795300,"B"
"SHB","13:38:48",11.35,0.05,5000,8789900,"S"
"SHB","13:38:45",11.3,0,200,8784900,"B"
"SHB","13:38:44",11.35,0.05,20000,8784700,"S"
"SHB","13:38:38",11.3,0,5400,8764700,"B"
"SHB","13:38:20",11.35,0.05,2000,8759300,"S"
"SHB","13:38:12",11.35,0.05,500,8757300,"S"
"SHB","13:38:02",11.35,0.05,5000,8756800,"S"
"SHB","13:37:59",11.35,0.05,1000,8751800,"S"
"SHB","13:37:46",11.35,0.05,100,8750800,"S"
"SHB","13:37:42",11.35,0.05,2000,8750700,"S"
"SHB","13:37:36",11.35,0.05,500,8748700,"S"
"SHB","13:37:29",11.35,0.05,3000,8748200,"S"
"SHB","13:37:27",11.35,0.05,29300,8745200,"B"
"SHB","13:37:24",11.35,0.05,500,8715900,"B"
"SHB","13:37:24",11.35,0.05,30000,8715400,"B"
"SHB","13:37:22",11.35,0.05,100,8685400,"B"
"SHB","13:37:22",11.35,0.05,2000,8685300,"B"
"SHB","13:37:21",11.4,0.1,200000,8683300,"S"
"SHB","13:37:20",11.35,0.05,5400,8483300,"B"
"SHB","13:37:20",11.35,0.05,20000,8477900,"B"
"SHB","13:37:17",11.35,0.05,100,8457900,"B"
"SHB","13:37:16",11.35,0.05,5000,8457800,"B"
"SHB","13:37:13",11.35,0.05,2300,8452800,"B"
"SHB","13:37:04",11.35,0.05,5000,8450500,"B"
"SHB","13:36:58",11.4,0.1,70000,8445500,"S"
"SHB","13:36:57",11.35,0.05,10000,8375500,"B"
"SHB","13:36:56",11.35,0.05,1000,8365500,"B"
"SHB","13:36:55",11.35,0.05,2000,8364500,"B"
"SHB","13:36:51",11.4,0.1,2000,8362500,"S"
"SHB","13:36:47",11.35,0.05,1000,8360500,"B"
"SHB","13:36:47",11.4,0.1,80000,8359500,"S"
"SHB","13:36:47",11.35,0.05,1000,8279500,"B"
"SHB","13:36:42",11.35,0.05,1000,8278500,"B"
"SHB","13:36:41",11.35,0.05,42500,8277500,"B"
"SHB","13:36:40",11.4,0.1,116700,8235000,"S"
"SHB","13:36:39",11.4,0.1,33300,8118300,"S"
"SHB","13:36:32",11.35,0.05,3000,8085000,"B"
"SHB","13:36:30",11.35,0.05,50000,8082000,"B"
"SHB","13:36:29",11.35,0.05,100,8032000,"B"
"SHB","13:36:28",11.4,0.1,80000,8031900,"S"
"SHB","13:36:17",11.35,0.05,2000,7951900,"B"
"SHB","13:36:17",11.4,0.1,39200,7949900,"S"
"SHB","13:36:16",11.4,0.1,60800,7910700,"S"
"SHB","13:36:09",11.4,0.1,120000,7849900,"S"
"SHB","13:36:07",11.35,0.05,100,7729900,"B"
"SHB","13:36:04",11.35,0.05,100,7729800,"B"
"SHB","13:36:00",11.35,0.05,300,7729700,"B"
"SHB","13:35:59",11.35,0.05,1800,7729400,"B"
"SHB","13:35:54",11.35,0.05,8000,7727600,"B"
"SHB","13:35:43",11.35,0.05,500,7719600,"B"
"SHB","13:35:31",11.35,0.05,900,7719100,"B"
"SHB","13:35:25",11.35,0.05,1000,7718200,"B"
"SHB","13:35:13",11.35,0.05,100,7717200,"B"
"SHB","13:35:10",11.35,0.05,2000,7717100,"B"
"SHB","13:35:10",11.35,0.05,1100,7715100,"B"
"SHB","13:35:08",11.35,0.05,2200,7714000,"B"
"SHB","13:35:08",11.35,0.05,500,7711800,"B"
"SHB","13:35:03",11.35,0.05,500,7711300,"B"
"SHB","13:35:02",11.35,0.05,100,7710800,"B"
"SHB","13:34:58",11.35,0.05,1000,7710700,"B"
"SHB","13:34:57",11.35,0.05,100,7709700,"B"
"SHB","13:34:51",11.35,0.05,300,7709600,"B"
"SHB","13:34:50",11.35,0.05,200,7709300,"B"
"SHB","13:34:43",11.35,0.05,100,7709100,"B"
"SHB","13:34:41",11.35,0.05,2500,7709000,"S"
"SHB","13:34:40",11.35,0.05,500,7706500,"S"
"SHB","13:34:39",11.35,0.05,10000,7706000,"S"
"SHB","13:34:26",11.35,0.05,100,7696000,"S"
"SHB","13:34:15",11.35,0.05,3200,7695900,"B"
"SHB","13:34:12",11.35,0.05,10000,7692700,"B"
"SHB","13:34:08",11.35,0.05,100,7682700,"B"
"SHB","13:34:05",11.35,0.05,1000,7682600,"B"
"SHB","13:34:05",11.35,0.05,5000,7681600,"B"
"SHB","13:34:02",11.35,0.05,700,7676600,"B"
"SHB","13:34:00",11.35,0.05,9500,7675900,"B"
"SHB","13:33:59",11.35,0.05,500,7666400,"B"
"SHB","13:33:56",11.35,0.05,500,7665900,"B"
"SHB","13:33:55",11.35,0.05,5000,7665400,"B"
"SHB","13:33:51",11.35,0.05,400,7660400,"B"
"SHB","13:33:50",11.35,0.05,900,7660000,"B"
"SHB","13:33:49",11.35,0.05,200,7659100,"B"
"SHB","13:33:46",11.35,0.05,1000,7658900,"B"
"SHB","13:33:43",11.35,0.05,2000,7657900,"B"
"SHB","13:33:00",11.35,0.05,1500,7655900,"S"
"SHB","13:32:59",11.35,0.05,90000,7654400,"S"
"SHB","13:32:56",11.35,0.05,3000,7564400,"S"
"SHB","13:32:48",11.35,0.05,100000,7561400,"S"
"SHB","13:32:41",11.35,0.05,5000,7461400,"S"
"SHB","13:32:40",11.35,0.05,100,7456400,"S"
"SHB","13:32:39",11.35,0.05,13900,7456300,"S"
"SHB","13:32:38",11.35,0.05,176100,7442400,"S"
"SHB","13:32:29",11.35,0.05,230000,7266300,"S"
"SHB","13:32:27",11.35,0.05,4800,7036300,"S"
"SHB","13:32:20",11.35,0.05,180000,7031500,"S"
"SHB","13:32:10",11.35,0.05,7200,6851500,"S"
"SHB","13:32:10",11.35,0.05,42800,6844300,"S"
"SHB","13:31:41",11.35,0.05,900,6801500,"S"
"SHB","13:31:32",11.35,0.05,700,6800600,"S"
"SHB","13:31:31",11.35,0.05,20000,6799900,"S"
"SHB","13:31:24",11.35,0.05,1000,6779900,"S"
"SHB","13:31:17",11.35,0.05,1800,6778900,"S"
"SHB","13:31:09",11.35,0.05,2000,6777100,"S"
"SHB","13:31:00",11.35,0.05,500,6775100,"S"
"SHB","13:30:49",11.35,0.05,14400,6774600,"S"
"SHB","13:30:45",11.35,0.05,9600,6760200,"S"
"SHB","13:30:44",11.3,0,3700,6750600,"B"
"SHB","13:30:43",11.35,0.05,800,6746900,"S"
"SHB","13:30:35",11.35,0.05,4800,6746100,"S"
"SHB","13:30:17",11.3,0,5000,6741300,"B"
"SHB","13:29:31",11.3,0,1000,6736300,"B"
"SHB","13:29:11",11.3,0,5000,6735300,"B"
"SHB","13:28:46",11.3,0,2000,6730300,"B"
"SHB","13:28:35",11.3,0,1000,6728300,"B"
"SHB","13:28:19",11.3,0,5000,6727300,"B"
"SHB","13:28:14",11.3,0,20100,6722300,"S"
"SHB","13:27:45",11.3,0,15000,6702200,"S"
"SHB","13:27:41",11.3,0,600,6687200,"S"
"SHB","13:27:23",11.3,0,100,6686600,"S"
"SHB","13:27:12",11.3,0,3300,6686500,"B"
"SHB","13:27:05",11.3,0,5800,6683200,"B"
"SHB","13:27:02",11.3,0,100,6677400,"B"
"SHB","13:26:32",11.3,0,70000,6677300,"B"
"SHB","13:26:23",11.3,0,1000,6607300,"B"
"SHB","13:26:11",11.3,0,15000,6606300,"B"
"SHB","13:26:02",11.3,0,100,6591300,"B"
"SHB","13:25:44",11.3,0,700,6591200,"B"
"SHB","13:25:26",11.3,0,100,6590500,"B"
"SHB","13:25:06",11.3,0,1000,6590400,"B"
"SHB","13:24:36",11.3,0,200,6589400,"B"
"SHB","13:24:26",11.3,0,1300,6589200,"S"
"SHB","13:24:25",11.3,0,5100,6587900,"S"
"SHB","13:24:24",11.3,0,200,6582800,"S"
"SHB","13:24:23",11.3,0,20000,6582600,"S"
"SHB","13:24:22",11.3,0,30000,6562600,"S"
"SHB","13:24:19",11.3,0,1400,6532600,"S"
"SHB","13:24:18",11.3,0,30000,6531200,"S"
"SHB","13:24:15",11.3,0,8000,6501200,"S"
"SHB","13:24:13",11.3,0,500,6493200,"S"
"SHB","13:24:10",11.3,0,1000,6492700,"S"
"SHB","13:24:06",11.3,0,100,6491700,"S"
"SHB","13:23:58",11.3,0,1000,6491600,"S"
"SHB","13:23:56",11.3,0,5000,6490600,"S"
"SHB","13:23:52",11.3,0,100,6485600,"S"
"SHB","13:23:50",11.25,-0.05,7000,6485500,"B"
"SHB","13:23:49",11.3,0,33000,6478500,"S"
"SHB","13:23:47",11.3,0,100,6445500,"S"
"SHB","13:23:45",11.3,0,4800,6445400,"S"
"SHB","13:23:38",11.3,0,10000,6440600,"S"
"SHB","13:23:33",11.3,0,1000,6430600,"S"
"SHB","13:23:29",11.3,0,10000,6429600,"S"
"SHB","13:23:04",11.3,0,1000,6419600,"S"
"SHB","13:22:24",11.3,0,200,6418600,"S"
"SHB","13:22:06",11.3,0,1000,6418400,"S"
"SHB","13:22:04",11.25,-0.05,100,6417400,"B"
"SHB","13:22:02",11.3,0,100,6417300,"S"
"SHB","13:21:51",11.3,0,100000,6417200,"S"
"SHB","13:21:09",11.3,0,100,6317200,"S"
"SHB","13:20:53",11.3,0,1000,6317100,"S"
"SHB","13:20:28",11.3,0,100,6316100,"S"
"SHB","13:20:27",11.3,0,200,6316000,"S"
"SHB","13:20:24",11.3,0,5000,6315800,"S"
"SHB","13:20:12",11.3,0,1000,6310800,"S"
"SHB","13:20:07",11.3,0,5700,6309800,"S"
"SHB","13:20:04",11.3,0,3000,6304100,"S"
"SHB","13:20:02",11.3,0,600,6301100,"S"
"SHB","13:20:01",11.25,-0.05,6900,6300500,"B"
"SHB","13:19:58",11.3,0,100,6293600,"S"
"SHB","13:19:41",11.3,0,3300,6293500,"S"
"SHB","13:19:40",11.3,0,6400,6290200,"B"
"SHB","13:19:39",11.3,0,49100,6283800,"B"
"SHB","13:19:25",11.35,0.05,100,6234700,"S"
"SHB","13:18:46",11.3,0,100,6234600,"B"
"SHB","13:17:00",11.35,0.05,9600,6234500,"S"
"SHB","13:16:59",11.3,0,1000,6224900,"B"
"SHB","13:16:39",11.3,0,3000,6223900,"B"
"SHB","13:16:39",11.35,0.05,9700,6220900,"S"
"SHB","13:16:36",11.3,0,100,6211200,"B"
"SHB","13:16:27",11.3,0,10000,6211100,"B"
"SHB","13:16:24",11.3,0,6300,6201100,"S"
"SHB","13:16:22",11.3,0,200,6194800,"S"
"SHB","13:16:18",11.3,0,5000,6194600,"S"
"SHB","13:16:17",11.3,0,600,6189600,"S"
"SHB","13:16:15",11.3,0,900,6189000,"S"
"SHB","13:16:11",11.3,0,4900,6188100,"S"
"SHB","13:16:09",11.3,0,2000,6183200,"S"
"SHB","13:16:00",11.3,0,5000,6181200,"S"
"SHB","13:15:57",11.3,0,500,6176200,"S"
"SHB","13:15:56",11.3,0,10200,6175700,"S"
"SHB","13:15:49",11.3,0,500,6165500,"S"
"SHB","13:15:43",11.3,0,10700,6165000,"S"
"SHB","13:15:27",11.3,0,66300,6154300,"B"
"SHB","13:15:07",11.3,0,19400,6088000,"B"
"SHB","13:14:11",11.3,0,100,6068600,"S"
"SHB","13:14:11",11.3,0,200,6068500,"S"
"SHB","13:14:09",11.3,0,800,6068300,"S"
"SHB","13:14:07",11.3,0,1000,6067500,"S"
"SHB","13:14:05",11.3,0,100,6066500,"S"
"SHB","13:14:04",11.3,0,100,6066400,"S"
"SHB","13:14:02",11.3,0,10000,6066300,"S"
"SHB","13:13:58",11.3,0,500,6056300,"S"
"SHB","13:13:52",11.3,0,100,6055800,"S"
"SHB","13:13:46",11.3,0,300,6055700,"S"
"SHB","13:13:42",11.3,0,20000,6055400,"S"
"SHB","13:13:41",11.3,0,3400,6035400,"S"
"SHB","13:13:23",11.3,0,40000,6032000,"S"
"SHB","13:13:17",11.3,0,100,5992000,"S"
"SHB","13:13:16",11.3,0,500,5991900,"S"
"SHB","13:13:06",11.3,0,100,5991400,"S"
"SHB","13:13:04",11.3,0,1000,5991300,"S"
"SHB","13:12:57",11.3,0,300,5990300,"S"
"SHB","13:12:52",11.3,0,100000,5990000,"S"
"SHB","13:12:48",11.3,0,100,5890000,"S"
"SHB","13:12:45",11.3,0,200,5889900,"S"
"SHB","13:12:23",11.3,0,100,5889700,"S"
"SHB","13:12:15",11.3,0,5000,5889600,"S"
"SHB","13:11:56",11.3,0,2100,5884600,"S"
"SHB","13:11:45",11.25,-0.05,5000,5882500,"B"
"SHB","13:11:39",11.3,0,12000,5877500,"S"
"SHB","13:11:22",11.3,0,100,5865500,"S"
"SHB","13:11:18",11.25,-0.05,100000,5865400,"B"
"SHB","13:11:17",11.3,0,5000,5765400,"S"
"SHB","13:11:02",11.25,-0.05,700,5760400,"B"
"SHB","13:10:53",11.3,0,58100,5759700,"B"
"SHB","13:10:48",11.3,0,1000,5701600,"B"
"SHB","13:10:22",11.3,0,500,5700600,"B"
"SHB","13:10:15",11.3,0,300,5700100,"B"
"SHB","13:10:15",11.3,0,900,5699800,"B"
"SHB","13:10:06",11.3,0,600,5698900,"B"
"SHB","13:10:05",11.3,0,500,5698300,"B"
"SHB","13:09:51",11.3,0,1400,5697800,"B"
"SHB","13:09:39",11.35,0.05,400,5696400,"S"
"SHB","13:09:37",11.3,0,1300,5696000,"B"
"SHB","13:09:35",11.3,0,100,5694700,"B"
"SHB","13:09:17",11.3,0,11100,5694600,"S"
"SHB","13:09:09",11.3,0,500,5683500,"S"
"SHB","13:09:06",11.3,0,1000,5683000,"S"
"SHB","13:09:06",11.3,0,1000,5682000,"S"
"SHB","13:09:02",11.3,0,300,5681000,"S"
"SHB","13:09:02",11.3,0,100,5680700,"S"
"SHB","13:09:01",11.25,-0.05,2200,5680600,"B"
"SHB","13:08:57",11.3,0,1000,5678400,"S"
"SHB","13:08:51",11.3,0,500,5677400,"S"
"SHB","13:08:45",11.3,0,1700,5676900,"S"
"SHB","13:08:38",11.3,0,21000,5675200,"S"
"SHB","13:08:34",11.3,0,500,5654200,"S"
"SHB","13:08:32",11.3,0,150000,5653700,"S"
"SHB","13:08:27",11.3,0,2900,5503700,"S"
"SHB","13:07:42",11.3,0,26900,5500800,"S"
"SHB","13:07:30",11.3,0,25000,5473900,"S"
"SHB","13:07:26",11.3,0,5000,5448900,"S"
"SHB","13:07:16",11.3,0,100,5443900,"S"
"SHB","13:07:11",11.3,0,10000,5443800,"S"
"SHB","13:06:40",11.3,0,10000,5433800,"S"
"SHB","13:06:30",11.3,0,100,5423800,"S"
"SHB","13:06:08",11.3,0,2000,5423700,"S"
"SHB","13:05:46",11.3,0,200,5421700,"S"
"SHB","13:05:33",11.3,0,20000,5421500,"S"
"SHB","13:05:27",11.3,0,30700,5401500,"S"
"SHB","13:05:20",11.3,0,1000,5370800,"S"
"SHB","13:04:44",11.3,0,200,5369800,"S"
"SHB","13:04:39",11.3,0,2000,5369600,"S"
"SHB","13:04:29",11.3,0,300,5367600,"S"
"SHB","13:04:10",11.25,-0.05,100,5367300,"B"
"SHB","13:04:02",11.25,-0.05,300,5367200,"B"
"SHB","13:03:49",11.25,-0.05,1800,5366900,"B"
"SHB","13:03:37",11.25,-0.05,5000,5365100,"B"
"SHB","13:02:21",11.25,-0.05,100,5360100,"B"
"SHB","13:01:55",11.25,-0.05,16200,5360000,"B"
"SHB","13:01:52",11.3,0,3000,5343800,"S"
"SHB","13:00:56",11.3,0,800,5340800,"S"
"SHB","13:00:29",11.3,0,200,5340000,"S"
"SHB","13:00:27",11.3,0,400,5339800,"S"
"SHB","13:00:24",11.3,0,200,5339400,"S"
"SHB","13:00:24",11.3,0,300,5339200,"S"
"SHB","13:00:22",11.3,0,1000,5338900,"S"
"SHB","13:00:19",11.3,0,500,5337900,"S"
"SHB","13:00:15",11.3,0,1000,5337400,"S"
"SHB","13:00:13",11.3,0,300,5336400,"S"
"SHB","13:00:13",11.3,0,500,5336100,"S"
"SHB","13:00:12",11.3,0,1000,5335600,"S"
"SHB","13:00:11",11.3,0,500,5334600,"S"
"SHB","13:00:11",11.3,0,500,5334100,"S"
"SHB","13:00:07",11.3,0,200,5333600,"S"
"SHB","13:00:06",11.3,0,500,5333400,"S"
"SHB","13:00:05",11.3,0,30300,5332900,"S"
"SHB","13:00:04",11.3,0,100,5302600,"S"
"SHB","13:00:03",11.3,0,500,5302500,"S"
"SHB","13:00:03",11.3,0,100,5302000,"S"
"SHB","13:00:02",11.3,0,1100,5301900,"S"
"SHB","13:00:02",11.3,0,1000,5300800,"S"
"SHB","13:00:01",11.3,0,400,5299800,"S"
"SHB","13:00:01",11.25,-0.05,200,5299400,"B"
"SHB","11:29:38",11.3,0,100,5299200,"S"
"SHB","11:29:25",11.3,0,10000,5299100,"S"
"SHB","11:28:46",11.3,0,900,5289100,"S"
"SHB","11:28:25",11.3,0,100,5288200,"S"
"SHB","11:28:20",11.3,0,2000,5288100,"S"
"SHB","11:27:53",11.3,0,100,5286100,"S"
"SHB","11:27:02",11.3,0,100,5286000,"S"
"SHB","11:26:44",11.3,0,200,5285900,"S"
"SHB","11:26:40",11.25,-0.05,100,5285700,"B"
"SHB","11:26:34",11.3,0,100,5285600,"S"
"SHB","11:26:19",11.3,0,200,5285500,"S"
"SHB","11:26:16",11.3,0,500,5285300,"S"
"SHB","11:25:51",11.3,0,2500,5284800,"S"
"SHB","11:25:36",11.3,0,900,5282300,"S"
"SHB","11:25:35",11.3,0,200,5281400,"S"
"SHB","11:25:18",11.3,0,100,5281200,"S"
"SHB","11:25:05",11.3,0,20000,5281100,"S"
"SHB","11:25:03",11.25,-0.05,100,5261100,"B"
"SHB","11:24:42",11.3,0,10000,5261000,"S"
"SHB","11:23:58",11.3,0,500,5251000,"S"
"SHB","11:23:54",11.3,0,2200,5250500,"S"
"SHB","11:23:42",11.3,0,600,5248300,"S"
"SHB","11:23:41",11.3,0,10000,5247700,"S"
"SHB","11:23:37",11.3,0,1000,5237700,"S"
"SHB","11:23:34",11.3,0,500,5236700,"S"
"SHB","11:23:31",11.3,0,1000,5236200,"S"
"SHB","11:22:39",11.3,0,300,5235200,"S"
"SHB","11:22:21",11.3,0,5900,5229900,"S"
"SHB","11:22:13",11.3,0,1000,5224000,"S"
"SHB","11:22:08",11.3,0,4800,5223000,"S"
"SHB","11:21:58",11.3,0,4800,5218200,"S"
"SHB","11:21:42",11.3,0,4800,5213400,"S"
"SHB","11:21:33",11.25,-0.05,100,5208600,"B"
"SHB","11:21:27",11.3,0,4800,5208500,"S"
"SHB","11:20:53",11.25,-0.05,300,5203700,"B"
"SHB","11:20:35",11.3,0,1300,5203400,"S"
"SHB","11:20:34",11.3,0,1000,5202100,"S"
"SHB","11:20:26",11.3,0,13900,5201100,"S"
"SHB","11:20:18",11.3,0,400,5187200,"S"
"SHB","11:20:12",11.3,0,300,5186800,"S"
"SHB","11:19:43",11.3,0,300,5186500,"S"
"SHB","11:19:37",11.3,0,100,5186200,"S"
"SHB","11:19:14",11.25,-0.05,200,5186100,"B"
"SHB","11:18:42",11.25,-0.05,5400,5185900,"B"
"SHB","11:18:40",11.25,-0.05,2000,5180500,"B"
"SHB","11:18:30",11.3,0,2000,5178500,"S"
"SHB","11:17:56",11.3,0,300,5176500,"S"
"SHB","11:17:22",11.3,0,200,5176200,"S"
"SHB","11:16:49",11.3,0,500,5176000,"S"
"SHB","11:16:29",11.3,0,500,5175500,"B"
"SHB","11:16:09",11.3,0,9700,5175000,"S"
"SHB","11:15:53",11.25,-0.05,300,5165300,"B"
"SHB","11:15:36",11.3,0,500,5165000,"S"
"SHB","11:15:15",11.3,0,1000,5164500,"S"
"SHB","11:15:08",11.3,0,3700,5163500,"B"
"SHB","11:15:06",11.3,0,20000,5159800,"B"
"SHB","11:14:43",11.3,0,5000,5139800,"B"
"SHB","11:14:40",11.3,0,200,5134800,"B"
"SHB","11:14:38",11.3,0,500,5134600,"B"
"SHB","11:14:32",11.3,0,1000,5134100,"B"
"SHB","11:14:25",11.3,0,100,5133100,"B"
"SHB","11:14:17",11.35,0.05,4800,5133000,"S"
"SHB","11:14:04",11.3,0,1000,5128200,"B"
"SHB","11:13:57",11.3,0,500,5127200,"B"
"SHB","11:13:53",11.3,0,200,5126700,"B"
"SHB","11:13:47",11.3,0,5400,5126500,"B"
"SHB","11:13:33",11.3,0,500,5121100,"B"
"SHB","11:13:20",11.3,0,3000,5120600,"B"
"SHB","11:12:31",11.3,0,4800,5117600,"B"
"SHB","11:12:30",11.3,0,4800,5112800,"B"
"SHB","11:12:28",11.3,0,1000,5108000,"B"
"SHB","11:12:23",11.3,0,7000,5107000,"B"
"SHB","11:12:17",11.3,0,500,5100000,"B"
"SHB","11:12:14",11.3,0,200,5099500,"B"
"SHB","11:11:53",11.3,0,18000,5099300,"B"
"SHB","11:11:36",11.3,0,500,5081300,"B"
"SHB","11:11:21",11.3,0,700,5080800,"B"
"SHB","11:11:07",11.3,0,2000,5080100,"B"
"SHB","11:10:55",11.35,0.05,100,5078100,"S"
"SHB","11:10:15",11.35,0.05,500,5078000,"S"
"SHB","11:10:12",11.3,0,3000,5077500,"B"
"SHB","11:09:58",11.3,0,200,5074500,"B"
"SHB","11:09:37",11.3,0,500,5074300,"B"
"SHB","11:08:57",11.3,0,100,5073800,"B"
"SHB","11:08:28",11.35,0.05,4800,5073700,"S"
"SHB","11:07:58",11.35,0.05,4800,5068900,"S"
"SHB","11:07:51",11.3,0,3000,5064100,"B"
"SHB","11:07:46",11.35,0.05,4800,5061100,"S"
"SHB","11:07:35",11.35,0.05,4800,5056300,"S"
"SHB","11:07:33",11.3,0,10000,5051500,"B"
"SHB","11:07:20",11.3,0,900,5041500,"B"
"SHB","11:07:14",11.3,0,100,5040600,"B"
"SHB","11:07:04",11.3,0,7600,5040500,"S"
"SHB","11:07:02",11.3,0,5000,5032900,"S"
"SHB","11:06:56",11.3,0,4000,5027900,"S"
"SHB","11:06:54",11.3,0,800,5023900,"S"
"SHB","11:06:52",11.3,0,20000,5023100,"S"
"SHB","11:06:47",11.3,0,4800,5003100,"S"
"SHB","11:06:41",11.3,0,200,4998300,"S"
"SHB","11:06:39",11.3,0,10000,4998100,"S"
"SHB","11:06:38",11.3,0,500,4988100,"S"
"SHB","11:06:33",11.3,0,4800,4987600,"S"
"SHB","11:06:23",11.3,0,200,4982800,"S"
"SHB","11:06:15",11.3,0,9600,4982600,"S"
"SHB","11:06:01",11.25,-0.05,200,4973000,"B"
"SHB","11:05:57",11.3,0,9300,4972800,"S"
"SHB","11:05:53",11.3,0,9600,4963500,"S"
"SHB","11:05:45",11.3,0,1000,4953900,"S"
"SHB","11:05:44",11.3,0,9600,4952900,"S"
"SHB","11:05:43",11.3,0,2000,4943300,"S"
"SHB","11:05:40",11.3,0,200,4941300,"S"
"SHB","11:05:38",11.3,0,1500,4941100,"S"
"SHB","11:05:36",11.3,0,21100,4939600,"B"
"SHB","11:05:33",11.3,0,1000,4918500,"B"
"SHB","11:05:22",11.3,0,500,4917500,"B"
"SHB","11:05:17",11.3,0,400,4917000,"S"
"SHB","11:05:15",11.3,0,200,4916600,"S"
"SHB","11:05:14",11.3,0,700,4916400,"S"
"SHB","11:05:11",11.3,0,2000,4915700,"S"
"SHB","11:05:08",11.3,0,5000,4913700,"S"
"SHB","11:05:05",11.3,0,900,4908700,"S"
"SHB","11:05:04",11.3,0,500,4907800,"S"
"SHB","11:05:03",11.3,0,40000,4907300,"S"
"SHB","11:04:42",11.3,0,100,4867300,"S"
"SHB","11:04:31",11.3,0,5000,4867200,"S"
"SHB","11:04:24",11.3,0,6500,4862200,"S"
"SHB","11:04:22",11.3,0,21000,4855700,"S"
"SHB","11:04:20",11.3,0,200,4834700,"S"
"SHB","11:04:10",11.3,0,19000,4834500,"S"
"SHB","11:03:47",11.3,0,20000,4815500,"S"
"SHB","11:03:34",11.3,0,1000,4795500,"S"
"SHB","11:03:17",11.3,0,500,4794500,"S"
"SHB","11:03:06",11.3,0,1300,4794000,"S"
"SHB","11:02:04",11.3,0,5000,4792700,"S"
"SHB","11:01:09",11.25,-0.05,1000,4787700,"B"
"SHB","11:00:58",11.3,0,100,4786700,"S"
"SHB","11:00:30",11.25,-0.05,5400,4786600,"B"
"SHB","11:00:21",11.3,0,5000,4781200,"S"
"SHB","11:00:16",11.25,-0.05,5400,4776200,"B"
"SHB","10:59:59",11.25,-0.05,5400,4770800,"B"
"SHB","10:59:50",11.3,0,2900,4765400,"S"
"SHB","10:59:49",11.3,0,100,4762500,"S"
"SHB","10:59:38",11.3,0,9400,4762400,"B"
"SHB","10:59:37",11.3,0,100000,4753000,"B"
"SHB","10:59:27",11.3,0,10000,4653000,"B"
"SHB","10:59:26",11.3,0,12200,4643000,"B"
"SHB","10:59:25",11.3,0,9100,4630800,"B"
"SHB","10:59:24",11.3,0,190900,4621700,"B"
"SHB","10:59:07",11.3,0,10000,4430800,"B"
"SHB","10:58:52",11.3,0,10000,4420800,"B"
"SHB","10:58:37",11.35,0.05,400,4410800,"S"
"SHB","10:58:06",11.3,0,125000,4410400,"B"
"SHB","10:57:57",11.3,0,1000,4285400,"B"
"SHB","10:57:39",11.35,0.05,3300,4284400,"S"
"SHB","10:57:38",11.35,0.05,6700,4281100,"S"
"SHB","10:57:34",11.3,0,500,4274400,"B"
"SHB","10:57:30",11.3,0,500,4273900,"B"
"SHB","10:57:28",11.3,0,10000,4273400,"B"
"SHB","10:57:25",11.3,0,200,4263400,"B"
"SHB","10:57:09",11.3,0,5400,4263200,"B"
"SHB","10:56:55",11.3,0,7500,4257800,"B"
"SHB","10:56:13",11.3,0,200,4250300,"B"
"SHB","10:56:09",11.3,0,20000,4250100,"B"
"SHB","10:56:08",11.35,0.05,1000,4230100,"S"
"SHB","10:55:48",11.3,0,100000,4229100,"B"
"SHB","10:55:41",11.3,0,5000,4129100,"B"
"SHB","10:55:31",11.3,0,3700,4124100,"B"
"SHB","10:54:50",11.3,0,1000,4120400,"B"
"SHB","10:54:40",11.3,0,2000,4119400,"B"
"SHB","10:54:23",11.3,0,300,4117400,"B"
"SHB","10:54:07",11.3,0,13000,4117100,"B"
"SHB","10:54:06",11.3,0,100,4104100,"B"
"SHB","10:54:04",11.3,0,2000,4104000,"B"
"SHB","10:53:48",11.3,0,1500,4102000,"B"
"SHB","10:53:37",11.3,0,200,4100500,"B"
"SHB","10:53:34",11.3,0,14400,4100300,"B"
"SHB","10:53:26",11.3,0,1000,4085900,"B"
"SHB","10:52:55",11.3,0,5500,4084900,"B"
"SHB","10:52:52",11.3,0,1200,4079400,"B"
"SHB","10:52:18",11.3,0,5000,4078200,"B"
"SHB","10:52:09",11.3,0,200,4073200,"B"
"SHB","10:52:04",11.35,0.05,2000,4073000,"S"
"SHB","10:51:28",11.35,0.05,2000,4071000,"S"
"SHB","10:51:08",11.35,0.05,4700,4069000,"S"
"SHB","10:51:03",11.3,0,1200,4064300,"B"
"SHB","10:50:47",11.3,0,10000,4063100,"B"
"SHB","10:50:36",11.3,0,700,4053100,"B"
"SHB","10:50:22",11.35,0.05,100,4052400,"S"
"SHB","10:49:56",11.35,0.05,900,4052300,"S"
"SHB","10:49:56",11.35,0.05,10000,4051400,"S"
"SHB","10:49:39",11.35,0.05,1000,4041400,"S"
"SHB","10:48:53",11.3,0,300,4040400,"B"
"SHB","10:48:23",11.35,0.05,4800,4040100,"S"
"SHB","10:48:22",11.3,0,5000,4035300,"B"
"SHB","10:48:04",11.35,0.05,400,4030300,"S"
"SHB","10:47:20",11.35,0.05,100,4029900,"S"
"SHB","10:46:49",11.35,0.05,30000,4029800,"S"
"SHB","10:46:19",11.35,0.05,100,3999800,"S"
"SHB","10:46:09",11.3,0,100,3999700,"B"
"SHB","10:46:06",11.35,0.05,20000,3999600,"S"
"SHB","10:45:39",11.35,0.05,100,3979600,"S"
"SHB","10:44:45",11.3,0,2100,3979500,"B"
"SHB","10:44:39",11.3,0,300,3977400,"B"
"SHB","10:44:24",11.3,0,400,3977100,"B"
"SHB","10:43:57",11.3,0,122000,3976700,"B"
"SHB","10:43:27",11.35,0.05,4800,3854700,"S"
"SHB","10:43:25",11.3,0,2000,3849900,"B"
"SHB","10:43:23",11.3,0,200,3847900,"B"
"SHB","10:43:11",11.35,0.05,300,3847700,"S"
"SHB","10:43:11",11.3,0,10000,3847400,"B"
"SHB","10:42:46",11.3,0,5000,3837400,"B"
"SHB","10:42:22",11.3,0,200,3832400,"B"
"SHB","10:42:19",11.3,0,1000,3832200,"B"
"SHB","10:41:48",11.35,0.05,2000,3831200,"S"
"SHB","10:41:45",11.35,0.05,1000,3829200,"S"
"SHB","10:41:32",11.35,0.05,1500,3828200,"S"
"SHB","10:41:29",11.35,0.05,4800,3826700,"S"
"SHB","10:41:09",11.35,0.05,1000,3821900,"S"
"SHB","10:40:32",11.35,0.05,3000,3820900,"S"
"SHB","10:40:28",11.3,0,100,3817900,"B"
"SHB","10:40:13",11.35,0.05,100,3817800,"S"
"SHB","10:40:00",11.35,0.05,2000,3817700,"S"
"SHB","10:39:44",11.35,0.05,1500,3815700,"S"
"SHB","10:39:43",11.3,0,4500,3814200,"B"
"SHB","10:39:39",11.3,0,300,3809700,"B"
"SHB","10:39:36",11.3,0,1200,3809400,"B"
"SHB","10:39:22",11.3,0,1000,3808200,"B"
"SHB","10:39:21",11.3,0,1000,3807200,"B"
"SHB","10:39:21",11.3,0,5000,3806200,"B"
"SHB","10:38:58",11.3,0,1000,3801200,"B"
"SHB","10:38:08",11.3,0,500,3800200,"B"
"SHB","10:37:38",11.3,0,700,3799700,"B"
"SHB","10:37:34",11.3,0,800,3799000,"B"
"SHB","10:37:32",11.3,0,2700,3798200,"B"
"SHB","10:37:12",11.3,0,1000,3795500,"B"
"SHB","10:37:03",11.3,0,5000,3794500,"B"
"SHB","10:36:44",11.3,0,200,3789500,"B"
"SHB","10:36:21",11.3,0,100,3789300,"B"
"SHB","10:36:04",11.3,0,20000,3789200,"B"
"SHB","10:35:47",11.3,0,1000,3769200,"B"
"SHB","10:35:41",11.3,0,5000,3768200,"B"
"SHB","10:35:14",11.3,0,100,3763200,"B"
"SHB","10:35:12",11.3,0,3000,3763100,"B"
"SHB","10:35:01",11.3,0,2000,3760100,"B"
"SHB","10:34:37",11.3,0,300,3758100,"B"
"SHB","10:34:21",11.35,0.05,300,3757800,"S"
"SHB","10:33:50",11.3,0,300,3757500,"B"
"SHB","10:33:27",11.3,0,100,3757200,"B"
"SHB","10:32:57",11.3,0,3500,3757100,"B"
"SHB","10:32:46",11.3,0,5000,3753600,"B"
"SHB","10:32:37",11.3,0,100,3748600,"B"
"SHB","10:32:05",11.35,0.05,10000,3748500,"S"
"SHB","10:31:45",11.35,0.05,200,3738500,"S"
"SHB","10:31:37",11.3,0,1800,3738300,"B"
"SHB","10:30:42",11.35,0.05,10000,3736500,"S"
"SHB","10:30:15",11.35,0.05,300,3726500,"S"
"SHB","10:30:03",11.3,0,100,3726200,"B"
"SHB","10:29:56",11.35,0.05,100,3726100,"S"
"SHB","10:29:43",11.3,0,200,3726000,"B"
"SHB","10:29:35",11.35,0.05,200,3725800,"S"
"SHB","10:28:26",11.35,0.05,400,3725600,"S"
"SHB","10:28:01",11.3,0,5000,3725200,"B"
"SHB","10:27:55",11.3,0,100,3720200,"B"
"SHB","10:27:51",11.3,0,200,3720100,"B"
"SHB","10:27:34",11.3,0,2000,3719900,"B"
"SHB","10:27:30",11.3,0,15000,3717900,"B"
"SHB","10:27:14",11.3,0,300,3702900,"B"
"SHB","10:26:48",11.3,0,5000,3702600,"B"
"SHB","10:26:30",11.3,0,2000,3697600,"B"
"SHB","10:26:30",11.3,0,1200,3695600,"B"
"SHB","10:26:29",11.35,0.05,5000,3694400,"S"
"SHB","10:26:21",11.3,0,6000,3689400,"B"
"SHB","10:26:20",11.3,0,1100,3683400,"B"
"SHB","10:25:50",11.3,0,300,3682300,"B"
"SHB","10:25:38",11.3,0,300,3682000,"B"
"SHB","10:25:22",11.3,0,1000,3681700,"B"
"SHB","10:25:20",11.3,0,7900,3680700,"B"
"SHB","10:25:06",11.3,0,20000,3672800,"B"
"SHB","10:25:02",11.3,0,5600,3652800,"B"
"SHB","10:24:55",11.3,0,3500,3647200,"B"
"SHB","10:24:47",11.3,0,100,3643700,"B"
"SHB","10:24:38",11.3,0,2000,3643600,"B"
"SHB","10:24:34",11.3,0,1000,3641600,"B"
"SHB","10:24:29",11.3,0,2000,3640600,"B"
"SHB","10:24:28",11.3,0,5000,3638600,"B"
"SHB","10:23:53",11.3,0,5000,3633600,"B"
"SHB","10:23:50",11.3,0,100,3628600,"B"
"SHB","10:23:46",11.3,0,600,3628500,"B"
"SHB","10:23:45",11.3,0,2000,3627900,"B"
"SHB","10:23:15",11.3,0,200,3625900,"B"
"SHB","10:22:57",11.35,0.05,100,3625700,"S"
"SHB","10:22:47",11.25,-0.05,19800,3625600,"B"
"SHB","10:22:47",11.3,0,200,3605800,"B"
"SHB","10:22:30",11.25,-0.05,9600,3605600,"B"
"SHB","10:22:26",11.35,0.05,8200,3596000,"S"
"SHB","10:22:26",11.3,0,5800,3587800,"S"
"SHB","10:22:13",11.3,0,4800,3582000,"S"
"SHB","10:22:07",11.25,-0.05,4800,3577200,"B"
"SHB","10:22:04",11.3,0,2000,3572400,"S"
"SHB","10:21:55",11.25,-0.05,4800,3570400,"B"
"SHB","10:21:51",11.3,0,300,3565600,"S"
"SHB","10:21:43",11.3,0,2000,3565300,"S"
"SHB","10:21:28",11.3,0,200,3563300,"S"
"SHB","10:21:27",11.3,0,100,3563100,"S"
"SHB","10:21:21",11.25,-0.05,4800,3563000,"B"
"SHB","10:20:57",11.3,0,10000,3558200,"S"
"SHB","10:20:54",11.3,0,100,3548200,"S"
"SHB","10:20:53",11.3,0,5000,3548100,"S"
"SHB","10:20:41",11.3,0,500,3543100,"S"
"SHB","10:20:39",11.3,0,200,3542600,"S"
"SHB","10:20:36",11.25,-0.05,4800,3542400,"B"
"SHB","10:20:32",11.3,0,20000,3537600,"S"
"SHB","10:20:30",11.3,0,200,3517600,"S"
"SHB","10:20:20",11.3,0,900,3517400,"S"
"SHB","10:20:11",11.3,0,9900,3516500,"S"
"SHB","10:19:54",11.3,0,100,3506600,"S"
"SHB","10:19:41",11.3,0,1000,3506500,"S"
"SHB","10:19:36",11.3,0,15000,3505500,"S"
"SHB","10:19:35",11.3,0,1000,3490500,"S"
"SHB","10:19:05",11.3,0,300,3489500,"S"
"SHB","10:18:17",11.3,0,400,3489200,"S"
"SHB","10:18:09",11.3,0,1000,3488800,"S"
"SHB","10:18:06",11.3,0,500,3487800,"S"
"SHB","10:17:21",11.3,0,30000,3487300,"S"
"SHB","10:17:12",11.3,0,2000,3457300,"S"
"SHB","10:16:56",11.3,0,5700,3455300,"S"
"SHB","10:16:39",11.3,0,1000,3449600,"S"
"SHB","10:16:29",11.25,-0.05,500,3448600,"B"
"SHB","10:16:24",11.3,0,2100,3448100,"S"
"SHB","10:16:05",11.3,0,7000,3446000,"S"
"SHB","10:15:58",11.3,0,1000,3439000,"S"
"SHB","10:15:52",11.3,0,1000,3438000,"S"
"SHB","10:15:45",11.25,-0.05,9600,3437000,"B"
"SHB","10:15:44",11.3,0,1000,3427400,"S"
"SHB","10:15:44",11.3,0,10000,3426400,"S"
"SHB","10:15:31",11.3,0,5000,3416400,"S"
"SHB","10:15:19",11.3,0,12400,3411400,"S"
"SHB","10:15:08",11.25,-0.05,3900,3399000,"B"
"SHB","10:15:08",11.3,0,5700,3395100,"B"
"SHB","10:15:03",11.3,0,3100,3389400,"S"
"SHB","10:14:59",11.3,0,200,3386300,"S"
"SHB","10:14:50",11.3,0,100,3386100,"S"
"SHB","10:14:46",11.3,0,100,3386000,"S"
"SHB","10:14:45",11.3,0,1000,3385900,"S"
"SHB","10:14:42",11.3,0,2000,3384900,"S"
"SHB","10:14:42",11.3,0,1000,3382900,"S"
"SHB","10:14:34",11.3,0,3000,3381900,"S"
"SHB","10:14:28",11.3,0,300,3378900,"S"
"SHB","10:14:25",11.3,0,12000,3378600,"S"
"SHB","10:14:24",11.3,0,200,3366600,"S"
"SHB","10:14:16",11.3,0,300,3366400,"S"
"SHB","10:13:54",11.3,0,5000,3366100,"S"
"SHB","10:13:53",11.3,0,1000,3361100,"S"
"SHB","10:13:44",11.3,0,500,3360100,"S"
"SHB","10:13:34",11.3,0,1000,3359600,"S"
"SHB","10:13:28",11.3,0,1000,3358600,"S"
"SHB","10:13:26",11.3,0,2000,3357600,"S"
"SHB","10:13:19",11.3,0,10100,3355600,"S"
"SHB","10:13:18",11.3,0,100,3345500,"S"
"SHB","10:13:18",11.3,0,100,3345400,"S"
"SHB","10:13:07",11.3,0,500,3345300,"S"
"SHB","10:13:07",11.3,0,500,3344800,"S"
"SHB","10:13:04",11.3,0,14000,3344300,"S"
"SHB","10:12:59",11.3,0,1000,3330300,"S"
"SHB","10:12:57",11.3,0,300,3329300,"S"
"SHB","10:12:55",11.3,0,3100,3329000,"S"
"SHB","10:12:52",11.3,0,400,3325900,"S"
"SHB","10:12:49",11.3,0,5000,3303500,"S"
"SHB","10:12:30",11.3,0,800,3298500,"S"
"SHB","10:12:25",11.3,0,500,3297700,"S"
"SHB","10:12:24",11.3,0,300,3297200,"S"
"SHB","10:11:53",11.3,0,5800,3296900,"B"
"SHB","10:11:52",11.35,0.05,100,3291100,"S"
"SHB","10:11:51",11.3,0,1000,3291000,"B"
"SHB","10:11:48",11.3,0,400,3290000,"B"
"SHB","10:11:44",11.3,0,2000,3289600,"B"
"SHB","10:11:41",11.3,0,1000,3287600,"B"
"SHB","10:11:40",11.3,0,500,3286600,"B"
"SHB","10:11:31",11.3,0,9000,3286100,"B"
"SHB","10:11:30",11.3,0,2000,3277100,"B"
"SHB","10:11:17",11.3,0,11000,3275100,"B"
"SHB","10:11:14",11.3,0,2000,3264100,"B"
"SHB","10:11:10",11.3,0,19000,3262100,"B"
"SHB","10:11:08",11.3,0,100000,3243100,"B"
"SHB","10:11:07",11.3,0,1500,3143100,"B"
"SHB","10:11:04",11.3,0,700,3141600,"B"
"SHB","10:11:01",11.3,0,10000,3140900,"B"
"SHB","10:11:00",11.3,0,500,3130900,"B"
"SHB","10:10:59",11.3,0,3000,3130400,"B"
"SHB","10:10:55",11.3,0,1600,3127400,"B"
"SHB","10:10:51",11.3,0,4000,3125800,"B"
"SHB","10:10:49",11.3,0,5000,3121800,"B"
"SHB","10:10:46",11.3,0,100000,3116800,"B"
"SHB","10:10:44",11.3,0,1000,3016800,"B"
"SHB","10:10:36",11.3,0,20000,3015800,"B"
"SHB","10:10:34",11.3,0,49700,2995800,"B"
"SHB","10:10:28",11.3,0,500,2946100,"B"
"SHB","10:10:25",11.3,0,100,2945600,"B"
"SHB","10:10:19",11.35,0.05,50800,2945500,"S"
"SHB","10:10:16",11.3,0,100000,2894700,"B"
"SHB","10:09:48",11.35,0.05,1000,2794700,"S"
"SHB","10:09:26",11.35,0.05,50000,2793700,"S"
"SHB","10:09:15",11.3,0,900,2743700,"B"
"SHB","10:09:11",11.3,0,2800,2742800,"B"
"SHB","10:09:10",11.3,0,12500,2740000,"B"
"SHB","10:09:07",11.3,0,2300,2727500,"B"
"SHB","10:08:32",11.3,0,100,2725200,"B"
"SHB","10:08:27",11.3,0,10000,2725100,"B"
"SHB","10:08:22",11.3,0,17500,2715100,"B"
"SHB","10:08:21",11.3,0,3000,2697600,"B"
"SHB","10:08:17",11.3,0,10000,2694600,"B"
"SHB","10:08:09",11.3,0,20000,2684600,"B"
"SHB","10:08:07",11.3,0,1000,2664600,"B"
"SHB","10:07:56",11.35,0.05,500,2663600,"S"
"SHB","10:07:49",11.3,0,2900,2663100,"B"
"SHB","10:07:20",11.3,0,100,2660200,"B"
"SHB","10:07:08",11.3,0,200,2660100,"B"
"SHB","10:07:07",11.35,0.05,200,2659900,"S"
"SHB","10:06:47",11.3,0,2000,2659700,"B"
"SHB","10:06:46",11.3,0,100,2657700,"B"
"SHB","10:06:42",11.3,0,9600,2657600,"B"
"SHB","10:06:08",11.3,0,14000,2648000,"B"
"SHB","10:06:08",11.3,0,2000,2634000,"B"
"SHB","10:05:52",11.3,0,500,2632000,"B"
"SHB","10:05:46",11.3,0,4800,2631500,"B"
"SHB","10:05:39",11.3,0,3000,2626700,"B"
"SHB","10:05:22",11.3,0,200000,2623700,"B"
"SHB","10:05:20",11.35,0.05,1800,2423700,"S"
"SHB","10:04:46",11.35,0.05,10600,2421900,"S"
"SHB","10:04:43",11.35,0.05,100,2411300,"S"
"SHB","10:04:41",11.35,0.05,200,2411200,"S"
"SHB","10:04:38",11.35,0.05,600,2411000,"S"
"SHB","10:04:22",11.35,0.05,100,2410400,"S"
"SHB","10:04:13",11.35,0.05,30000,2410300,"S"
"SHB","10:03:35",11.35,0.05,100,2380300,"S"
"SHB","10:02:43",11.35,0.05,100,2380200,"S"
"SHB","10:02:32",11.35,0.05,10000,2380100,"S"
"SHB","10:02:22",11.3,0,1900,2370100,"B"
"SHB","10:01:44",11.35,0.05,700,2368200,"S"
"SHB","10:01:37",11.3,0,100,2367500,"B"
"SHB","10:01:12",11.35,0.05,800,2367400,"S"
"SHB","10:00:54",11.35,0.05,500,2366600,"S"
"SHB","10:00:17",11.3,0,5000,2366100,"B"
"SHB","10:00:13",11.3,0,1000,2361100,"B"
"SHB","10:00:03",11.3,0,100,2360100,"B"
"SHB","10:00:00",11.35,0.05,100,2360000,"S"
"SHB","09:59:57",11.35,0.05,10000,2359900,"S"
"SHB","09:59:40",11.35,0.05,2000,2349900,"S"
"SHB","09:58:46",11.35,0.05,2000,2347900,"S"
"SHB","09:58:44",11.35,0.05,1000,2345900,"S"
"SHB","09:57:10",11.35,0.05,100,2344900,"S"
"SHB","09:56:31",11.35,0.05,700,2344800,"S"
"SHB","09:55:40",11.35,0.05,200,2344100,"S"
"SHB","09:55:38",11.35,0.05,100,2343900,"S"
"SHB","09:55:33",11.3,0,1000,2343800,"B"
"SHB","09:55:15",11.35,0.05,1000,2342800,"S"
"SHB","09:55:06",11.35,0.05,2000,2341800,"S"
"SHB","09:54:44",11.3,0,16000,2339800,"B"
"SHB","09:54:20",11.35,0.05,1000,2323800,"S"
"SHB","09:54:17",11.35,0.05,5000,2322800,"S"
"SHB","09:54:09",11.35,0.05,2000,2317800,"S"
"SHB","09:54:01",11.35,0.05,1000,2315800,"S"
"SHB","09:53:51",11.35,0.05,100,2314800,"S"
"SHB","09:53:46",11.3,0,2000,2314700,"B"
"SHB","09:53:38",11.35,0.05,3000,2312700,"S"
"SHB","09:53:34",11.35,0.05,5000,2309700,"S"
"SHB","09:53:23",11.35,0.05,500,2304700,"S"
"SHB","09:52:53",11.35,0.05,100,2304200,"S"
"SHB","09:52:28",11.35,0.05,500,2304100,"S"
"SHB","09:52:24",11.35,0.05,700,2303600,"S"
"SHB","09:51:48",11.35,0.05,100,2302900,"S"
"SHB","09:51:41",11.35,0.05,20000,2302800,"S"
"SHB","09:51:37",11.35,0.05,10000,2282800,"S"
"SHB","09:51:28",11.3,0,600,2272800,"B"
"SHB","09:51:16",11.3,0,4000,2272200,"B"
"SHB","09:51:10",11.35,0.05,11000,2268200,"S"
"SHB","09:50:40",11.35,0.05,100,2257200,"S"
"SHB","09:50:04",11.3,0,200,2257100,"B"
"SHB","09:50:02",11.35,0.05,11500,2256900,"S"
"SHB","09:49:59",11.3,0,100,2245400,"B"
"SHB","09:49:54",11.3,0,3000,2245300,"B"
"SHB","09:49:35",11.35,0.05,1000,2242300,"S"
"SHB","09:49:31",11.3,0,200,2241300,"B"
"SHB","09:49:14",11.35,0.05,500,2241100,"S"
"SHB","09:49:09",11.3,0,100700,2240600,"B"
"SHB","09:48:54",11.3,0,100,2139900,"B"
"SHB","09:48:43",11.3,0,84900,2139800,"B"
"SHB","09:48:43",11.3,0,15100,2054900,"B"
"SHB","09:48:22",11.3,0,90000,2039800,"B"
"SHB","09:48:14",11.3,0,65000,1949800,"B"
"SHB","09:47:43",11.3,0,1000,1884800,"B"
"SHB","09:47:25",11.3,0,200,1883800,"B"
"SHB","09:47:24",11.3,0,20000,1882600,"B"
"SHB","09:47:20",11.3,0,100,1862600,"B"
"SHB","09:46:59",11.3,0,1200,1862500,"B"
"SHB","09:46:19",11.3,0,2700,1861300,"B"
"SHB","09:45:43",11.3,0,7000,1858600,"B"
"SHB","09:45:39",11.35,0.05,2200,1851600,"S"
"SHB","09:45:35",11.3,0,2000,1849400,"B"
"SHB","09:45:20",11.35,0.05,300,1847400,"S"
"SHB","09:44:50",11.3,0,400,1847100,"B"
"SHB","09:44:39",11.35,0.05,30000,1846700,"S"
"SHB","09:44:31",11.35,0.05,1000,1816700,"S"
"SHB","09:44:12",11.35,0.05,30000,1815700,"S"
"SHB","09:44:10",11.35,0.05,100,1785700,"S"
"SHB","09:44:01",11.35,0.05,500,1785600,"S"
"SHB","09:43:46",11.35,0.05,3100,1785100,"S"
"SHB","09:43:07",11.35,0.05,100,1782000,"S"
"SHB","09:42:54",11.3,0,2000,1781900,"B"
"SHB","09:42:51",11.35,0.05,30000,1779900,"S"
"SHB","09:42:50",11.35,0.05,300,1749900,"S"
"SHB","09:42:28",11.35,0.05,10100,1749600,"S"
"SHB","09:42:25",11.35,0.05,800,1739500,"S"
"SHB","09:42:23",11.3,0,1200,1738700,"B"
"SHB","09:42:22",11.35,0.05,5100,1737500,"S"
"SHB","09:42:13",11.35,0.05,10000,1732400,"S"
"SHB","09:42:09",11.35,0.05,100,1722400,"S"
"SHB","09:42:00",11.35,0.05,800,1722300,"S"
"SHB","09:41:56",11.35,0.05,5000,1721500,"S"
"SHB","09:41:54",11.3,0,200,1716500,"B"
"SHB","09:41:36",11.35,0.05,5000,1716300,"S"
"SHB","09:41:31",11.35,0.05,500,1711300,"S"
"SHB","09:41:30",11.35,0.05,10000,1710800,"S"
"SHB","09:41:27",11.35,0.05,4200,1700800,"S"
"SHB","09:41:17",11.35,0.05,200,1696600,"S"
"SHB","09:41:16",11.35,0.05,300,1696400,"S"
"SHB","09:41:15",11.35,0.05,40000,1696100,"S"
"SHB","09:41:10",11.35,0.05,2000,1656100,"S"
"SHB","09:41:08",11.35,0.05,2000,1654100,"S"
"SHB","09:40:47",11.35,0.05,1000,1652100,"S"
"SHB","09:40:32",11.35,0.05,200,1651100,"S"
"SHB","09:40:22",11.35,0.05,15800,1650900,"S"
"SHB","09:40:21",11.35,0.05,7000,1635100,"S"
"SHB","09:40:19",11.35,0.05,2000,1628100,"S"
"SHB","09:40:17",11.35,0.05,300,1626100,"S"
"SHB","09:39:56",11.35,0.05,1700,1625800,"S"
"SHB","09:39:54",11.35,0.05,500,1624100,"S"
"SHB","09:39:47",11.35,0.05,900,1623600,"S"
"SHB","09:39:45",11.35,0.05,10000,1622700,"S"
"SHB","09:39:39",11.35,0.05,3000,1612700,"S"
"SHB","09:39:34",11.35,0.05,1000,1609700,"S"
"SHB","09:39:23",11.35,0.05,3000,1608700,"S"
"SHB","09:39:18",11.35,0.05,100,1605700,"S"
"SHB","09:39:16",11.35,0.05,10000,1605600,"S"
"SHB","09:39:15",11.35,0.05,100,1595600,"S"
"SHB","09:39:10",11.35,0.05,9000,1595500,"S"
"SHB","09:38:58",11.35,0.05,23000,1586500,"S"
"SHB","09:38:50",11.35,0.05,100,1563500,"S"
"SHB","09:38:47",11.35,0.05,300,1563400,"S"
"SHB","09:38:30",11.35,0.05,10000,1563100,"S"
"SHB","09:38:21",11.35,0.05,1000,1553100,"S"
"SHB","09:38:19",11.35,0.05,3500,1552100,"S"
"SHB","09:38:17",11.35,0.05,2900,1548600,"S"
"SHB","09:38:13",11.35,0.05,200,1545700,"S"
"SHB","09:38:08",11.35,0.05,1000,1545500,"S"
"SHB","09:37:55",11.35,0.05,900,1544500,"S"
"SHB","09:37:47",11.35,0.05,400,1543600,"S"
"SHB","09:37:39",11.35,0.05,1700,1543200,"S"
"SHB","09:37:37",11.35,0.05,2000,1541500,"S"
"SHB","09:37:24",11.3,0,400,1539500,"B"
"SHB","09:37:24",11.35,0.05,100,1539100,"S"
"SHB","09:37:21",11.35,0.05,600,1539000,"S"
"SHB","09:37:12",11.35,0.05,3000,1538400,"S"
"SHB","09:36:57",11.35,0.05,1800,1535400,"B"
"SHB","09:36:47",11.35,0.05,300,1533600,"B"
"SHB","09:36:43",11.35,0.05,1000,1533300,"B"
"SHB","09:36:36",11.35,0.05,4500,1532300,"S"
"SHB","09:36:33",11.35,0.05,300,1527800,"S"
"SHB","09:36:23",11.35,0.05,200,1527500,"S"
"SHB","09:35:57",11.4,0.1,300,1527300,"S"
"SHB","09:35:57",11.35,0.05,9800,1527000,"S"
"SHB","09:35:57",11.35,0.05,9500,1517200,"S"
"SHB","09:35:56",11.35,0.05,1300,1507700,"S"
"SHB","09:35:56",11.35,0.05,10400,1506400,"S"
"SHB","09:35:48",11.35,0.05,200,1496000,"S"
"SHB","09:35:44",11.3,0,200,1495800,"B"
"SHB","09:35:42",11.35,0.05,200,1495600,"S"
"SHB","09:35:36",11.35,0.05,73700,1493400,"B"
"SHB","09:35:35",11.35,0.05,100,1419700,"B"
"SHB","09:35:31",11.35,0.05,1000,1419600,"B"
"SHB","09:35:30",11.35,0.05,10000,1418600,"B"
"SHB","09:35:29",11.35,0.05,300,1408600,"B"
"SHB","09:35:28",11.35,0.05,5000,1408300,"B"
"SHB","09:35:15",11.35,0.05,3800,1403300,"B"
"SHB","09:35:14",11.35,0.05,5000,1399500,"B"
"SHB","09:35:12",11.35,0.05,5000,1394500,"B"
"SHB","09:35:10",11.35,0.05,100,1389500,"B"
"SHB","09:35:08",11.35,0.05,2000,1389400,"B"
"SHB","09:35:04",11.35,0.05,300,1387400,"B"
"SHB","09:35:01",11.35,0.05,1000,1387100,"B"
"SHB","09:34:54",11.35,0.05,300,1386100,"B"
"SHB","09:34:52",11.35,0.05,130000,1385800,"B"
"SHB","09:34:51",11.4,0.1,1000,1255800,"S"
"SHB","09:34:42",11.35,0.05,500,1254800,"B"
"SHB","09:34:33",11.4,0.1,500,1254300,"S"
"SHB","09:34:28",11.4,0.1,200,1253800,"S"
"SHB","09:34:17",11.4,0.1,1000,1253600,"S"
"SHB","09:33:55",11.4,0.1,500,1252600,"S"
"SHB","09:33:40",11.4,0.1,20000,1252100,"S"
"SHB","09:33:34",11.35,0.05,27100,1232100,"B"
"SHB","09:33:19",11.35,0.05,1000,1205000,"B"
"SHB","09:32:51",11.35,0.05,100,1204000,"B"
"SHB","09:32:28",11.4,0.1,1700,1203900,"S"
"SHB","09:32:23",11.35,0.05,500,1202200,"B"
"SHB","09:32:20",11.35,0.05,100,1201700,"B"
"SHB","09:32:07",11.35,0.05,2000,1201600,"B"
"SHB","09:32:03",11.35,0.05,100,1199600,"B"
"SHB","09:32:00",11.35,0.05,1000,1199500,"B"
"SHB","09:31:57",11.35,0.05,200,1198500,"B"
"SHB","09:31:51",11.35,0.05,3100,1198300,"B"
"SHB","09:31:33",11.35,0.05,200,1195200,"B"
"SHB","09:31:21",11.35,0.05,700,1195000,"B"
"SHB","09:31:12",11.35,0.05,500,1194300,"B"
"SHB","09:31:11",11.35,0.05,500,1193800,"B"
"SHB","09:31:04",11.35,0.05,11000,1193300,"B"
"SHB","09:30:47",11.35,0.05,100,1182300,"B"
"SHB","09:30:26",11.35,0.05,43700,1182200,"S"
"SHB","09:30:23",11.35,0.05,1000,1138500,"S"
"SHB","09:30:19",11.35,0.05,1800,1137500,"S"
"SHB","09:30:13",11.35,0.05,10500,1135700,"S"
"SHB","09:30:10",11.35,0.05,100,1125200,"S"
"SHB","09:30:08",11.35,0.05,100,1125100,"S"
"SHB","09:30:07",11.35,0.05,300,1125000,"S"
"SHB","09:30:03",11.35,0.05,2000,1124700,"S"
"SHB","09:30:02",11.35,0.05,200,1122700,"S"
"SHB","09:30:00",11.35,0.05,300,1122500,"S"
"SHB","09:29:56",11.35,0.05,2000,1122200,"S"
"SHB","09:29:55",11.35,0.05,100,1120200,"S"
"SHB","09:29:53",11.35,0.05,500,1120100,"S"
"SHB","09:29:51",11.35,0.05,1000,1119600,"S"
"SHB","09:29:50",11.35,0.05,100,1118600,"S"
"SHB","09:29:49",11.35,0.05,30000,1118500,"S"
"SHB","09:29:44",11.35,0.05,1000,1088500,"S"
"SHB","09:29:39",11.35,0.05,1000,1087500,"S"
"SHB","09:29:32",11.35,0.05,2000,1086500,"S"
"SHB","09:29:32",11.35,0.05,5000,1084500,"S"
"SHB","09:29:28",11.35,0.05,69100,1079500,"S"
"SHB","09:29:27",11.35,0.05,58900,1010400,"S"
"SHB","09:29:12",11.35,0.05,100,951500,"S"
"SHB","09:29:07",11.35,0.05,300,951400,"S"
"SHB","09:28:09",11.35,0.05,2200,951100,"S"
"SHB","09:28:04",11.35,0.05,400,948900,"S"
"SHB","09:27:44",11.35,0.05,1000,948500,"S"
"SHB","09:27:23",11.35,0.05,1000,947500,"S"
"SHB","09:27:16",11.35,0.05,1000,946500,"S"
"SHB","09:27:15",11.3,0,5000,945500,"B"
"SHB","09:26:59",11.35,0.05,300,940500,"S"
"SHB","09:26:54",11.35,0.05,2000,940200,"S"
"SHB","09:26:52",11.35,0.05,1000,938200,"S"
"SHB","09:26:45",11.35,0.05,13600,937200,"S"
"SHB","09:26:18",11.35,0.05,1000,923600,"S"
"SHB","09:26:14",11.35,0.05,5000,922600,"S"
"SHB","09:26:08",11.3,0,1000,917600,"B"
"SHB","09:25:25",11.35,0.05,5000,916600,"S"
"SHB","09:25:20",11.35,0.05,2200,911600,"S"
"SHB","09:25:13",11.35,0.05,9000,909400,"S"
"SHB","09:24:47",11.35,0.05,500,900400,"S"
"SHB","09:24:45",11.35,0.05,1000,899900,"S"
"SHB","09:24:43",11.35,0.05,400,898900,"S"
"SHB","09:24:38",11.35,0.05,100,898500,"S"
"SHB","09:24:36",11.35,0.05,17400,898400,"B"
"SHB","09:24:35",11.35,0.05,76000,881000,"B"
"SHB","09:24:32",11.35,0.05,10000,805000,"B"
"SHB","09:24:31",11.35,0.05,50000,795000,"B"
"SHB","09:24:26",11.35,0.05,100,745000,"B"
"SHB","09:24:24",11.35,0.05,30000,744900,"B"
"SHB","09:24:11",11.35,0.05,700,714900,"B"
"SHB","09:24:09",11.35,0.05,100000,714200,"B"
"SHB","09:24:08",11.35,0.05,100,614200,"B"
"SHB","09:23:54",11.35,0.05,1000,614100,"B"
"SHB","09:23:50",11.35,0.05,100,613100,"B"
"SHB","09:23:36",11.35,0.05,10000,613000,"B"
"SHB","09:23:31",11.35,0.05,500,603000,"B"
"SHB","09:23:30",11.4,0.1,20000,602500,"S"
"SHB","09:23:21",11.35,0.05,10000,582500,"B"
"SHB","09:23:20",11.35,0.05,5000,572500,"B"
"SHB","09:23:10",11.4,0.1,500,567500,"S"
"SHB","09:22:57",11.35,0.05,1000,567000,"B"
"SHB","09:22:55",11.35,0.05,100,566000,"B"
"SHB","09:22:51",11.4,0.1,1000,565900,"S"
"SHB","09:22:31",11.4,0.1,100,564900,"S"
"SHB","09:22:16",11.4,0.1,600,564800,"S"
"SHB","09:22:06",11.35,0.05,500,564200,"B"
"SHB","09:22:04",11.35,0.05,2000,563700,"B"
"SHB","09:22:01",11.35,0.05,1900,561700,"B"
"SHB","09:22:00",11.4,0.1,20000,559800,"S"
"SHB","09:21:35",11.35,0.05,100,539800,"B"
"SHB","09:21:27",11.4,0.1,100000,539700,"S"
"SHB","09:21:26",11.35,0.05,100,439700,"B"
"SHB","09:21:18",11.4,0.1,1400,439600,"S"
"SHB","09:21:17",11.35,0.05,2200,438200,"B"
"SHB","09:21:11",11.35,0.05,3300,436000,"B"
"SHB","09:21:09",11.4,0.1,100,432700,"S"
"SHB","09:21:03",11.4,0.1,200,432600,"S"
"SHB","09:20:58",11.4,0.1,200,432400,"S"
"SHB","09:20:57",11.4,0.1,4000,432200,"S"
"SHB","09:20:53",11.35,0.05,500,428200,"B"
"SHB","09:20:50",11.35,0.05,12000,427700,"B"
"SHB","09:20:47",11.35,0.05,500,415700,"B"
"SHB","09:20:45",11.4,0.1,3000,415200,"S"
"SHB","09:20:45",11.35,0.05,50000,412200,"B"
"SHB","09:20:42",11.4,0.1,1000,362200,"S"
"SHB","09:20:35",11.35,0.05,1900,361200,"B"
"SHB","09:20:27",11.4,0.1,100,359300,"S"
"SHB","09:20:27",11.35,0.05,5000,359200,"B"
"SHB","09:20:20",11.4,0.1,20000,354200,"S"
"SHB","09:20:16",11.35,0.05,100,334200,"B"
"SHB","09:20:10",11.35,0.05,100,334100,"B"
"SHB","09:20:04",11.35,0.05,500,334000,"B"
"SHB","09:19:58",11.4,0.1,600,333500,"S"
"SHB","09:19:57",11.35,0.05,100,332900,"B"
"SHB","09:19:54",11.35,0.05,500,332800,"B"
"SHB","09:19:48",11.35,0.05,5000,332300,"B"
"SHB","09:19:34",11.35,0.05,1000,327300,"B"
"SHB","09:19:28",11.4,0.1,100,326300,"S"
"SHB","09:19:20",11.35,0.05,4000,326200,"B"
"SHB","09:19:16",11.35,0.05,3000,322200,"B"
"SHB","09:19:04",11.35,0.05,100,319200,"B"
"SHB","09:18:59",11.35,0.05,500,319100,"B"
"SHB","09:18:58",11.35,0.05,1000,318600,"B"
"SHB","09:18:46",11.4,0.1,500,317600,"S"
"SHB","09:18:44",11.35,0.05,10000,317100,"B"
"SHB","09:18:44",11.35,0.05,200,307100,"B"
"SHB","09:18:38",11.35,0.05,1000,306900,"B"
"SHB","09:18:36",11.4,0.1,3000,305900,"S"
"SHB","09:18:35",11.4,0.1,300,302900,"S"
"SHB","09:18:33",11.35,0.05,100,302600,"B"
"SHB","09:18:27",11.35,0.05,3000,302500,"B"
"SHB","09:18:13",11.4,0.1,500,299500,"S"
"SHB","09:18:07",11.35,0.05,4000,299000,"B"
"SHB","09:18:06",11.4,0.1,100,295000,"S"
"SHB","09:18:03",11.35,0.05,1400,294900,"B"
"SHB","09:18:01",11.35,0.05,500,293500,"B"
"SHB","09:17:57",11.35,0.05,1000,293000,"B"
"SHB","09:17:53",11.35,0.05,2000,292000,"B"
"SHB","09:17:49",11.35,0.05,500,290000,"B"
"SHB","09:17:49",11.35,0.05,100,289500,"B"
"SHB","09:17:46",11.35,0.05,8000,289400,"B"
"SHB","09:17:41",11.35,0.05,43800,281400,"S"
"SHB","09:17:32",11.3,0,4000,237600,"B"
"SHB","09:17:27",11.35,0.05,10600,233600,"S"
"SHB","09:17:24",11.35,0.05,2000,223000,"S"
"SHB","09:17:23",11.35,0.05,1000,221000,"S"
"SHB","09:17:20",11.35,0.05,30000,220000,"S"
"SHB","09:17:15",11.3,0,25000,190000,"B"
"SHB","09:17:11",11.35,0.05,10000,165000,"S"
"SHB","09:17:06",11.35,0.05,1000,155000,"S"
"SHB","09:17:04",11.35,0.05,4800,154000,"S"
"SHB","09:17:03",11.35,0.05,300,149200,"S"
"SHB","09:16:56",11.3,0,25000,148900,"B"
"SHB","09:16:53",11.35,0.05,100,123900,"S"
"SHB","09:16:45",11.35,0.05,2000,123800,"S"
"SHB","09:16:35",11.35,0.05,10000,121800,"S"
"SHB","09:16:31",11.35,0.05,400,111800,"S"
"SHB","09:16:29",11.35,0.05,500,111400,"S"
"SHB","09:16:26",11.35,0.05,200,110900,"S"
"SHB","09:16:12",11.35,0.05,100,110700,"S"
"SHB","09:16:11",11.3,0,12500,110600,"B"
"SHB","09:15:48",11.3,0,200,98100,"B"
"SHB","09:15:33",11.3,0,5000,97900,"B"
"SHB","09:15:14",11.3,0,700,92900,"B"
"SHB","09:15:05",11.3,0,100,92200,"B"
"SHB","09:15:02",11.3,0,92100,92100,
