"symbol","time","price","change","vol","total","side"
"TTF","14:45:05",4.09,-0.03,300300,3112900,
"TTF","14:29:51",4.12,0,31700,2812600,"S"
"TTF","14:29:51",4.11,-0.01,8300,2780900,"S"
"TTF","14:29:35",4.1,-0.02,3000,2772600,"B"
"TTF","14:29:27",4.11,-0.01,10300,2769600,"B"
"TTF","14:29:25",4.11,-0.01,2100,2759300,"B"
"TTF","14:28:49",4.11,-0.01,500,2757200,"B"
"TTF","14:28:45",4.11,-0.01,1000,2756700,"B"
"TTF","14:28:37",4.11,-0.01,2000,2755700,"B"
"TTF","14:28:18",4.12,0,26700,2753700,"S"
"TTF","14:28:18",4.11,-0.01,8300,2727000,"S"
"TTF","14:28:09",4.11,-0.01,100,2718700,"S"
"TTF","14:28:02",4.11,-0.01,3400,2718600,"B"
"TTF","14:27:56",4.11,-0.01,2000,2715200,"B"
"TTF","14:27:55",4.11,-0.01,1000,2713200,"B"
"TTF","14:27:43",4.11,-0.01,5000,2712200,"B"
"TTF","14:27:29",4.11,-0.01,3000,2707200,"B"
"TTF","14:27:11",4.12,0,2000,2704200,"S"
"TTF","14:27:02",4.11,-0.01,8200,2702200,"B"
"TTF","14:26:31",4.1,-0.02,500,2694000,"B"
"TTF","14:26:31",4.11,-0.01,4200,2693500,"B"
"TTF","14:26:21",4.13,0.01,3600,2689100,"S"
"TTF","14:26:10",4.11,-0.01,10000,2685500,"B"
"TTF","14:26:09",4.11,-0.01,4500,2675500,"B"
"TTF","14:26:09",4.12,0,2500,2671000,"B"
"TTF","14:26:08",4.12,0,17500,2668500,"S"
"TTF","14:26:08",4.11,-0.01,10000,2651000,"B"
"TTF","14:25:54",4.11,-0.01,5400,2641000,"B"
"TTF","14:25:34",4.11,-0.01,900,2635600,"B"
"TTF","14:25:34",4.12,0,23000,2634700,"B"
"TTF","14:25:27",4.12,0,1500,2611700,"B"
"TTF","14:25:25",4.12,0,400,2610200,"B"
"TTF","14:25:21",4.12,0,50000,2609800,"B"
"TTF","14:25:02",4.13,0.01,100,2559800,"S"
"TTF","14:25:01",4.12,0,2500,2559700,"B"
"TTF","14:24:49",4.13,0.01,100,2557200,"S"
"TTF","14:24:48",4.13,0.01,500,2557100,"S"
"TTF","14:24:25",4.13,0.01,8000,2556600,"S"
"TTF","14:23:58",4.13,0.01,500,2548600,"S"
"TTF","14:23:52",4.13,0.01,100,2548100,"S"
"TTF","14:23:32",4.13,0.01,200,2548000,"S"
"TTF","14:23:09",4.13,0.01,46800,2547800,"B"
"TTF","14:22:44",4.13,0.01,100,2501000,"B"
"TTF","14:22:35",4.13,0.01,200,2500900,"B"
"TTF","14:22:18",4.13,0.01,1700,2500700,"S"
"TTF","14:22:08",4.13,0.01,1000,2499000,"S"
"TTF","14:21:57",4.13,0.01,5800,2498000,"S"
"TTF","14:21:54",4.13,0.01,10000,2492200,"S"
"TTF","14:21:52",4.12,0,200,2482200,"B"
"TTF","14:21:49",4.13,0.01,9800,2482000,"S"
"TTF","14:21:44",4.13,0.01,30000,2472200,"S"
"TTF","14:20:39",4.13,0.01,7800,2442200,"S"
"TTF","14:20:39",4.12,0,2200,2434400,"S"
"TTF","14:20:25",4.12,0,27800,2432200,"B"
"TTF","14:20:15",4.13,0.01,5000,2404400,"S"
"TTF","14:19:39",4.13,0.01,300,2399400,"S"
"TTF","14:18:41",4.13,0.01,100,2399100,"S"
"TTF","14:18:24",4.13,0.01,3000,2399000,"S"
"TTF","14:17:58",4.12,0,3700,2396000,"S"
"TTF","14:17:54",4.12,0,10000,2392300,"S"
"TTF","14:16:33",4.12,0,30000,2382300,"S"
"TTF","14:16:12",4.11,-0.01,1200,2352300,"B"
"TTF","14:16:05",4.11,-0.01,2000,2351100,"B"
"TTF","14:15:44",4.11,-0.01,900,2349100,"S"
"TTF","14:15:38",4.11,-0.01,1000,2348200,"S"
"TTF","14:15:34",4.11,-0.01,100,2347200,"S"
"TTF","14:15:23",4.11,-0.01,5000,2347100,"S"
"TTF","14:15:06",4.11,-0.01,100,2342100,"S"
"TTF","14:14:32",4.11,-0.01,13700,2342000,"B"
"TTF","14:14:31",4.11,-0.01,20000,2328300,"B"
"TTF","14:14:30",4.11,-0.01,400,2308300,"B"
"TTF","14:14:17",4.11,-0.01,1500,2307900,"B"
"TTF","14:14:06",4.11,-0.01,100,2306400,"B"
"TTF","14:13:14",4.12,0,400,2306300,"S"
"TTF","14:12:46",4.12,0,2400,2305900,"B"
"TTF","14:12:44",4.12,0,900,2303500,"B"
"TTF","14:12:43",4.12,0,500,2302600,"B"
"TTF","14:12:36",4.12,0,1000,2302100,"B"
"TTF","14:12:27",4.12,0,5500,2301100,"B"
"TTF","14:12:27",4.12,0,10000,2295600,"B"
"TTF","14:12:21",4.12,0,2000,2285600,"B"
"TTF","14:11:45",4.12,0,500,2283600,"B"
"TTF","14:10:49",4.12,0,500,2283100,"B"
"TTF","14:10:35",4.12,0,5000,2282600,"B"
"TTF","14:09:39",4.12,0,1200,2277600,"S"
"TTF","14:09:27",4.12,0,2000,2276400,"S"
"TTF","14:09:22",4.12,0,200,2274400,"S"
"TTF","14:09:03",4.12,0,1000,2274200,"S"
"TTF","14:08:59",4.12,0,5600,2273200,"B"
"TTF","14:08:38",4.12,0,54400,2267600,"S"
"TTF","14:08:28",4.11,-0.01,700,2213200,"B"
"TTF","14:07:19",4.11,-0.01,10000,2212500,"B"
"TTF","14:07:10",4.12,0,5000,2202500,"S"
"TTF","14:06:43",4.12,0,100,2197500,"S"
"TTF","14:06:39",4.12,0,2000,2197400,"S"
"TTF","14:06:22",4.12,0,300,2195400,"S"
"TTF","14:05:55",4.12,0,2100,2195100,"S"
"TTF","14:05:28",4.12,0,39300,2193000,"S"
"TTF","14:05:28",4.11,-0.01,10700,2153700,"S"
"TTF","14:05:27",4.11,-0.01,7000,2143000,"S"
"TTF","14:05:16",4.11,-0.01,500,2136000,"S"
"TTF","14:05:05",4.11,-0.01,3000,2135500,"S"
"TTF","14:03:31",4.1,-0.02,1500,2132500,"B"
"TTF","14:03:16",4.1,-0.02,10000,2131000,"B"
"TTF","14:02:49",4.1,-0.02,4000,2121000,"B"
"TTF","14:02:32",4.1,-0.02,3200,2117000,"B"
"TTF","14:02:23",4.1,-0.02,300,2113800,"B"
"TTF","14:02:12",4.1,-0.02,1500,2113500,"B"
"TTF","14:01:54",4.11,-0.01,16800,2112000,"S"
"TTF","14:01:25",4.1,-0.02,29200,2095200,"B"
"TTF","14:00:54",4.1,-0.02,1500,2066000,"B"
"TTF","14:00:21",4.11,-0.01,500,2064500,"S"
"TTF","14:00:16",4.11,-0.01,300,2064000,"S"
"TTF","14:00:05",4.11,-0.01,100,2063700,"S"
"TTF","13:58:51",4.11,-0.01,15300,2063600,"B"
"TTF","13:58:33",4.11,-0.01,1000,2048300,"B"
"TTF","13:57:37",4.11,-0.01,500,2047300,"B"
"TTF","13:57:18",4.11,-0.01,50700,2046800,"S"
"TTF","13:57:12",4.1,-0.02,52000,1996100,"B"
"TTF","13:57:06",4.1,-0.02,500,1944100,"B"
"TTF","13:57:04",4.11,-0.01,2000,1943600,"S"
"TTF","13:56:53",4.11,-0.01,300,1941600,"S"
"TTF","13:56:41",4.1,-0.02,8900,1941300,"B"
"TTF","13:56:34",4.11,-0.01,3000,1932400,"S"
"TTF","13:55:44",4.1,-0.02,3000,1929400,"B"
"TTF","13:54:45",4.1,-0.02,2000,1926400,"B"
"TTF","13:54:20",4.1,-0.02,2000,1924400,"B"
"TTF","13:53:57",4.11,-0.01,5000,1922400,"S"
"TTF","13:53:55",4.11,-0.01,65100,1917400,"B"
"TTF","13:53:02",4.11,-0.01,1000,1852300,"B"
"TTF","13:52:57",4.11,-0.01,5000,1851300,"B"
"TTF","13:52:42",4.11,-0.01,200,1846300,"B"
"TTF","13:52:15",4.11,-0.01,500,1846100,"B"
"TTF","13:51:54",4.11,-0.01,10000,1845600,"B"
"TTF","13:51:08",4.11,-0.01,500,1835600,"B"
"TTF","13:50:43",4.12,0,20000,1835100,"S"
"TTF","13:50:29",4.11,-0.01,100,1815100,"B"
"TTF","13:49:49",4.12,0,5000,1815000,"S"
"TTF","13:48:58",4.12,0,5000,1810000,"S"
"TTF","13:48:40",4.12,0,1000,1805000,"S"
"TTF","13:48:00",4.12,0,2000,1804000,"S"
"TTF","13:47:46",4.11,-0.01,200,1802000,"B"
"TTF","13:47:29",4.12,0,1900,1801800,"S"
"TTF","13:47:21",4.12,0,5000,1799900,"S"
"TTF","13:47:13",4.12,0,10000,1794900,"S"
"TTF","13:46:54",4.12,0,4000,1784900,"S"
"TTF","13:46:32",4.12,0,200,1780900,"S"
"TTF","13:46:05",4.12,0,100,1780700,"S"
"TTF","13:45:49",4.11,-0.01,800,1780600,"S"
"TTF","13:45:47",4.11,-0.01,100,1779800,"S"
"TTF","13:45:42",4.11,-0.01,6000,1779700,"S"
"TTF","13:45:36",4.11,-0.01,4700,1773700,"S"
"TTF","13:45:34",4.11,-0.01,2000,1769000,"S"
"TTF","13:45:28",4.11,-0.01,20000,1767000,"S"
"TTF","13:44:47",4.1,-0.02,200,1747000,"B"
"TTF","13:44:30",4.1,-0.02,1000,1746800,"B"
"TTF","13:44:14",4.11,-0.01,1000,1745800,"S"
"TTF","13:43:59",4.11,-0.01,1000,1744800,"S"
"TTF","13:43:40",4.11,-0.01,1000,1743800,"S"
"TTF","13:43:21",4.11,-0.01,500,1742800,"S"
"TTF","13:43:12",4.11,-0.01,1000,1742300,"S"
"TTF","13:43:07",4.1,-0.02,100,1741300,"B"
"TTF","13:43:05",4.1,-0.02,5500,1741200,"B"
"TTF","13:42:54",4.11,-0.01,5000,1735700,"S"
"TTF","13:42:48",4.1,-0.02,300,1730700,"B"
"TTF","13:42:45",4.11,-0.01,20000,1730400,"S"
"TTF","13:42:33",4.11,-0.01,1000,1710400,"S"
"TTF","13:42:26",4.11,-0.01,400,1709400,"S"
"TTF","13:42:26",4.11,-0.01,300,1709000,"S"
"TTF","13:41:44",4.11,-0.01,39700,1708700,"B"
"TTF","13:41:20",4.11,-0.01,100,1669000,"B"
"TTF","13:41:12",4.11,-0.01,400,1668900,"B"
"TTF","13:40:55",4.11,-0.01,1500,1668500,"B"
"TTF","13:39:48",4.11,-0.01,3000,1667000,"B"
"TTF","13:39:30",4.12,0,100,1664000,"S"
"TTF","13:39:13",4.12,0,1000,1663900,"S"
"TTF","13:38:43",4.12,0,1000,1662900,"S"
"TTF","13:37:39",4.12,0,10000,1661900,"S"
"TTF","13:37:24",4.12,0,900,1651900,"S"
"TTF","13:35:55",4.12,0,30000,1651000,"S"
"TTF","13:35:49",4.11,-0.01,400,1621000,"S"
"TTF","13:35:48",4.11,-0.01,300,1620600,"S"
"TTF","13:35:41",4.11,-0.01,1000,1620300,"S"
"TTF","13:35:40",4.11,-0.01,2700,1619300,"B"
"TTF","13:35:21",4.11,-0.01,77300,1616600,"S"
"TTF","13:35:03",4.11,-0.01,10000,1539300,"S"
"TTF","13:34:29",4.11,-0.01,1000,1529300,"S"
"TTF","13:33:44",4.11,-0.01,1000,1528300,"S"
"TTF","13:33:11",4.11,-0.01,500,1527300,"S"
"TTF","13:32:54",4.11,-0.01,10300,1526800,"B"
"TTF","13:30:52",4.12,0,2000,1516500,"S"
"TTF","13:30:14",4.11,-0.01,91800,1514500,"S"
"TTF","13:30:11",4.11,-0.01,100,1422700,"S"
"TTF","13:28:13",4.1,-0.02,500,1422600,"B"
"TTF","13:27:08",4.11,-0.01,3300,1422100,"S"
"TTF","13:26:29",4.11,-0.01,1000,1418800,"S"
"TTF","13:25:53",4.11,-0.01,300,1417800,"S"
"TTF","13:25:48",4.11,-0.01,100,1417500,"S"
"TTF","13:25:25",4.11,-0.01,4000,1417400,"B"
"TTF","13:24:45",4.11,-0.01,900,1413400,"S"
"TTF","13:24:39",4.11,-0.01,1000,1412500,"S"
"TTF","13:24:38",4.11,-0.01,1000,1411500,"S"
"TTF","13:24:32",4.11,-0.01,2100,1410500,"S"
"TTF","13:24:28",4.11,-0.01,19500,1408400,"S"
"TTF","13:23:59",4.11,-0.01,3000,1388900,"S"
"TTF","13:23:54",4.11,-0.01,5000,1385900,"S"
"TTF","13:22:19",4.1,-0.02,2000,1380900,"B"
"TTF","13:21:53",4.11,-0.01,3000,1378900,"S"
"TTF","13:21:37",4.11,-0.01,1000,1375900,"S"
"TTF","13:21:24",4.11,-0.01,26500,1374900,"B"
"TTF","13:21:17",4.12,0,2000,1348400,"S"
"TTF","13:21:09",4.12,0,500,1346400,"S"
"TTF","13:20:56",4.12,0,3000,1345900,"S"
"TTF","13:20:46",4.12,0,6000,1342900,"S"
"TTF","13:20:41",4.12,0,700,1336900,"S"
"TTF","13:20:09",4.11,-0.01,500,1336200,"S"
"TTF","13:19:48",4.11,-0.01,35000,1335700,"S"
"TTF","13:16:20",4.09,-0.03,10000,1300700,"B"
"TTF","13:16:13",4.09,-0.03,17900,1290700,"B"
"TTF","13:16:13",4.1,-0.02,2100,1272800,"B"
"TTF","13:15:33",4.1,-0.02,200,1270700,"S"
"TTF","13:15:26",4.1,-0.02,100,1270500,"S"
"TTF","13:15:25",4.1,-0.02,1000,1270400,"S"
"TTF","13:15:14",4.1,-0.02,900,1269400,"S"
"TTF","13:14:54",4.1,-0.02,2800,1268500,"B"
"TTF","13:14:03",4.1,-0.02,18000,1265700,"B"
"TTF","13:13:20",4.1,-0.02,1000,1247700,"B"
"TTF","13:12:36",4.1,-0.02,100,1246700,"B"
"TTF","13:11:26",4.1,-0.02,3000,1246600,"B"
"TTF","13:11:10",4.1,-0.02,100,1243600,"B"
"TTF","13:10:47",4.1,-0.02,3000,1243500,"B"
"TTF","13:09:53",4.1,-0.02,100,1240500,"B"
"TTF","13:09:36",4.1,-0.02,200,1240400,"B"
"TTF","13:08:58",4.11,-0.01,2400,1240200,"S"
"TTF","13:08:32",4.11,-0.01,1000,1237800,"S"
"TTF","13:08:29",4.1,-0.02,23600,1236800,"B"
"TTF","13:08:27",4.11,-0.01,5000,1213200,"S"
"TTF","13:06:44",4.1,-0.02,200,1208200,"B"
"TTF","13:05:55",4.1,-0.02,500,1208000,"B"
"TTF","13:05:45",4.1,-0.02,1500,1207500,"B"
"TTF","13:04:40",4.1,-0.02,8100,1206000,"S"
"TTF","13:04:29",4.1,-0.02,1900,1197900,"B"
"TTF","13:04:16",4.11,-0.01,100,1196000,"S"
"TTF","13:04:01",4.11,-0.01,100,1195900,"S"
"TTF","13:03:38",4.11,-0.01,100,1195800,"S"
"TTF","13:03:31",4.1,-0.02,400,1195700,"B"
"TTF","13:03:28",4.11,-0.01,2000,1195300,"S"
"TTF","13:02:57",4.1,-0.02,200,1193300,"B"
"TTF","13:02:50",4.1,-0.02,2000,1193100,"B"
"TTF","13:00:02",4.1,-0.02,300,1191100,"B"
"TTF","11:29:58",4.11,-0.01,1400,1190800,"S"
"TTF","11:25:30",4.1,-0.02,100,1189400,"S"
"TTF","11:25:19",4.1,-0.02,1900,1189300,"B"
"TTF","11:24:50",4.1,-0.02,600,1187400,"B"
"TTF","11:23:31",4.1,-0.02,4100,1186800,"S"
"TTF","11:22:59",4.1,-0.02,300,1182700,"S"
"TTF","11:22:32",4.1,-0.02,5600,1182400,"B"
"TTF","11:22:27",4.1,-0.02,100,1176800,"B"
"TTF","11:21:05",4.1,-0.02,10000,1176700,"B"
"TTF","11:19:40",4.1,-0.02,3000,1166700,"B"
"TTF","11:17:19",4.1,-0.02,20000,1163700,"B"
"TTF","11:15:02",4.1,-0.02,200,1143700,"B"
"TTF","11:14:47",4.1,-0.02,4000,1143500,"B"
"TTF","11:11:24",4.11,-0.01,1500,1139500,"S"
"TTF","11:10:26",4.1,-0.02,4000,1138000,"B"
"TTF","11:09:10",4.11,-0.01,1300,1134000,"S"
"TTF","11:09:08",4.11,-0.01,2000,1132700,"S"
"TTF","11:07:56",4.11,-0.01,2800,1130700,"S"
"TTF","11:07:52",4.11,-0.01,600,1127900,"S"
"TTF","11:07:09",4.11,-0.01,3000,1127300,"S"
"TTF","11:06:04",4.11,-0.01,300,1124300,"S"
"TTF","11:05:56",4.1,-0.02,100,1124000,"B"
"TTF","11:05:11",4.1,-0.02,5400,1123900,"S"
"TTF","11:05:04",4.1,-0.02,1300,1118500,"S"
"TTF","11:04:56",4.1,-0.02,17000,1117200,"S"
"TTF","11:04:34",4.1,-0.02,176300,1100200,"B"
"TTF","11:04:31",4.11,-0.01,100,923900,"S"
"TTF","11:04:27",4.11,-0.01,200,923800,"S"
"TTF","11:04:00",4.11,-0.01,4400,923600,"S"
"TTF","11:03:38",4.11,-0.01,1000,919200,"S"
"TTF","11:03:35",4.11,-0.01,200,918200,"S"
"TTF","11:03:22",4.11,-0.01,6100,918000,"B"
"TTF","11:03:03",4.11,-0.01,50000,911900,"B"
"TTF","11:02:59",4.12,0,400,861900,"S"
"TTF","11:02:25",4.12,0,26600,861500,"B"
"TTF","10:59:51",4.12,0,3000,834900,"B"
"TTF","10:59:42",4.12,0,3000,831900,"B"
"TTF","10:58:38",4.12,0,9800,828900,"B"
"TTF","10:56:04",4.13,0.01,200,819100,"S"
"TTF","10:54:16",4.13,0.01,1000,818900,"S"
"TTF","10:53:04",4.13,0.01,14100,817900,"B"
"TTF","10:50:55",4.13,0.01,1000,803800,"B"
"TTF","10:50:24",4.13,0.01,3000,802800,"B"
"TTF","10:49:48",4.13,0.01,76200,799800,"S"
"TTF","10:49:32",4.13,0.01,2000,723600,"S"
"TTF","10:49:09",4.13,0.01,3000,721600,"S"
"TTF","10:48:18",4.13,0.01,2000,718600,"S"
"TTF","10:48:12",4.13,0.01,3000,716600,"S"
"TTF","10:48:10",4.12,0,2000,713600,"B"
"TTF","10:48:08",4.13,0.01,1300,711600,"S"
"TTF","10:46:21",4.13,0.01,300,710300,"S"
"TTF","10:46:06",4.13,0.01,3000,710000,"S"
"TTF","10:42:45",4.12,0,8900,707000,"S"
"TTF","10:41:54",4.11,-0.01,900,698100,"B"
"TTF","10:40:57",4.12,0,500,697200,"S"
"TTF","10:40:06",4.12,0,4300,696700,"S"
"TTF","10:39:49",4.11,-0.01,600,692400,"B"
"TTF","10:38:49",4.12,0,500,691800,"S"
"TTF","10:38:26",4.12,0,100,691300,"S"
"TTF","10:37:02",4.12,0,2000,691200,"S"
"TTF","10:33:39",4.11,-0.01,400,689200,"B"
"TTF","10:30:54",4.11,-0.01,1000,688800,"B"
"TTF","10:30:06",4.11,-0.01,600,687800,"B"
"TTF","10:26:07",4.11,-0.01,8700,687200,"S"
"TTF","10:25:44",4.11,-0.01,1300,678500,"B"
"TTF","10:25:21",4.12,0,44300,677200,"B"
"TTF","10:25:14",4.12,0,5000,632900,"B"
"TTF","10:25:07",4.12,0,200,627900,"B"
"TTF","10:23:17",4.12,0,3200,627700,"B"
"TTF","10:21:38",4.12,0,2400,624500,"S"
"TTF","10:21:34",4.12,0,300,622100,"B"
"TTF","10:21:25",4.12,0,300,621800,"B"
"TTF","10:21:08",4.12,0,1400,621500,"S"
"TTF","10:20:36",4.12,0,300,620100,"S"
"TTF","10:19:47",4.12,0,2800,619800,"B"
"TTF","10:19:43",4.12,0,200,617000,"B"
"TTF","10:19:21",4.11,-0.01,100,616800,"B"
"TTF","10:19:16",4.11,-0.01,100,616700,"B"
"TTF","10:19:15",4.11,-0.01,60000,616600,"B"
"TTF","10:18:18",4.11,-0.01,10000,556600,"B"
"TTF","10:16:37",4.12,0,400,546600,"B"
"TTF","10:16:04",4.12,0,3000,546200,"B"
"TTF","10:14:44",4.12,0,5700,543200,"S"
"TTF","10:14:06",4.12,0,200,537500,"S"
"TTF","10:13:20",4.12,0,300,537300,"S"
"TTF","10:13:08",4.12,0,200,537000,"S"
"TTF","10:12:17",4.11,-0.01,9100,536800,"B"
"TTF","10:11:57",4.11,-0.01,100,527700,"B"
"TTF","10:11:47",4.12,0,1900,527600,"B"
"TTF","10:11:22",4.12,0,2000,525700,"B"
"TTF","10:10:52",4.12,0,1000,523700,"B"
"TTF","10:08:39",4.12,0,1500,522700,"B"
"TTF","10:08:21",4.12,0,15000,521200,"B"
"TTF","10:08:12",4.12,0,500,506200,"B"
"TTF","10:07:11",4.12,0,10000,505700,"B"
"TTF","10:06:04",4.13,0.01,900,495700,"S"
"TTF","10:05:53",4.13,0.01,6000,494800,"S"
"TTF","10:05:18",4.12,0,1000,488800,"B"
"TTF","10:04:41",4.12,0,1000,487800,"B"
"TTF","10:03:15",4.12,0,3000,486800,"B"
"TTF","10:02:01",4.12,0,11600,483800,"B"
"TTF","10:00:28",4.12,0,1500,472200,"B"
"TTF","09:59:55",4.12,0,10000,470700,"B"
"TTF","09:59:36",4.12,0,1000,460700,"B"
"TTF","09:59:23",4.12,0,20000,459700,"B"
"TTF","09:58:20",4.12,0,3900,439700,"B"
"TTF","09:56:16",4.12,0,1100,435800,"B"
"TTF","09:55:45",4.12,0,1700,434700,"B"
"TTF","09:54:57",4.12,0,3000,433000,"B"
"TTF","09:54:49",4.12,0,200,430000,"B"
"TTF","09:54:09",4.12,0,200,429800,"B"
"TTF","09:52:40",4.13,0.01,8500,429600,"S"
"TTF","09:51:43",4.13,0.01,2400,421100,"S"
"TTF","09:51:15",4.13,0.01,27100,418700,"B"
"TTF","09:49:35",4.14,0.02,100,391600,"S"
"TTF","09:48:58",4.13,0.01,1000,391500,"B"
"TTF","09:48:03",4.13,0.01,1000,390500,"B"
"TTF","09:46:43",4.14,0.02,2100,389500,"S"
"TTF","09:46:27",4.13,0.01,1000,387400,"B"
"TTF","09:45:54",4.13,0.01,2200,386400,"S"
"TTF","09:45:44",4.13,0.01,100,384200,"S"
"TTF","09:45:41",4.13,0.01,100,384100,"S"
"TTF","09:45:24",4.13,0.01,4000,384000,"S"
"TTF","09:44:38",4.13,0.01,600,380000,"S"
"TTF","09:44:04",4.13,0.01,45500,379400,"B"
"TTF","09:43:54",4.14,0.02,200,333900,"S"
"TTF","09:43:38",4.14,0.02,400,333700,"S"
"TTF","09:41:24",4.14,0.02,10000,333300,"S"
"TTF","09:41:08",4.13,0.01,100,323300,"S"
"TTF","09:40:58",4.13,0.01,5000,323200,"S"
"TTF","09:40:38",4.13,0.01,1500,318200,"S"
"TTF","09:40:37",4.13,0.01,8500,316700,"S"
"TTF","09:40:30",4.13,0.01,7300,308200,"S"
"TTF","09:40:23",4.13,0.01,5000,300900,"S"
"TTF","09:38:57",4.13,0.01,5000,295900,"S"
"TTF","09:38:25",4.12,0,300,290900,"B"
"TTF","09:38:22",4.12,0,300,290600,"S"
"TTF","09:38:19",4.12,0,300,290300,"S"
"TTF","09:38:18",4.12,0,2000,290000,"S"
"TTF","09:38:06",4.12,0,30000,288000,"S"
"TTF","09:38:03",4.12,0,500,258000,"S"
"TTF","09:37:36",4.12,0,20300,257500,"S"
"TTF","09:35:15",4.12,0,400,237200,"S"
"TTF","09:34:40",4.12,0,100,236800,"S"
"TTF","09:33:19",4.11,-0.01,12000,236700,"B"
"TTF","09:32:53",4.12,0,5000,224700,"S"
"TTF","09:32:30",4.11,-0.01,3000,219700,"B"
"TTF","09:32:15",4.11,-0.01,6500,216700,"B"
"TTF","09:32:03",4.12,0,100,210200,"S"
"TTF","09:31:51",4.11,-0.01,13900,210100,"S"
"TTF","09:31:43",4.11,-0.01,300,196200,"S"
"TTF","09:31:33",4.11,-0.01,3000,195900,"S"
"TTF","09:31:09",4.11,-0.01,700,192900,"S"
"TTF","09:30:52",4.11,-0.01,100,192200,"S"
"TTF","09:30:28",4.11,-0.01,5000,192100,"S"
"TTF","09:30:28",4.1,-0.02,11400,187100,"B"
"TTF","09:30:22",4.11,-0.01,2000,175700,"S"
"TTF","09:30:05",4.11,-0.01,300,173700,"S"
"TTF","09:30:00",4.11,-0.01,200,173400,"S"
"TTF","09:29:46",4.11,-0.01,1000,173200,"S"
"TTF","09:29:20",4.11,-0.01,5000,172200,"S"
"TTF","09:29:00",4.11,-0.01,100,167200,"S"
"TTF","09:28:44",4.11,-0.01,15100,167100,"B"
"TTF","09:28:30",4.11,-0.01,4900,152000,"S"
"TTF","09:28:27",4.11,-0.01,1000,147100,"S"
"TTF","09:28:16",4.11,-0.01,900,146100,"S"
"TTF","09:28:10",4.11,-0.01,500,145200,"S"
"TTF","09:28:07",4.11,-0.01,1000,144700,"S"
"TTF","09:28:06",4.11,-0.01,500,143700,"S"
"TTF","09:27:58",4.11,-0.01,100,143200,"S"
"TTF","09:27:23",4.11,-0.01,1000,143100,"S"
"TTF","09:26:46",4.11,-0.01,300,142100,"S"
"TTF","09:26:37",4.11,-0.01,7300,141800,"B"
"TTF","09:26:15",4.11,-0.01,2500,134500,"B"
"TTF","09:24:27",4.12,0,100,132000,"S"
"TTF","09:23:49",4.12,0,52200,131900,"B"
"TTF","09:23:36",4.13,0.01,5000,79700,"S"
"TTF","09:23:33",4.13,0.01,300,74700,"B"
"TTF","09:23:24",4.13,0.01,1000,74400,"B"
"TTF","09:23:12",4.13,0.01,1000,73400,"B"
"TTF","09:22:55",4.13,0.01,3500,72400,"S"
"TTF","09:22:30",4.13,0.01,16500,68900,"B"
"TTF","09:22:15",4.14,0.02,1900,52400,"B"
"TTF","09:21:42",4.14,0.02,100,50500,"B"
"TTF","09:21:24",4.14,0.02,1000,50400,"S"
"TTF","09:21:09",4.14,0.02,600,49400,"S"
"TTF","09:20:30",4.14,0.02,1400,48800,"B"
"TTF","09:20:23",4.14,0.02,2800,47400,"S"
"TTF","09:19:41",4.14,0.02,2000,44600,"S"
"TTF","09:19:18",4.14,0.02,200,42600,"B"
"TTF","09:18:47",4.14,0.02,100,42400,"S"
"TTF","09:18:14",4.14,0.02,300,42300,"S"
"TTF","09:17:49",4.14,0.02,100,42000,"S"
"TTF","09:17:40",4.14,0.02,5000,41900,"S"
"TTF","09:16:51",4.14,0.02,500,36900,"B"
"TTF","09:16:11",4.15,0.03,5000,36400,"S"
"TTF","09:15:39",4.13,0.01,200,31400,"B"
"TTF","09:15:38",4.15,0.03,2000,31200,"S"
"TTF","09:15:16",4.14,0.02,300,29200,"S"
"TTF","09:15:14",4.13,0.01,5000,28900,"B"
"TTF","09:15:02",4.13,0.01,23900,23900,
