"id","symbol","truncTime","matchType","matchVol","matchPrice","accumulatedVolume","createdAt","updatedAt"
153002317,"JVC","1701157494","unknown","8300","3240","248100","2023-11-28T07:45:06.377Z","2023-11-28T07:45:06.377Z"
152997971,"JVC","1701156538","s","700","3230","239800","2023-11-28T07:29:10.352Z","2023-11-28T07:29:10.352Z"
152997970,"JVC","1701156538","s","500","3230","239800","2023-11-28T07:29:10.352Z","2023-11-28T07:29:10.352Z"
152997969,"JVC","1701156538","s","900","3240","239800","2023-11-28T07:29:10.352Z","2023-11-28T07:29:10.352Z"
152997968,"JVC","1701156538","s","100","3240","239800","2023-11-28T07:29:10.352Z","2023-11-28T07:29:10.352Z"
152997967,"JVC","1701156538","s","500","3240","239800","2023-11-28T07:29:10.352Z","2023-11-28T07:29:10.352Z"
152992731,"JVC","1701156472","b","900","3250","235000","2023-11-28T07:28:05.368Z","2023-11-28T07:28:05.368Z"
152992730,"JVC","1701156472","b","500","3250","235000","2023-11-28T07:28:05.368Z","2023-11-28T07:28:05.368Z"
152992729,"JVC","1701156472","b","700","3250","235000","2023-11-28T07:28:05.368Z","2023-11-28T07:28:05.368Z"
152988843,"JVC","1701156417","s","2000","3240","233000","2023-11-28T07:27:10.347Z","2023-11-28T07:27:10.347Z"
152988060,"JVC","1701156399","b","300","3250","233000","2023-11-28T07:26:51.345Z","2023-11-28T07:26:51.345Z"
152986630,"JVC","1701156369","s","100","3240","232700","2023-11-28T07:26:21.345Z","2023-11-28T07:26:21.345Z"
152982704,"JVC","1701156260","b","100","3250","232600","2023-11-28T07:24:32.342Z","2023-11-28T07:24:32.342Z"
152980461,"JVC","1701156178","b","900","3250","232500","2023-11-28T07:23:10.334Z","2023-11-28T07:23:10.334Z"
152980460,"JVC","1701156178","b","100","3250","232500","2023-11-28T07:23:10.334Z","2023-11-28T07:23:10.334Z"
152973715,"JVC","1701155921","b","100","3250","231500","2023-11-28T07:18:53.333Z","2023-11-28T07:18:53.333Z"
152970835,"JVC","1701155818","s","100","3240","231400","2023-11-28T07:17:10.333Z","2023-11-28T07:17:10.333Z"
152968975,"JVC","1701155757","s","300","3240","231000","2023-11-28T07:16:08.325Z","2023-11-28T07:16:08.325Z"
152965731,"JVC","1701155657","b","100","3250","231000","2023-11-28T07:14:29.327Z","2023-11-28T07:14:29.327Z"
152965730,"JVC","1701155657","b","200","3250","231000","2023-11-28T07:14:29.327Z","2023-11-28T07:14:29.327Z"
152961946,"JVC","1701155549","s","100","3250","230700","2023-11-28T07:12:41.324Z","2023-11-28T07:12:41.324Z"
152954566,"JVC","1701155375","b","100","3250","230600","2023-11-28T07:09:47.329Z","2023-11-28T07:09:47.329Z"
152946350,"JVC","1701155210","s","100","3250","230400","2023-11-28T07:07:02.322Z","2023-11-28T07:07:02.322Z"
152944954,"JVC","1701155187","b","900","3250","229500","2023-11-28T07:06:39.326Z","2023-11-28T07:06:39.326Z"
152937410,"JVC","1701155025","b","100","3250","228400","2023-11-28T07:03:57.321Z","2023-11-28T07:03:57.321Z"
152937409,"JVC","1701155025","b","1000","3250","228400","2023-11-28T07:03:57.321Z","2023-11-28T07:03:57.321Z"
152936709,"JVC","1701155004","b","200","3250","228200","2023-11-28T07:03:37.324Z","2023-11-28T07:03:37.324Z"
152935584,"JVC","1701154973","b","200","3250","228000","2023-11-28T07:03:05.321Z","2023-11-28T07:03:05.321Z"
152931902,"JVC","1701154821","b","2500","3250","228000","2023-11-28T07:00:33.332Z","2023-11-28T07:00:33.332Z"
152927417,"JVC","1701154660","s","700","3250","224400","2023-11-28T06:57:52.317Z","2023-11-28T06:57:52.317Z"
152927416,"JVC","1701154660","s","100","3250","224400","2023-11-28T06:57:52.317Z","2023-11-28T06:57:52.317Z"
152927415,"JVC","1701154660","s","300","3250","224400","2023-11-28T06:57:52.317Z","2023-11-28T06:57:52.317Z"
152919786,"JVC","1701154392","b","400","3250","222500","2023-11-28T06:53:24.317Z","2023-11-28T06:53:24.317Z"
152919785,"JVC","1701154392","b","500","3250","222500","2023-11-28T06:53:24.317Z","2023-11-28T06:53:24.317Z"
152919784,"JVC","1701154392","b","1000","3250","222500","2023-11-28T06:53:24.317Z","2023-11-28T06:53:24.317Z"
152912501,"JVC","1701154126","b","100","3250","220500","2023-11-28T06:48:58.319Z","2023-11-28T06:48:58.319Z"
152912500,"JVC","1701154126","b","1900","3250","220500","2023-11-28T06:48:58.319Z","2023-11-28T06:48:58.319Z"
152910615,"JVC","1701154050","b","100","3250","220500","2023-11-28T06:47:42.310Z","2023-11-28T06:47:42.310Z"
152910614,"JVC","1701154050","b","200","3250","220500","2023-11-28T06:47:42.310Z","2023-11-28T06:47:42.310Z"
152897857,"JVC","1701153631","b","300","3250","220200","2023-11-28T06:40:43.329Z","2023-11-28T06:40:43.329Z"
152897856,"JVC","1701153631","b","1000","3250","220200","2023-11-28T06:40:43.329Z","2023-11-28T06:40:43.329Z"
152897855,"JVC","1701153631","b","500","3250","220200","2023-11-28T06:40:43.329Z","2023-11-28T06:40:43.329Z"
152897854,"JVC","1701153631","b","800","3250","220200","2023-11-28T06:40:43.329Z","2023-11-28T06:40:43.329Z"
152890626,"JVC","1701153473","b","200","3240","217600","2023-11-28T06:38:05.319Z","2023-11-28T06:38:05.319Z"
152890625,"JVC","1701153473","b","2000","3240","217600","2023-11-28T06:38:05.319Z","2023-11-28T06:38:05.319Z"
152887416,"JVC","1701153414","s","100","3220","215300","2023-11-28T06:37:06.309Z","2023-11-28T06:37:06.309Z"
152885571,"JVC","1701153369","s","1000","3220","215300","2023-11-28T06:36:21.315Z","2023-11-28T06:36:21.315Z"
152883525,"JVC","1701153300","s","100","3220","214300","2023-11-28T06:35:12.310Z","2023-11-28T06:35:12.310Z"
152882178,"JVC","1701153236","s","100","3220","214200","2023-11-28T06:34:08.301Z","2023-11-28T06:34:08.301Z"
152881399,"JVC","1701153204","s","100","3220","214000","2023-11-28T06:33:36.306Z","2023-11-28T06:33:36.306Z"
152875669,"JVC","1701152963","b","1600","3220","214000","2023-11-28T06:29:35.306Z","2023-11-28T06:29:35.306Z"
152875668,"JVC","1701152963","b","600","3220","214000","2023-11-28T06:29:35.306Z","2023-11-28T06:29:35.306Z"
152874862,"JVC","1701152941","b","1300","3220","211800","2023-11-28T06:29:13.302Z","2023-11-28T06:29:13.302Z"
152874861,"JVC","1701152941","b","500","3220","211800","2023-11-28T06:29:13.302Z","2023-11-28T06:29:13.302Z"
152874860,"JVC","1701152941","b","200","3220","211800","2023-11-28T06:29:13.302Z","2023-11-28T06:29:13.302Z"
152874352,"JVC","1701152928","b","2000","3220","207800","2023-11-28T06:29:00.312Z","2023-11-28T06:29:00.312Z"
152872169,"JVC","1701152861","b","200","3220","207800","2023-11-28T06:27:53.309Z","2023-11-28T06:27:53.309Z"
152870356,"JVC","1701152812","b","1000","3220","207600","2023-11-28T06:27:04.305Z","2023-11-28T06:27:04.305Z"
152868682,"JVC","1701152765","b","900","3220","205700","2023-11-28T06:26:17.310Z","2023-11-28T06:26:17.310Z"
152848191,"JVC","1701152074","s","500","3200","205200","2023-11-28T06:14:47.287Z","2023-11-28T06:14:47.287Z"
152835368,"JVC","1701151549","b","200","3220","205000","2023-11-28T06:06:01.283Z","2023-11-28T06:06:01.283Z"
152827322,"JVC","1701151249","b","300","3210","205000","2023-11-28T06:01:01.278Z","2023-11-28T06:01:01.278Z"
152823457,"JVC","1701151197","s","100","3200","204600","2023-11-28T06:00:09.375Z","2023-11-28T06:00:09.375Z"
152821330,"JVC","1701145767","b","200","3220","204600","2023-11-28T04:29:39.198Z","2023-11-28T04:29:39.198Z"
152806070,"JVC","1701145016","b","100","3210","204400","2023-11-28T04:17:08.175Z","2023-11-28T04:17:08.175Z"
152801557,"JVC","1701144881","b","2000","3220","202300","2023-11-28T04:14:53.167Z","2023-11-28T04:14:53.167Z"
152788812,"JVC","1701144557","s","500","3200","202300","2023-11-28T04:09:29.163Z","2023-11-28T04:09:29.163Z"
152784341,"JVC","1701144408","s","200","3200","201800","2023-11-28T04:07:00.159Z","2023-11-28T04:07:00.159Z"
152784340,"JVC","1701144408","s","100","3200","201800","2023-11-28T04:07:00.159Z","2023-11-28T04:07:00.159Z"
152784339,"JVC","1701144408","s","500","3200","201800","2023-11-28T04:07:00.159Z","2023-11-28T04:07:00.159Z"
152771051,"JVC","1701143872","s","100","3200","200900","2023-11-28T03:58:04.152Z","2023-11-28T03:58:04.152Z"
152767301,"JVC","1701143659","b","1000","3220","199900","2023-11-28T03:54:31.144Z","2023-11-28T03:54:31.144Z"
152762789,"JVC","1701143349","b","100","3220","199800","2023-11-28T03:49:22.138Z","2023-11-28T03:49:22.138Z"
152757653,"JVC","1701143006","s","1000","3200","199800","2023-11-28T03:43:39.132Z","2023-11-28T03:43:39.132Z"
152757570,"JVC","1701143001","s","100","3200","198800","2023-11-28T03:43:33.132Z","2023-11-28T03:43:33.132Z"
152754631,"JVC","1701142822","s","3000","3200","198700","2023-11-28T03:40:34.129Z","2023-11-28T03:40:34.129Z"
152747480,"JVC","1701142406","s","100","3200","195700","2023-11-28T03:33:38.141Z","2023-11-28T03:33:38.141Z"
152747076,"JVC","1701142384","b","2700","3210","195600","2023-11-28T03:33:17.124Z","2023-11-28T03:33:17.124Z"
152744804,"JVC","1701142281","b","100","3210","192900","2023-11-28T03:31:33.126Z","2023-11-28T03:31:33.126Z"
152744267,"JVC","1701142254","b","2000","3210","192800","2023-11-28T03:31:06.128Z","2023-11-28T03:31:06.128Z"
152739562,"JVC","1701142032","b","400","3220","190400","2023-11-28T03:27:24.127Z","2023-11-28T03:27:24.127Z"
152737582,"JVC","1701141943","b","500","3220","189900","2023-11-28T03:25:54.127Z","2023-11-28T03:25:54.127Z"
152732110,"JVC","1701141698","b","100","3220","189800","2023-11-28T03:21:51.126Z","2023-11-28T03:21:51.126Z"
152725558,"JVC","1701141455","b","1500","3170","188300","2023-11-28T03:17:47.123Z","2023-11-28T03:17:47.123Z"
152725407,"JVC","1701141451","b","700","3170","188300","2023-11-28T03:17:43.137Z","2023-11-28T03:17:43.137Z"
152725042,"JVC","1701141440","b","2000","3170","185600","2023-11-28T03:17:32.133Z","2023-11-28T03:17:32.133Z"
152724678,"JVC","1701141431","b","800","3170","183600","2023-11-28T03:17:23.137Z","2023-11-28T03:17:23.137Z"
152724677,"JVC","1701141431","b","1200","3170","183600","2023-11-28T03:17:23.137Z","2023-11-28T03:17:23.137Z"
152724398,"JVC","1701141423","b","1000","3170","183600","2023-11-28T03:17:15.134Z","2023-11-28T03:17:15.134Z"
152724217,"JVC","1701141420","b","100","3170","182600","2023-11-28T03:17:12.123Z","2023-11-28T03:17:12.123Z"
152724089,"JVC","1701141416","b","100","3170","182500","2023-11-28T03:17:08.125Z","2023-11-28T03:17:08.125Z"
152723747,"JVC","1701141407","b","3000","3170","182400","2023-11-28T03:16:59.133Z","2023-11-28T03:16:59.133Z"
152723145,"JVC","1701141389","b","600","3170","178800","2023-11-28T03:16:42.134Z","2023-11-28T03:16:42.134Z"
152722824,"JVC","1701141379","b","1000","3170","177800","2023-11-28T03:16:31.127Z","2023-11-28T03:16:31.127Z"
152722766,"JVC","1701141377","b","100","3170","177700","2023-11-28T03:16:29.125Z","2023-11-28T03:16:29.125Z"
152722631,"JVC","1701141373","b","500","3170","177700","2023-11-28T03:16:25.152Z","2023-11-28T03:16:25.152Z"
152722142,"JVC","1701141358","b","2000","3170","177200","2023-11-28T03:16:10.129Z","2023-11-28T03:16:10.129Z"
152721586,"JVC","1701141343","b","3000","3170","172200","2023-11-28T03:15:55.131Z","2023-11-28T03:15:55.131Z"
152720641,"JVC","1701141320","b","2000","3170","172200","2023-11-28T03:15:33.129Z","2023-11-28T03:15:33.129Z"
152720091,"JVC","1701141303","b","2000","3170","170200","2023-11-28T03:15:15.124Z","2023-11-28T03:15:15.124Z"
