"id","symbol","truncTime","matchType","matchVol","matchPrice","accumulatedVolume","createdAt","updatedAt"
153002336,"MBB","1701157494","unknown","239400","17850","6408600","2023-11-28T07:45:07.414Z","2023-11-28T07:45:07.414Z"
153000659,"MBB","1701156576","s","100","17850","6408600","2023-11-28T07:29:48.348Z","2023-11-28T07:29:48.348Z"
153000638,"MBB","1701156575","b","3000","17900","6408500","2023-11-28T07:29:47.350Z","2023-11-28T07:29:47.350Z"
153000533,"MBB","1701156574","b","800","17900","6404700","2023-11-28T07:29:46.361Z","2023-11-28T07:29:46.361Z"
153000271,"MBB","1701156569","s","100","17850","6404600","2023-11-28T07:29:41.362Z","2023-11-28T07:29:41.362Z"
152999815,"MBB","1701156562","s","5000","17850","6399600","2023-11-28T07:29:35.356Z","2023-11-28T07:29:35.356Z"
152999170,"MBB","1701156555","b","13600","17900","6385200","2023-11-28T07:29:27.392Z","2023-11-28T07:29:27.392Z"
152999169,"MBB","1701156555","b","100","17900","6385200","2023-11-28T07:29:27.392Z","2023-11-28T07:29:27.392Z"
152999168,"MBB","1701156555","b","700","17900","6385200","2023-11-28T07:29:27.392Z","2023-11-28T07:29:27.392Z"
152996953,"MBB","1701156524","s","300","17850","6384900","2023-11-28T07:28:56.346Z","2023-11-28T07:28:56.346Z"
152996668,"MBB","1701156519","s","500","17850","6384400","2023-11-28T07:28:51.380Z","2023-11-28T07:28:51.380Z"
152996228,"MBB","1701156515","b","300","17900","6373400","2023-11-28T07:28:47.381Z","2023-11-28T07:28:47.381Z"
152996227,"MBB","1701156515","b","1000","17900","6373400","2023-11-28T07:28:47.381Z","2023-11-28T07:28:47.381Z"
152996226,"MBB","1701156515","b","500","17900","6373400","2023-11-28T07:28:47.381Z","2023-11-28T07:28:47.381Z"
152996225,"MBB","1701156515","b","5000","17900","6373400","2023-11-28T07:28:47.381Z","2023-11-28T07:28:47.381Z"
152996224,"MBB","1701156515","b","4200","17900","6373400","2023-11-28T07:28:47.381Z","2023-11-28T07:28:47.381Z"
152996164,"MBB","1701156514","b","14400","17900","6359000","2023-11-28T07:28:46.367Z","2023-11-28T07:28:46.367Z"
152995729,"MBB","1701156509","b","800","17900","6358200","2023-11-28T07:28:41.352Z","2023-11-28T07:28:41.352Z"
152995684,"MBB","1701156508","s","300","17850","6357900","2023-11-28T07:28:41.352Z","2023-11-28T07:28:41.352Z"
152995541,"MBB","1701156507","b","600","17900","6341000","2023-11-28T07:28:39.378Z","2023-11-28T07:28:39.378Z"
152995540,"MBB","1701156507","b","1000","17900","6341000","2023-11-28T07:28:39.378Z","2023-11-28T07:28:39.378Z"
152995539,"MBB","1701156507","b","300","17900","6341000","2023-11-28T07:28:39.378Z","2023-11-28T07:28:39.378Z"
152995538,"MBB","1701156507","b","5600","17900","6341000","2023-11-28T07:28:39.378Z","2023-11-28T07:28:39.378Z"
152995537,"MBB","1701156507","b","4400","17900","6341000","2023-11-28T07:28:39.378Z","2023-11-28T07:28:39.378Z"
152995536,"MBB","1701156507","b","200","17900","6341000","2023-11-28T07:28:39.378Z","2023-11-28T07:28:39.378Z"
152995535,"MBB","1701156507","b","2000","17900","6341000","2023-11-28T07:28:39.378Z","2023-11-28T07:28:39.378Z"
152995534,"MBB","1701156507","b","100","17900","6341000","2023-11-28T07:28:39.378Z","2023-11-28T07:28:39.378Z"
152995533,"MBB","1701156507","b","2700","17900","6341000","2023-11-28T07:28:39.378Z","2023-11-28T07:28:39.378Z"
152995042,"MBB","1701156501","b","100","17850","6196000","2023-11-28T07:28:34.367Z","2023-11-28T07:28:34.367Z"
152995041,"MBB","1701156501","b","500","17850","6196000","2023-11-28T07:28:34.367Z","2023-11-28T07:28:34.367Z"
152995040,"MBB","1701156501","b","1000","17850","6196000","2023-11-28T07:28:34.367Z","2023-11-28T07:28:34.367Z"
152995039,"MBB","1701156501","b","20000","17850","6196000","2023-11-28T07:28:34.367Z","2023-11-28T07:28:34.367Z"
152995038,"MBB","1701156501","b","2000","17850","6196000","2023-11-28T07:28:34.367Z","2023-11-28T07:28:34.367Z"
152995037,"MBB","1701156501","b","25000","17850","6196000","2023-11-28T07:28:34.367Z","2023-11-28T07:28:34.367Z"
152995036,"MBB","1701156501","b","4000","17850","6196000","2023-11-28T07:28:34.367Z","2023-11-28T07:28:34.367Z"
152995035,"MBB","1701156501","b","100","17850","6196000","2023-11-28T07:28:34.367Z","2023-11-28T07:28:34.367Z"
152995034,"MBB","1701156501","b","200","17850","6196000","2023-11-28T07:28:34.367Z","2023-11-28T07:28:34.367Z"
152995033,"MBB","1701156501","b","500","17850","6196000","2023-11-28T07:28:34.367Z","2023-11-28T07:28:34.367Z"
152995032,"MBB","1701156501","b","1000","17850","6196000","2023-11-28T07:28:34.367Z","2023-11-28T07:28:34.367Z"
152995031,"MBB","1701156501","b","200","17850","6196000","2023-11-28T07:28:34.367Z","2023-11-28T07:28:34.367Z"
152995030,"MBB","1701156501","b","5300","17850","6196000","2023-11-28T07:28:34.367Z","2023-11-28T07:28:34.367Z"
152995029,"MBB","1701156501","b","60000","17850","6196000","2023-11-28T07:28:34.367Z","2023-11-28T07:28:34.367Z"
152995028,"MBB","1701156501","b","100","17850","6196000","2023-11-28T07:28:34.367Z","2023-11-28T07:28:34.367Z"
152995027,"MBB","1701156501","b","100","17850","6196000","2023-11-28T07:28:34.367Z","2023-11-28T07:28:34.367Z"
152995026,"MBB","1701156501","b","200","17850","6196000","2023-11-28T07:28:34.367Z","2023-11-28T07:28:34.367Z"
152995025,"MBB","1701156501","b","1500","17850","6196000","2023-11-28T07:28:34.367Z","2023-11-28T07:28:34.367Z"
152995024,"MBB","1701156501","b","100","17850","6196000","2023-11-28T07:28:34.367Z","2023-11-28T07:28:34.367Z"
152995023,"MBB","1701156501","b","500","17850","6196000","2023-11-28T07:28:34.367Z","2023-11-28T07:28:34.367Z"
152995022,"MBB","1701156501","b","500","17850","6196000","2023-11-28T07:28:34.367Z","2023-11-28T07:28:34.367Z"
152995021,"MBB","1701156501","b","4000","17850","6196000","2023-11-28T07:28:34.367Z","2023-11-28T07:28:34.367Z"
152995020,"MBB","1701156501","b","200","17850","6196000","2023-11-28T07:28:34.367Z","2023-11-28T07:28:34.367Z"
152995019,"MBB","1701156501","b","100","17850","6196000","2023-11-28T07:28:34.367Z","2023-11-28T07:28:34.367Z"
152995018,"MBB","1701156501","b","3000","17850","6196000","2023-11-28T07:28:34.367Z","2023-11-28T07:28:34.367Z"
152995017,"MBB","1701156501","b","200","17850","6196000","2023-11-28T07:28:34.367Z","2023-11-28T07:28:34.367Z"
152995016,"MBB","1701156501","b","100","17850","6196000","2023-11-28T07:28:34.367Z","2023-11-28T07:28:34.367Z"
152995015,"MBB","1701156501","b","100","17850","6196000","2023-11-28T07:28:34.367Z","2023-11-28T07:28:34.367Z"
152995014,"MBB","1701156501","b","200","17850","6196000","2023-11-28T07:28:34.367Z","2023-11-28T07:28:34.367Z"
152995013,"MBB","1701156501","b","100","17850","6196000","2023-11-28T07:28:34.367Z","2023-11-28T07:28:34.367Z"
152995012,"MBB","1701156501","b","1500","17850","6196000","2023-11-28T07:28:34.367Z","2023-11-28T07:28:34.367Z"
152995011,"MBB","1701156501","b","100","17850","6196000","2023-11-28T07:28:34.367Z","2023-11-28T07:28:34.367Z"
152995010,"MBB","1701156501","b","100","17850","6196000","2023-11-28T07:28:34.367Z","2023-11-28T07:28:34.367Z"
152995009,"MBB","1701156501","b","3000","17850","6196000","2023-11-28T07:28:34.367Z","2023-11-28T07:28:34.367Z"
152995008,"MBB","1701156501","b","9400","17850","6196000","2023-11-28T07:28:34.367Z","2023-11-28T07:28:34.367Z"
152994992,"MBB","1701156501","b","4000","17850","6192000","2023-11-28T07:28:34.367Z","2023-11-28T07:28:34.367Z"
152994700,"MBB","1701156498","s","300","17800","6191400","2023-11-28T07:28:31.361Z","2023-11-28T07:28:31.361Z"
152994699,"MBB","1701156498","s","300","17800","6191400","2023-11-28T07:28:31.361Z","2023-11-28T07:28:31.361Z"
152994428,"MBB","1701156494","b","9100","17850","6182300","2023-11-28T07:28:26.357Z","2023-11-28T07:28:26.357Z"
152994016,"MBB","1701156491","b","14400","17850","6167900","2023-11-28T07:28:23.492Z","2023-11-28T07:28:23.492Z"
152993933,"MBB","1701156488","b","9300","17850","6158600","2023-11-28T07:28:20.391Z","2023-11-28T07:28:20.391Z"
152993828,"MBB","1701156487","s","300","17800","6158300","2023-11-28T07:28:19.382Z","2023-11-28T07:28:19.382Z"
152993583,"MBB","1701156484","b","7500","17850","6150800","2023-11-28T07:28:16.343Z","2023-11-28T07:28:16.343Z"
152993445,"MBB","1701156481","b","6300","17850","6142000","2023-11-28T07:28:13.362Z","2023-11-28T07:28:13.362Z"
152993444,"MBB","1701156481","b","700","17850","6142000","2023-11-28T07:28:13.362Z","2023-11-28T07:28:13.362Z"
152993443,"MBB","1701156481","b","1800","17850","6142000","2023-11-28T07:28:13.362Z","2023-11-28T07:28:13.362Z"
152992932,"MBB","1701156474","s","800","17800","6141200","2023-11-28T07:28:07.348Z","2023-11-28T07:28:07.348Z"
152992659,"MBB","1701156471","b","200","17850","6131300","2023-11-28T07:28:04.365Z","2023-11-28T07:28:04.365Z"
152992658,"MBB","1701156471","b","2000","17850","6131300","2023-11-28T07:28:04.365Z","2023-11-28T07:28:04.365Z"
152992657,"MBB","1701156471","b","100","17850","6131300","2023-11-28T07:28:04.365Z","2023-11-28T07:28:04.365Z"
152992656,"MBB","1701156471","b","500","17850","6131300","2023-11-28T07:28:04.365Z","2023-11-28T07:28:04.365Z"
152992655,"MBB","1701156471","b","7100","17850","6131300","2023-11-28T07:28:04.365Z","2023-11-28T07:28:04.365Z"
152990215,"MBB","1701156434","b","14400","17850","6116900","2023-11-28T07:27:26.361Z","2023-11-28T07:27:26.361Z"
152989942,"MBB","1701156430","b","9400","17850","6107500","2023-11-28T07:27:23.355Z","2023-11-28T07:27:23.355Z"
152989693,"MBB","1701156427","b","100","17850","6107400","2023-11-28T07:27:20.357Z","2023-11-28T07:27:20.357Z"
152989503,"MBB","1701156424","s","600","17800","6106400","2023-11-28T07:27:16.348Z","2023-11-28T07:27:16.348Z"
152989502,"MBB","1701156424","s","300","17800","6106400","2023-11-28T07:27:16.348Z","2023-11-28T07:27:16.348Z"
152989501,"MBB","1701156424","s","100","17800","6106400","2023-11-28T07:27:16.348Z","2023-11-28T07:27:16.348Z"
152989411,"MBB","1701156422","b","7500","17850","6098900","2023-11-28T07:27:15.358Z","2023-11-28T07:27:15.358Z"
152989044,"MBB","1701156419","b","11000","17850","6087900","2023-11-28T07:27:12.437Z","2023-11-28T07:27:12.437Z"
152988959,"MBB","1701156419","b","14400","17850","6073500","2023-11-28T07:27:11.366Z","2023-11-28T07:27:11.366Z"
152988644,"MBB","1701156413","b","9800","17850","6063600","2023-11-28T07:27:06.361Z","2023-11-28T07:27:06.361Z"
152988643,"MBB","1701156413","b","100","17800","6063600","2023-11-28T07:27:06.361Z","2023-11-28T07:27:06.361Z"
152988632,"MBB","1701156413","b","100","17800","6063500","2023-11-28T07:27:05.333Z","2023-11-28T07:27:05.333Z"
152988503,"MBB","1701156410","b","500","17800","6063000","2023-11-28T07:27:02.352Z","2023-11-28T07:27:02.352Z"
152988489,"MBB","1701156410","b","300","17800","6062700","2023-11-28T07:27:02.352Z","2023-11-28T07:27:02.352Z"
152987565,"MBB","1701156389","b","6300","17850","6062700","2023-11-28T07:26:41.334Z","2023-11-28T07:26:41.334Z"
152987564,"MBB","1701156389","b","3900","17800","6062700","2023-11-28T07:26:41.334Z","2023-11-28T07:26:41.334Z"
152986967,"MBB","1701156378","s","1100","17800","6051400","2023-11-28T07:26:30.341Z","2023-11-28T07:26:30.341Z"
152986920,"MBB","1701156377","b","400","17800","6042500","2023-11-28T07:26:29.350Z","2023-11-28T07:26:29.350Z"
152986919,"MBB","1701156377","b","300","17800","6042500","2023-11-28T07:26:29.350Z","2023-11-28T07:26:29.350Z"
152986918,"MBB","1701156377","b","200","17800","6042500","2023-11-28T07:26:29.350Z","2023-11-28T07:26:29.350Z"
