"id","symbol","truncTime","matchType","matchVol","matchPrice","accumulatedVolume","createdAt","updatedAt"
153003014,"MBG","1701158151","s","200","4200","687300","2023-11-28T07:55:53.360Z","2023-11-28T07:55:53.360Z"
153002598,"MBG","1701157524","b","11300","4200","687100","2023-11-28T07:45:26.359Z","2023-11-28T07:45:26.359Z"
152985978,"MBG","1701156364","unknown","200","4100","675800","2023-11-28T07:26:06.345Z","2023-11-28T07:26:06.345Z"
152985488,"MBG","1701156351","b","100","4100","675600","2023-11-28T07:25:52.340Z","2023-11-28T07:25:52.340Z"
152985055,"MBG","1701156341","b","700","4100","675500","2023-11-28T07:25:42.345Z","2023-11-28T07:25:42.345Z"
152984470,"MBG","1701156327","s","800","4100","674800","2023-11-28T07:25:28.335Z","2023-11-28T07:25:28.335Z"
152983304,"MBG","1701156291","s","500","4100","674000","2023-11-28T07:24:53.341Z","2023-11-28T07:24:53.341Z"
152982287,"MBG","1701156259","b","2000","4100","673500","2023-11-28T07:24:20.337Z","2023-11-28T07:24:20.337Z"
152970646,"MBG","1701155821","b","200","4100","671500","2023-11-28T07:17:03.339Z","2023-11-28T07:17:03.339Z"
152970494,"MBG","1701155814","b","2300","4100","671300","2023-11-28T07:16:56.342Z","2023-11-28T07:16:56.342Z"
152967933,"MBG","1701155732","b","400","4100","669000","2023-11-28T07:15:34.323Z","2023-11-28T07:15:34.323Z"
152967845,"MBG","1701155728","b","2000","4100","668600","2023-11-28T07:15:30.332Z","2023-11-28T07:15:30.332Z"
152967148,"MBG","1701155706","b","24600","4100","666600","2023-11-28T07:15:08.349Z","2023-11-28T07:15:08.349Z"
152965898,"MBG","1701155672","s","500","4100","642000","2023-11-28T07:14:33.338Z","2023-11-28T07:14:33.338Z"
152964530,"MBG","1701155630","s","7900","4100","641500","2023-11-28T07:13:52.332Z","2023-11-28T07:13:52.332Z"
152958486,"MBG","1701155481","s","2000","4100","633600","2023-11-28T07:11:23.333Z","2023-11-28T07:11:23.333Z"
152958123,"MBG","1701155473","s","500","4100","631600","2023-11-28T07:11:16.334Z","2023-11-28T07:11:16.334Z"
152957944,"MBG","1701155470","s","100","4100","631100","2023-11-28T07:11:12.329Z","2023-11-28T07:11:12.329Z"
152948802,"MBG","1701155268","s","1500","4100","631000","2023-11-28T07:07:50.338Z","2023-11-28T07:07:50.338Z"
152945650,"MBG","1701155209","s","39900","4100","629500","2023-11-28T07:06:50.378Z","2023-11-28T07:06:50.378Z"
152945006,"MBG","1701155199","b","1000","4100","589600","2023-11-28T07:06:40.323Z","2023-11-28T07:06:40.323Z"
152944756,"MBG","1701155194","b","5000","4100","588600","2023-11-28T07:06:35.328Z","2023-11-28T07:06:35.328Z"
152926984,"MBG","1701154652","b","200","4100","583600","2023-11-28T06:57:33.315Z","2023-11-28T06:57:33.315Z"
152926423,"MBG","1701154630","s","1000","4100","583400","2023-11-28T06:57:11.315Z","2023-11-28T06:57:11.315Z"
152918210,"MBG","1701154347","b","5600","4100","582400","2023-11-28T06:52:28.311Z","2023-11-28T06:52:28.311Z"
152916382,"MBG","1701154293","b","100","4100","576800","2023-11-28T06:51:35.310Z","2023-11-28T06:51:35.310Z"
152915042,"MBG","1701154245","b","500","4100","576700","2023-11-28T06:50:47.316Z","2023-11-28T06:50:47.316Z"
152914391,"MBG","1701154218","b","2900","4100","576200","2023-11-28T06:50:20.312Z","2023-11-28T06:50:20.312Z"
152914120,"MBG","1701154207","b","10000","4100","573300","2023-11-28T06:50:08.307Z","2023-11-28T06:50:08.307Z"
152913886,"MBG","1701154196","b","300","4100","563300","2023-11-28T06:49:58.323Z","2023-11-28T06:49:58.323Z"
152913113,"MBG","1701154167","b","1200","4100","563000","2023-11-28T06:49:28.303Z","2023-11-28T06:49:28.303Z"
152908652,"MBG","1701153963","b","1000","4100","561800","2023-11-28T06:46:05.306Z","2023-11-28T06:46:05.306Z"
152907499,"MBG","1701153918","b","700","4100","560800","2023-11-28T06:45:20.305Z","2023-11-28T06:45:20.305Z"
152906404,"MBG","1701153878","b","44900","4100","560100","2023-11-28T06:44:40.311Z","2023-11-28T06:44:40.311Z"
152898278,"MBG","1701153652","s","2000","4100","515200","2023-11-28T06:40:53.310Z","2023-11-28T06:40:53.310Z"
152886853,"MBG","1701153410","s","4600","4100","513200","2023-11-28T06:36:51.318Z","2023-11-28T06:36:51.318Z"
152886740,"MBG","1701153407","b","500","4100","508600","2023-11-28T06:36:48.304Z","2023-11-28T06:36:48.304Z"
152886161,"MBG","1701153397","b","1000","4100","508100","2023-11-28T06:36:39.325Z","2023-11-28T06:36:39.325Z"
152886001,"MBG","1701153392","b","200","4100","507100","2023-11-28T06:36:34.309Z","2023-11-28T06:36:34.309Z"
152885505,"MBG","1701153378","b","12000","4100","506900","2023-11-28T06:36:20.308Z","2023-11-28T06:36:20.308Z"
152885332,"MBG","1701153372","b","10000","4100","494900","2023-11-28T06:36:13.319Z","2023-11-28T06:36:13.319Z"
152884812,"MBG","1701153360","b","1000","4100","484900","2023-11-28T06:36:01.306Z","2023-11-28T06:36:01.306Z"
152884692,"MBG","1701153354","b","7200","4100","483900","2023-11-28T06:35:55.310Z","2023-11-28T06:35:55.310Z"
152884479,"MBG","1701153346","b","200","4100","476700","2023-11-28T06:35:47.302Z","2023-11-28T06:35:47.302Z"
152884136,"MBG","1701153333","b","3000","4100","476500","2023-11-28T06:35:34.300Z","2023-11-28T06:35:34.300Z"
152883020,"MBG","1701153286","b","2000","4100","473500","2023-11-28T06:34:47.301Z","2023-11-28T06:34:47.301Z"
152881660,"MBG","1701153227","b","30000","4100","471500","2023-11-28T06:33:48.299Z","2023-11-28T06:33:48.299Z"
152873628,"MBG","1701152918","b","100","4100","441500","2023-11-28T06:28:39.308Z","2023-11-28T06:28:39.308Z"
152873513,"MBG","1701152915","b","200","4100","441400","2023-11-28T06:28:36.336Z","2023-11-28T06:28:36.336Z"
152872205,"MBG","1701152873","b","3000","4100","441200","2023-11-28T06:27:54.317Z","2023-11-28T06:27:54.317Z"
152872163,"MBG","1701152872","b","600","4100","438200","2023-11-28T06:27:53.309Z","2023-11-28T06:27:53.309Z"
152869699,"MBG","1701152805","b","1000","4100","437600","2023-11-28T06:26:46.314Z","2023-11-28T06:26:46.314Z"
152869014,"MBG","1701152785","b","12000","4100","436600","2023-11-28T06:26:26.303Z","2023-11-28T06:26:26.303Z"
152863840,"MBG","1701152656","b","2000","4100","424600","2023-11-28T06:24:16.302Z","2023-11-28T06:24:16.302Z"
152859765,"MBG","1701152552","s","20000","4000","422600","2023-11-28T06:22:34.302Z","2023-11-28T06:22:34.302Z"
152858381,"MBG","1701152508","b","100","4100","402600","2023-11-28T06:21:49.304Z","2023-11-28T06:21:49.304Z"
152857974,"MBG","1701152495","b","1000","4100","402500","2023-11-28T06:21:36.296Z","2023-11-28T06:21:36.296Z"
152857470,"MBG","1701152475","b","100","4100","401500","2023-11-28T06:21:16.292Z","2023-11-28T06:21:16.292Z"
152852558,"MBG","1701152265","b","1000","4100","401400","2023-11-28T06:17:46.294Z","2023-11-28T06:17:46.294Z"
152851935,"MBG","1701152239","b","800","4100","400400","2023-11-28T06:17:20.290Z","2023-11-28T06:17:20.290Z"
152844386,"MBG","1701151916","b","100","4100","399600","2023-11-28T06:11:57.286Z","2023-11-28T06:11:57.286Z"
152844138,"MBG","1701151902","s","1000","4000","399500","2023-11-28T06:11:43.279Z","2023-11-28T06:11:43.279Z"
152844074,"MBG","1701151899","b","100","4100","398500","2023-11-28T06:11:40.291Z","2023-11-28T06:11:40.291Z"
152842883,"MBG","1701151847","s","10000","4000","398400","2023-11-28T06:10:49.286Z","2023-11-28T06:10:49.286Z"
152842692,"MBG","1701151838","s","2000","4000","388400","2023-11-28T06:10:40.285Z","2023-11-28T06:10:40.285Z"
152840655,"MBG","1701151755","b","100","4100","386400","2023-11-28T06:09:16.288Z","2023-11-28T06:09:16.288Z"
152838883,"MBG","1701151682","s","1000","4000","386300","2023-11-28T06:08:03.291Z","2023-11-28T06:08:03.291Z"
152838518,"MBG","1701151670","b","100","4100","385300","2023-11-28T06:07:51.285Z","2023-11-28T06:07:51.285Z"
152837608,"MBG","1701151639","s","400","4000","385200","2023-11-28T06:07:20.282Z","2023-11-28T06:07:20.282Z"
152836261,"MBG","1701151594","s","600","4000","384800","2023-11-28T06:06:35.282Z","2023-11-28T06:06:35.282Z"
152833500,"MBG","1701151492","s","100","4000","384200","2023-11-28T06:04:53.280Z","2023-11-28T06:04:53.280Z"
152817934,"MBG","1701145578","b","100","4100","384100","2023-11-28T04:26:19.185Z","2023-11-28T04:26:19.185Z"
152816963,"MBG","1701145516","s","4200","4000","384000","2023-11-28T04:25:17.195Z","2023-11-28T04:25:17.195Z"
152812994,"MBG","1701145301","b","400","4100","379800","2023-11-28T04:21:42.179Z","2023-11-28T04:21:42.179Z"
152807274,"MBG","1701145063","s","20000","4000","379400","2023-11-28T04:17:44.179Z","2023-11-28T04:17:44.179Z"
152797084,"MBG","1701144779","s","6300","4000","359400","2023-11-28T04:13:01.168Z","2023-11-28T04:13:01.168Z"
152793074,"MBG","1701144707","s","10000","4000","353100","2023-11-28T04:11:49.171Z","2023-11-28T04:11:49.171Z"
152776728,"MBG","1701144113","b","500","4100","343100","2023-11-28T04:01:55.148Z","2023-11-28T04:01:55.148Z"
152775792,"MBG","1701144076","b","100","4100","342600","2023-11-28T04:01:17.152Z","2023-11-28T04:01:17.152Z"
152774953,"MBG","1701144038","b","100","4100","342500","2023-11-28T04:00:39.156Z","2023-11-28T04:00:39.156Z"
152773698,"MBG","1701143987","b","5100","4100","342400","2023-11-28T03:59:49.145Z","2023-11-28T03:59:49.145Z"
152771578,"MBG","1701143905","b","8000","4100","337300","2023-11-28T03:58:26.214Z","2023-11-28T03:58:26.214Z"
152770177,"MBG","1701143854","b","8000","4100","329300","2023-11-28T03:57:36.146Z","2023-11-28T03:57:36.146Z"
152768865,"MBG","1701143772","s","15000","4000","321300","2023-11-28T03:56:13.148Z","2023-11-28T03:56:13.148Z"
152766393,"MBG","1701143607","s","10000","4000","306300","2023-11-28T03:53:28.142Z","2023-11-28T03:53:28.142Z"
152765361,"MBG","1701143541","s","100","4000","296300","2023-11-28T03:52:22.139Z","2023-11-28T03:52:22.139Z"
152763461,"MBG","1701143414","b","5000","4100","296200","2023-11-28T03:50:16.138Z","2023-11-28T03:50:16.138Z"
152760681,"MBG","1701143205","b","400","4100","291200","2023-11-28T03:46:47.134Z","2023-11-28T03:46:47.134Z"
152759865,"MBG","1701143153","b","3100","4100","290800","2023-11-28T03:45:55.134Z","2023-11-28T03:45:55.134Z"
152756178,"MBG","1701142933","b","12000","4100","287700","2023-11-28T03:42:15.144Z","2023-11-28T03:42:15.144Z"
152753168,"MBG","1701142745","b","10000","4100","275700","2023-11-28T03:39:07.132Z","2023-11-28T03:39:07.132Z"
152751653,"MBG","1701142662","b","2000","4100","265700","2023-11-28T03:37:44.127Z","2023-11-28T03:37:44.127Z"
152749318,"MBG","1701142513","b","9500","4100","263700","2023-11-28T03:35:15.130Z","2023-11-28T03:35:15.130Z"
152748383,"MBG","1701142458","b","3000","4100","254200","2023-11-28T03:34:19.125Z","2023-11-28T03:34:19.125Z"
152747960,"MBG","1701142440","b","21000","4100","251200","2023-11-28T03:34:01.132Z","2023-11-28T03:34:01.132Z"
152745962,"MBG","1701142348","b","7000","4100","230200","2023-11-28T03:32:29.131Z","2023-11-28T03:32:29.131Z"
152742421,"MBG","1701142171","b","11600","4100","223200","2023-11-28T03:29:32.132Z","2023-11-28T03:29:32.132Z"
152742374,"MBG","1701142169","s","5000","4000","211600","2023-11-28T03:29:30.125Z","2023-11-28T03:29:30.125Z"
152739645,"MBG","1701142047","b","2000","4100","206600","2023-11-28T03:27:28.129Z","2023-11-28T03:27:28.129Z"
152737395,"MBG","1701141946","b","3000","4100","204600","2023-11-28T03:25:47.122Z","2023-11-28T03:25:47.122Z"
