"id","symbol","truncTime","matchType","matchVol","matchPrice","accumulatedVolume","createdAt","updatedAt"
153002568,"NVB","1701157518","s","13900","10600","123300","2023-11-28T07:45:20.359Z","2023-11-28T07:45:20.359Z"
152991430,"NVB","1701156465","unknown","100","10600","109400","2023-11-28T07:27:46.351Z","2023-11-28T07:27:46.351Z"
152986763,"NVB","1701156383","b","500","10600","109300","2023-11-28T07:26:25.341Z","2023-11-28T07:26:25.341Z"
152986433,"NVB","1701156374","b","900","10600","108800","2023-11-28T07:26:16.341Z","2023-11-28T07:26:16.341Z"
152978980,"NVB","1701156129","s","200","10500","107900","2023-11-28T07:22:10.331Z","2023-11-28T07:22:10.331Z"
152978965,"NVB","1701156128","b","2000","10600","107700","2023-11-28T07:22:09.336Z","2023-11-28T07:22:09.336Z"
152971112,"NVB","1701155843","s","400","10500","105700","2023-11-28T07:17:24.327Z","2023-11-28T07:17:24.327Z"
152969805,"NVB","1701155792","b","100","10600","105300","2023-11-28T07:16:34.325Z","2023-11-28T07:16:34.325Z"
152962071,"NVB","1701155563","b","100","10600","105200","2023-11-28T07:12:44.332Z","2023-11-28T07:12:44.332Z"
152958751,"NVB","1701155488","b","200","10600","105100","2023-11-28T07:11:29.326Z","2023-11-28T07:11:29.326Z"
152957528,"NVB","1701155460","s","100","10500","104900","2023-11-28T07:11:01.344Z","2023-11-28T07:11:01.344Z"
152957482,"NVB","1701155459","b","1500","10600","104800","2023-11-28T07:11:00.339Z","2023-11-28T07:11:00.339Z"
152955156,"NVB","1701155401","s","300","10600","103300","2023-11-28T07:10:02.332Z","2023-11-28T07:10:02.332Z"
152948790,"NVB","1701155268","b","300","10700","103000","2023-11-28T07:07:50.338Z","2023-11-28T07:07:50.338Z"
152948039,"NVB","1701155254","s","200","10600","102700","2023-11-28T07:07:35.332Z","2023-11-28T07:07:35.332Z"
152948011,"NVB","1701155253","b","2600","10700","102500","2023-11-28T07:07:34.328Z","2023-11-28T07:07:34.328Z"
152942660,"NVB","1701155156","s","600","10700","99900","2023-11-28T07:05:57.350Z","2023-11-28T07:05:57.350Z"
152942540,"NVB","1701155154","b","6800","10700","99300","2023-11-28T07:05:56.330Z","2023-11-28T07:05:56.330Z"
152938533,"NVB","1701155064","s","100","10500","92500","2023-11-28T07:04:25.317Z","2023-11-28T07:04:25.317Z"
152938488,"NVB","1701155062","s","1100","10500","92400","2023-11-28T07:04:23.322Z","2023-11-28T07:04:23.322Z"
152938420,"NVB","1701155060","s","11000","10500","91300","2023-11-28T07:04:21.322Z","2023-11-28T07:04:21.322Z"
152928050,"NVB","1701154697","s","200","10500","80300","2023-11-28T06:58:18.321Z","2023-11-28T06:58:18.321Z"
152927999,"NVB","1701154694","s","2000","10500","80100","2023-11-28T06:58:16.313Z","2023-11-28T06:58:16.313Z"
152927969,"NVB","1701154693","s","20000","10500","78100","2023-11-28T06:58:14.314Z","2023-11-28T06:58:14.314Z"
152884448,"NVB","1701153344","b","100","10600","58100","2023-11-28T06:35:45.305Z","2023-11-28T06:35:45.305Z"
152872678,"NVB","1701152887","s","100","10500","58000","2023-11-28T06:28:08.337Z","2023-11-28T06:28:08.337Z"
152872619,"NVB","1701152886","b","1800","10700","57900","2023-11-28T06:28:07.303Z","2023-11-28T06:28:07.303Z"
152859217,"NVB","1701152533","b","300","10600","56100","2023-11-28T06:22:14.308Z","2023-11-28T06:22:14.308Z"
152857779,"NVB","1701152488","s","200","10500","55800","2023-11-28T06:21:29.295Z","2023-11-28T06:21:29.295Z"
152847168,"NVB","1701152041","s","500","10500","55600","2023-11-28T06:14:02.287Z","2023-11-28T06:14:02.287Z"
152847128,"NVB","1701152039","s","5000","10500","55100","2023-11-28T06:14:00.289Z","2023-11-28T06:14:00.289Z"
152842295,"NVB","1701151823","s","200","10500","50100","2023-11-28T06:10:23.282Z","2023-11-28T06:10:23.282Z"
152842247,"NVB","1701151821","s","2200","10500","49900","2023-11-28T06:10:22.294Z","2023-11-28T06:10:22.294Z"
152818577,"NVB","1701145616","s","300","10500","47700","2023-11-28T04:26:57.189Z","2023-11-28T04:26:57.189Z"
152818565,"NVB","1701145615","b","3800","10600","47400","2023-11-28T04:26:56.192Z","2023-11-28T04:26:56.192Z"
152789424,"NVB","1701144591","s","900","10600","43600","2023-11-28T04:09:53.164Z","2023-11-28T04:09:53.164Z"
152789376,"NVB","1701144589","s","9100","10600","42700","2023-11-28T04:09:51.162Z","2023-11-28T04:09:51.162Z"
152775772,"NVB","1701144075","s","100","10600","33600","2023-11-28T04:01:16.154Z","2023-11-28T04:01:16.154Z"
152756552,"NVB","1701142958","s","100","10600","33500","2023-11-28T03:42:39.134Z","2023-11-28T03:42:39.134Z"
152756534,"NVB","1701142957","s","1700","10600","33400","2023-11-28T03:42:38.141Z","2023-11-28T03:42:38.141Z"
152756497,"NVB","1701142956","s","17000","10600","31700","2023-11-28T03:42:37.133Z","2023-11-28T03:42:37.133Z"
152752280,"NVB","1701142701","s","100","10600","14700","2023-11-28T03:38:23.129Z","2023-11-28T03:38:23.129Z"
152745952,"NVB","1701142347","s","200","10600","14600","2023-11-28T03:32:29.131Z","2023-11-28T03:32:29.131Z"
152741319,"NVB","1701142124","s","100","10600","14400","2023-11-28T03:28:46.122Z","2023-11-28T03:28:46.122Z"
152741267,"NVB","1701142122","s","1000","10600","14300","2023-11-28T03:28:44.125Z","2023-11-28T03:28:44.125Z"
152724894,"NVB","1701141447","s","100","10600","13300","2023-11-28T03:17:29.129Z","2023-11-28T03:17:29.129Z"
152724837,"NVB","1701141445","s","1300","10600","13200","2023-11-28T03:17:27.125Z","2023-11-28T03:17:27.125Z"
152717899,"NVB","1701141254","s","200","10600","11900","2023-11-28T03:14:16.208Z","2023-11-28T03:14:16.208Z"
152717852,"NVB","1701141253","s","2000","10600","11700","2023-11-28T03:14:15.130Z","2023-11-28T03:14:15.130Z"
152705697,"NVB","1701140990","s","900","10600","9700","2023-11-28T03:09:52.153Z","2023-11-28T03:09:52.153Z"
152692348,"NVB","1701140619","s","200","10600","8800","2023-11-28T03:03:41.126Z","2023-11-28T03:03:41.126Z"
152689626,"NVB","1701140486","s","800","10600","8600","2023-11-28T03:01:27.125Z","2023-11-28T03:01:27.125Z"
152689590,"NVB","1701140484","s","100","10600","7800","2023-11-28T03:01:25.123Z","2023-11-28T03:01:25.123Z"
152689561,"NVB","1701140483","b","1500","10700","7700","2023-11-28T03:01:24.132Z","2023-11-28T03:01:24.132Z"
152688372,"NVB","1701140411","s","600","10600","6200","2023-11-28T03:00:13.135Z","2023-11-28T03:00:13.135Z"
152683152,"NVB","1701140090","b","100","10700","5600","2023-11-28T02:54:53.114Z","2023-11-28T02:54:53.114Z"
152683063,"NVB","1701140083","s","100","10600","5500","2023-11-28T02:54:46.118Z","2023-11-28T02:54:46.118Z"
152683055,"NVB","1701140083","s","1000","10600","5400","2023-11-28T02:54:45.117Z","2023-11-28T02:54:45.117Z"
152681104,"NVB","1701139960","s","100","10600","4400","2023-11-28T02:52:42.120Z","2023-11-28T02:52:42.120Z"
152681089,"NVB","1701139960","s","1000","10600","4300","2023-11-28T02:52:41.150Z","2023-11-28T02:52:41.150Z"
152638758,"NVB","1701138248","unknown","1100","10700","3300","2023-11-28T02:24:09.087Z","2023-11-28T02:24:09.087Z"
152635095,"NVB","1701138048","s","900","10700","2200","2023-11-28T02:20:50.080Z","2023-11-28T02:20:50.080Z"
152634935,"NVB","1701138041","s","200","10700","1300","2023-11-28T02:20:43.082Z","2023-11-28T02:20:43.082Z"
152627710,"NVB","1701137343","b","1100","10800","1100","2023-11-28T02:09:05.063Z","2023-11-28T02:09:05.063Z"
