"price","change","match_qtty","side","time","total_vol"
90000,100,1500,"sd","09:15:04",1500
90000,100,1000,"sd","09:15:15",2500
90000,100,900,"bu","09:15:59",3400
90000,100,100,"sd","09:15:59",3500
90000,100,1100,"sd","09:19:17",4600
90000,100,100,"sd","09:19:58",4700
89800,-100,1600,"bu","09:20:39",6300
89800,-100,2700,"bu","09:20:47",9000
89700,-200,500,"bu","09:22:22",9500
89700,-200,2000,"bu","09:23:20",11500
89700,-200,100,"bu","09:27:02",11600
89700,-200,900,"sd","09:31:03",12500
89800,-100,500,"sd","09:31:45",13000
89800,-100,400,"bu","09:32:07",13400
89500,-400,5300,"bu","09:33:08",18700
89500,-400,100,"sd","09:33:44",18800
89500,-400,900,"sd","09:33:44",19700
89400,-500,200,"sd","09:37:18",19900
89400,-500,400,"bu","09:38:37",20300
89400,-500,1000,"sd","09:38:39",21300
89300,-600,1200,"sd","09:40:11",22500
89400,-500,2100,"sd","09:40:47",24600
89500,-400,500,"bu","09:46:31",25100
89500,-400,100,"sd","09:47:17",25200
89500,-400,800,"sd","09:47:56",26000
89500,-400,100,"sd","09:48:08",26100
89500,-400,1500,"sd","09:49:52",27600
89500,-400,200,"bu","09:50:18",27800
89500,-400,1000,"bu","09:50:22",28800
89500,-400,200,"sd","09:50:54",29000
89400,-500,400,"bu","09:51:47",29400
89300,-600,1100,"sd","09:52:55",30500
89400,-500,100,"bu","09:54:01",30600
89500,-400,1600,"sd","09:57:01",32200
89400,-500,100,"sd","09:57:13",32300
89500,-400,500,"sd","09:58:01",32800
89500,-400,2000,"sd","09:58:24",34800
89500,-400,800,"bu","09:58:39",35600
89500,-400,700,"sd","10:07:15",36300
89500,-400,1100,"bu","10:11:19",37400
89500,-400,300,"sd","10:12:11",37700
89600,-300,200,"sd","10:14:03",37900
89600,-300,400,"sd","10:14:58",38300
89600,-300,100,"sd","10:17:46",38400
89600,-300,200,"bu","10:18:20",38600
89600,-300,100,"bu","10:21:26",38700
89800,-100,1100,"sd","10:25:16",39800
89800,-100,100,"sd","10:25:17",39900
89800,-100,500,"bu","10:27:24",40400
89800,-100,300,"sd","10:27:28",40700
89800,-100,600,"bu","10:27:33",41300
89700,-200,1000,"bu","10:28:24",42300
89800,-100,100,"sd","10:29:17",42400
89800,-100,500,"bu","10:30:57",42900
89900,0,100,"bu","10:31:28",43000
90000,100,300,"bu","10:33:50",43300
90000,100,2000,"sd","10:34:27",45300
90000,100,1400,"bu","10:34:39",46700
90000,100,200,"sd","10:34:42",46900
90000,100,500,"bu","10:34:48",47400
90000,100,4700,"sd","10:34:49",52100
90100,200,500,"bu","10:35:08",52600
90200,300,300,"bu","10:35:09",52900
90200,300,100,"bu","10:35:13",53000
90200,300,600,"bu","10:35:20",53600
90300,400,1600,"sd","10:35:37",55200
90200,300,400,"sd","10:35:40",55600
90400,500,3000,"bu","10:35:42",58600
90400,500,500,"sd","10:35:44",59100
90400,500,100,"sd","10:36:14",59200
90400,500,1000,"bu","10:36:20",60200
90400,500,2400,"sd","10:36:21",62600
90500,600,100,"bu","10:36:31",62700
90500,600,900,"sd","10:36:40",63600
90500,600,3000,"bu","10:36:44",66600
90500,600,7900,"sd","10:36:46",74500
90500,600,2000,"sd","10:36:49",76500
90500,600,500,"sd","10:36:50",77000
90500,600,600,"sd","10:36:53",77600
90500,600,2500,"bu","10:36:54",80100
90500,600,100,"bu","10:37:00",80200
90500,600,1000,"sd","10:37:05",81200
90500,600,2400,"sd","10:37:06",83600
90500,600,1000,"bu","10:37:07",84600
90700,800,5000,"sd","10:37:09",89600
90700,800,100,"sd","10:37:13",89700
90700,800,2700,"bu","10:37:30",92400
90600,700,1000,"bu","10:37:30",93400
90700,800,2500,"sd","10:37:33",95900
90700,800,4800,"sd","10:37:35",100700
90700,800,500,"sd","10:37:51",101200
90500,600,3400,"sd","10:37:55",104600
90700,800,2000,"sd","10:38:02",106600
90700,800,100,"bu","10:38:20",106700
90700,800,2500,"bu","10:38:42",109200
90700,800,200,"sd","10:39:11",109400
90700,800,100,"sd","10:39:17",109500
90800,900,5600,"sd","10:39:36",115100
90800,900,100,"sd","10:39:39",115200
90800,900,1500,"bu","10:39:53",116700
90900,1000,1000,"bu","10:40:01",117700
90900,1000,200,"bu","10:40:02",117900
90900,1000,4100,"sd","10:40:27",122000
90900,1000,500,"bu","10:40:30",122500
90900,1000,500,"sd","10:40:31",123000
90900,1000,800,"sd","10:40:32",123800
91000,1100,200,"bu","10:40:36",124000
91000,1100,300,"bu","10:40:37",124300
91000,1100,3100,"sd","10:40:41",127400
91000,1100,500,"bu","10:40:42",127900
91000,1100,900,"sd","10:40:43",128800
91000,1100,700,"sd","10:40:44",129500
91000,1100,1000,"bu","10:40:45",130500
91000,1100,2300,"sd","10:40:46",132800
91000,1100,200,"sd","10:40:47",133000
91000,1100,2500,"bu","10:40:48",135500
91100,1200,1000,"sd","10:40:56",136500
91100,1200,300,"sd","10:40:58",136800
91100,1200,1300,"sd","10:41:02",138100
91100,1200,2500,"bu","10:41:05",140600
91200,1300,100,"sd","10:41:09",140700
91200,1300,500,"sd","10:41:12",141200
91200,1300,400,"bu","10:41:16",141600
91200,1300,200,"bu","10:41:18",141800
91200,1300,500,"bu","10:41:19",142300
91200,1300,4300,"sd","10:41:29",146600
91200,1300,100,"sd","10:41:32",146700
91200,1300,700,"bu","10:41:34",147400
91300,1400,2900,"sd","10:41:41",150300
91300,1400,200,"bu","10:41:42",150500
91400,1500,3000,"bu","10:41:43",153500
91400,1500,2200,"sd","10:41:46",155700
91400,1500,2300,"sd","10:41:52",158000
91400,1500,100,"sd","10:42:06",158100
91500,1600,900,"bu","10:42:08",159000
91500,1600,1000,"sd","10:42:11",160000
91500,1600,100,"bu","10:42:12",160100
91500,1600,3000,"bu","10:42:17",163100
91500,1600,1000,"sd","10:42:19",164100
91500,1600,200,"bu","10:42:26",164300
91500,1600,1200,"sd","10:42:57",165500
91500,1600,500,"bu","10:43:09",166000
91500,1600,200,"bu","10:43:10",166200
91500,1600,1000,"sd","10:43:16",167200
91500,1600,200,"bu","10:43:21",167400
91400,1500,2000,"bu","10:43:40",169400
91400,1500,500,"sd","10:43:59",169900
91200,1300,100,"sd","10:44:09",170000
91400,1500,4400,"bu","10:45:40",174400
91400,1500,500,"sd","10:45:47",174900
91400,1500,100,"bu","10:45:52",175000
91500,1600,5100,"bu","10:46:21",180100
91500,1600,2800,"bu","10:46:30",182900
91500,1600,1500,"sd","10:46:36",184400
91500,1600,2500,"bu","10:47:16",186900
91400,1500,100,"bu","10:47:49",187000
91400,1500,500,"sd","10:48:12",187500
91400,1500,200,"bu","10:49:23",187700
91500,1600,1300,"sd","10:51:33",189000
91500,1600,1700,"sd","10:51:39",190700
91500,1600,100,"sd","10:51:43",190800
91500,1600,500,"bu","10:51:52",191300
91500,1600,1000,"sd","10:52:02",192300
91500,1600,500,"sd","10:52:07",192800
91500,1600,2000,"bu","10:52:32",194800
91500,1600,100,"sd","10:53:17",194900
91500,1600,500,"bu","10:53:27",195400
91600,1700,600,"sd","10:54:21",196000
91600,1700,5000,"bu","10:54:26",201000
91600,1700,1000,"sd","10:54:33",202000
91600,1700,300,"sd","10:55:03",202300
91700,1800,500,"bu","10:55:47",202800
91700,1800,100,"sd","10:55:57",202900
91900,2000,7300,"bu","10:56:07",210200
91900,2000,500,"sd","10:56:21",210700
91900,2000,1500,"sd","10:56:28",212200
92000,2100,1100,"sd","10:56:41",213300
92000,2100,2000,"bu","10:56:42",215300
92000,2100,500,"bu","10:56:44",215800
92000,2100,3600,"sd","10:56:45",219400
92200,2300,2200,"sd","10:56:57",221600
92300,2400,2900,"bu","10:56:58",224500
92300,2400,900,"bu","10:57:02",225400
92300,2400,100,"bu","10:57:05",225500
92500,2600,2600,"bu","10:57:11",228100
92500,2600,100,"bu","10:57:17",228200
92900,3000,600,"sd","10:57:20",228800
92900,3000,100,"sd","10:57:28",228900
93000,3100,5000,"sd","10:57:37",233900
93000,3100,1000,"sd","10:57:38",234900
93100,3200,2500,"sd","10:57:54",237400
93100,3200,1000,"sd","10:58:38",238400
93000,3100,1500,"sd","10:58:43",239900
92900,3000,500,"sd","10:58:57",240400
92900,3000,600,"bu","10:59:24",241000
92900,3000,1100,"bu","11:00:11",242100
92900,3000,700,"sd","11:00:22",242800
92900,3000,200,"sd","11:00:26",243000
92900,3000,100,"bu","11:01:05",243100
92900,3000,2100,"bu","11:02:08",245200
92900,3000,100,"sd","11:02:20",245300
93000,3100,500,"bu","11:02:50",245800
93000,3100,600,"sd","11:02:53",246400
92900,3000,400,"sd","11:02:54",246800
92900,3000,600,"sd","11:03:04",247400
92800,2900,300,"bu","11:03:10",247700
92800,2900,1000,"sd","11:03:18",248700
92900,3000,400,"bu","11:03:27",249100
92900,3000,1200,"sd","11:05:12",250300
92600,2700,500,"sd","11:05:18",250800
92600,2700,100,"bu","11:05:27",250900
92900,3000,700,"bu","11:05:59",251600
92800,2900,1200,"sd","11:07:23",252800
92800,2900,1000,"bu","11:07:48",253800
92800,2900,600,"bu","11:08:06",254400
92700,2800,200,"bu","11:08:11",254600
92700,2800,1400,"sd","11:09:29",256000
92700,2800,300,"sd","11:10:26",256300
92700,2800,500,"bu","11:10:37",256800
92800,2900,1500,"sd","11:11:17",258300
92800,2900,600,"bu","11:11:33",258900
92700,2800,1000,"sd","11:11:44",259900
92700,2800,300,"bu","11:12:05",260200
92800,2900,600,"bu","11:12:28",260800
92800,2900,600,"bu","11:12:32",261400
92800,2900,200,"bu","11:12:48",261600
92900,3000,400,"bu","11:13:46",262000
92800,2900,1700,"bu","11:13:49",263700
92800,2900,100,"bu","11:13:55",263800
92800,2900,500,"sd","11:15:27",264300
92800,2900,100,"sd","11:15:35",264400
92800,2900,700,"sd","11:16:08",265100
92700,2800,100,"sd","11:17:08",265200
92500,2600,2000,"sd","11:17:48",267200
92500,2600,100,"sd","11:19:03",267300
92500,2600,1300,"sd","11:22:04",268600
92500,2600,1600,"sd","11:24:22",270200
92500,2600,900,"bu","11:24:36",271100
92500,2600,700,"bu","11:26:40",271800
92500,2600,200,"sd","11:27:22",272000
92100,2200,4800,"sd","11:29:30",276800
92100,2200,1000,"bu","11:29:43",277800
92300,2400,100,"sd","13:00:41",277900
92000,2100,1300,"sd","13:00:43",279200
92000,2100,1500,"bu","13:00:58",280700
92100,2200,100,"bu","13:01:00",280800
92300,2400,2300,"bu","13:02:32",283100
92300,2400,400,"sd","13:02:33",283500
92200,2300,100,"sd","13:03:17",283600
92100,2200,1700,"sd","13:04:07",285300
92100,2200,400,"bu","13:04:23",285700
92100,2200,1000,"bu","13:05:13",286700
92200,2300,1000,"sd","13:05:21",287700
92200,2300,100,"bu","13:07:19",287800
92200,2300,1500,"sd","13:12:52",289300
92200,2300,3500,"bu","13:13:31",292800
92100,2200,1000,"bu","13:13:37",293800
92200,2300,100,"sd","13:14:11",293900
92200,2300,1000,"bu","13:14:22",294900
92200,2300,400,"bu","13:14:29",295300
92200,2300,100,"bu","13:14:39",295400
92200,2300,800,"sd","13:15:28",296200
92200,2300,200,"bu","13:15:51",296400
92100,2200,100,"sd","13:15:59",296500
92100,2200,600,"sd","13:17:58",297100
92100,2200,100,"bu","13:18:10",297200
92100,2200,200,"bu","13:18:28",297400
92100,2200,700,"sd","13:18:40",298100
92100,2200,10000,"sd","13:18:42",308100
92100,2200,200,"sd","13:19:11",308300
92100,2200,5100,"sd","13:20:29",313400
92100,2200,800,"bu","13:20:58",314200
92200,2300,100,"sd","13:22:13",314300
92100,2200,1800,"bu","13:22:39",316100
92200,2300,2000,"sd","13:23:22",318100
92100,2200,500,"sd","13:23:52",318600
92100,2200,300,"sd","13:24:03",318900
92100,2200,200,"sd","13:24:39",319100
92100,2200,3000,"sd","13:25:11",322100
92100,2200,1000,"bu","13:25:23",323100
92200,2300,2500,"sd","13:25:24",325600
92100,2200,100,"sd","13:25:26",325700
92300,2400,1700,"sd","13:27:12",327400
92300,2400,1000,"sd","13:27:34",328400
92300,2400,100,"bu","13:27:36",328500
92200,2300,2100,"bu","13:28:00",330600
92200,2300,1000,"bu","13:28:44",331600
92300,2400,1400,"sd","13:29:08",333000
92300,2400,500,"bu","13:29:20",333500
92200,2300,100,"sd","13:29:45",333600
92400,2500,1800,"sd","13:31:30",335400
92400,2500,400,"sd","13:31:39",335800
92500,2600,400,"bu","13:31:53",336200
92700,2800,600,"bu","13:32:23",336800
92700,2800,1100,"sd","13:32:29",337900
92800,2900,1200,"bu","13:32:45",339100
92800,2900,1000,"bu","13:32:50",340100
92800,2900,900,"bu","13:33:00",341000
92900,3000,100,"sd","13:33:08",341100
92800,2900,1800,"bu","13:33:33",342900
92900,3000,400,"sd","13:33:38",343300
92900,3000,10000,"bu","13:33:49",353300
92900,3000,4300,"sd","13:33:57",357600
92800,2900,1100,"bu","13:34:19",358700
92900,3000,1000,"bu","13:34:28",359700
92800,2900,100,"bu","13:34:31",359800
92800,2900,1400,"sd","13:35:06",361200
92800,2900,2000,"sd","13:36:10",363200
92900,3000,1200,"bu","13:36:36",364400
92900,3000,1000,"sd","13:36:55",365400
92900,3000,200,"sd","13:37:08",365600
92900,3000,100,"bu","13:37:20",365700
92900,3000,800,"sd","13:37:35",366500
93000,3100,2500,"sd","13:37:51",369000
93000,3100,600,"sd","13:38:09",369600
93000,3100,4100,"bu","13:38:41",373700
93000,3100,4500,"bu","13:38:56",378200
93000,3100,900,"bu","13:39:08",379100
93000,3100,200,"sd","13:39:18",379300
93000,3100,500,"sd","13:39:22",379800
93000,3100,2600,"sd","13:39:45",382400
93300,3400,6100,"bu","13:40:29",388500
93300,3400,1000,"bu","13:40:33",389500
93300,3400,1000,"bu","13:40:35",390500
93400,3500,1000,"sd","13:40:37",391500
93400,3500,1100,"bu","13:40:43",392600
93400,3500,900,"bu","13:40:52",393500
93500,3600,2500,"sd","13:40:55",396000
93400,3500,100,"sd","13:40:59",396100
93500,3600,3600,"bu","13:41:00",399700
93500,3600,500,"sd","13:41:07",400200
93600,3700,1000,"bu","13:41:21",401200
93600,3700,700,"sd","13:41:26",401900
93700,3800,2300,"bu","13:41:29",404200
93700,3800,100,"sd","13:41:33",404300
93900,4000,4300,"sd","13:42:22",408600
93800,3900,100,"bu","13:42:35",408700
93800,3900,600,"bu","13:43:07",409300
93800,3900,1000,"bu","13:43:10",410300
93700,3800,500,"sd","13:43:19",410800
93700,3800,200,"sd","13:43:23",411000
93700,3800,1800,"sd","13:43:24",412800
93700,3800,1400,"bu","13:43:29",414200
93700,3800,500,"bu","13:43:43",414700
93700,3800,200,"sd","13:43:53",414900
93700,3800,100,"bu","13:43:55",415000
93700,3800,800,"sd","13:44:06",415800
93700,3800,100,"sd","13:44:08",415900
93700,3800,2100,"sd","13:44:52",418000
93700,3800,300,"sd","13:44:58",418300
93700,3800,700,"sd","13:45:09",419000
93700,3800,100,"bu","13:45:36",419100
93400,3500,4700,"bu","13:50:37",423800
93400,3500,900,"bu","13:50:50",424700
93300,3400,100,"bu","13:51:01",424800
93600,3700,1600,"bu","13:51:34",426400
93500,3600,100,"bu","13:52:07",426500
93500,3600,400,"sd","13:52:15",426900
93500,3600,300,"sd","13:52:46",427200
93500,3600,300,"sd","13:53:35",427500
93500,3600,1300,"bu","13:53:53",428800
93500,3600,100,"sd","13:55:22",428900
93500,3600,1600,"sd","13:56:29",430500
93500,3600,500,"bu","13:56:44",431000
93500,3600,600,"sd","13:57:39",431600
93500,3600,300,"bu","13:57:48",431900
93500,3600,1000,"bu","13:58:18",432900
93500,3600,200,"bu","13:58:22",433100
93600,3700,2500,"sd","13:58:51",435600
93600,3700,2500,"bu","13:59:13",438100
93600,3700,1400,"sd","13:59:37",439500
93500,3600,600,"sd","14:00:47",440100
93600,3700,6900,"bu","14:00:51",447000
93500,3600,100,"bu","14:02:58",447100
93500,3600,300,"bu","14:03:44",447400
93600,3700,100,"sd","14:03:49",447500
93500,3600,3000,"sd","14:03:55",450500
93600,3700,1000,"bu","14:04:24",451500
93500,3600,1400,"bu","14:06:11",452900
93300,3400,2000,"sd","14:09:00",454900
93500,3600,600,"bu","14:09:06",455500
93500,3600,600,"bu","14:12:27",456100
93300,3400,1000,"sd","14:15:15",457100
93500,3600,500,"sd","14:15:28",457600
93300,3400,500,"sd","14:16:01",458100
93300,3400,200,"sd","14:16:17",458300
93300,3400,100,"bu","14:17:20",458400
93300,3400,700,"sd","14:22:16",459100
93200,3300,1000,"sd","14:22:51",460100
93200,3300,2100,"bu","14:23:16",462200
93200,3300,200,"sd","14:23:25",462400
93300,3400,3500,"bu","14:24:52",465900
93300,3400,2500,"bu","14:24:56",468400
93500,3600,2500,"sd","14:24:58",470900
93500,3600,2500,"bu","14:25:02",473400
93500,3600,500,"bu","14:25:20",473900
93600,3700,2500,"sd","14:25:30",476400
93400,3500,2800,"bu","14:25:45",479200
93700,3800,1500,"bu","14:26:04",480700
93700,3800,600,"sd","14:26:14",481300
93600,3700,700,"sd","14:27:29",482000
93700,3800,1000,"bu","14:27:39",483000
93700,3800,300,"bu","14:27:45",483300
93700,3800,2500,"sd","14:28:29",485800
93700,3800,200,"bu","14:28:33",486000
93800,3900,4300,"bu","14:28:38",490300
93800,3900,2500,"bu","14:29:04",492800
93800,3900,300,"sd","14:29:22",493100
93800,3900,200,"sd","14:29:40",493300
93800,3900,1000,"sd","14:29:51",494300
93900,4000,38100,"bu","14:45:06",532400
