"price","change","match_qtty","side","time","total_vol"
5600,10,44400,"sd","09:15:02",44400
5600,10,100,"sd","09:15:20",44500
5600,10,1200,"sd","09:15:30",45700
5650,60,100,"sd","09:15:49",45800
5640,50,1100,"bu","09:17:20",46900
5600,10,17000,"sd","09:18:03",63900
5600,10,5000,"bu","09:18:41",68900
5600,10,8000,"sd","09:18:46",76900
5630,40,100,"bu","09:19:19",77000
5600,10,500,"bu","09:19:31",77500
5600,10,2000,"bu","09:19:48",79500
5610,20,100,"bu","09:19:57",79600
5610,20,600,"sd","09:19:57",80200
5610,20,1000,"sd","09:21:38",81200
5610,20,21000,"sd","09:22:01",102200
5610,20,300,"sd","09:22:17",102500
5610,20,700,"sd","09:23:00",103200
5610,20,1500,"bu","09:23:15",104700
5600,10,2500,"sd","09:23:51",107200
5600,10,700,"sd","09:24:13",107900
5600,10,1300,"sd","09:24:13",109200
5600,10,1000,"bu","09:24:29",110200
5600,10,500,"sd","09:24:45",110700
5610,20,6000,"sd","09:25:22",116700
5600,10,1400,"bu","09:25:23",118100
5600,10,100,"bu","09:25:58",118200
5600,10,1600,"bu","09:26:32",119800
5610,20,4500,"bu","09:28:38",124300
5620,30,800,"sd","09:30:42",125100
5620,30,2500,"bu","09:30:50",127600
5620,30,1500,"bu","09:31:46",129100
5620,30,100,"bu","09:31:52",129200
5620,30,1000,"bu","09:31:54",130200
5620,30,2400,"bu","09:32:57",132600
5630,40,200,"bu","09:33:12",132800
5630,40,700,"sd","09:33:25",133500
5620,30,5000,"sd","09:33:55",138500
5630,40,100,"bu","09:34:16",138600
5600,10,42900,"bu","09:37:21",181500
5590,0,9100,"bu","09:38:34",190600
5570,-20,1000,"sd","09:43:19",191600
5560,-30,3700,"bu","09:43:46",195300
5550,-40,1000,"sd","09:44:35",196300
5550,-40,200,"sd","09:44:53",196500
5510,-80,2000,"bu","09:45:03",198500
5510,-80,5000,"bu","09:45:10",203500
5500,-90,10000,"sd","09:45:18",213500
5500,-90,2000,"sd","09:45:19",215500
5510,-80,200,"sd","09:45:25",215700
5500,-90,10000,"sd","09:45:32",225700
5510,-80,10400,"sd","09:45:54",236100
5510,-80,200,"sd","09:46:17",236300
5510,-80,100,"bu","09:46:24",236400
5510,-80,400,"sd","09:46:29",236800
5510,-80,1900,"sd","09:46:33",238700
5550,-40,1200,"bu","09:49:28",239900
5550,-40,100,"bu","09:52:04",240000
5530,-60,700,"bu","09:52:39",240700
5530,-60,500,"bu","09:53:54",241200
5530,-60,200,"bu","09:54:11",241400
5540,-50,500,"sd","09:54:27",241900
5500,-90,18900,"bu","09:55:00",260800
5510,-80,3000,"sd","09:56:46",263800
5500,-90,6600,"sd","09:57:13",270400
5510,-80,200,"sd","09:58:06",270600
5520,-70,800,"sd","09:58:43",271400
5520,-70,1700,"bu","09:58:55",273100
5510,-80,3900,"sd","09:59:05",277000
5520,-70,500,"sd","09:59:06",277500
5520,-70,9000,"sd","09:59:44",286500
5520,-70,5000,"sd","10:01:58",291500
5520,-70,500,"bu","10:02:26",292000
5530,-60,300,"sd","10:05:12",292300
5540,-50,600,"bu","10:05:17",292900
5540,-50,100,"sd","10:05:51",293000
5550,-40,200,"bu","10:07:08",293200
5550,-40,300,"bu","10:07:29",293500
5550,-40,7200,"bu","10:07:59",300700
5560,-30,3600,"bu","10:09:21",304300
5560,-30,1000,"bu","10:09:26",305300
5550,-40,14800,"bu","10:11:03",320100
5540,-50,3000,"sd","10:11:55",323100
5520,-70,50000,"bu","10:13:37",373100
5540,-50,300,"bu","10:13:37",373400
5520,-70,7200,"bu","10:13:44",380600
5520,-70,200,"sd","10:20:13",380800
5520,-70,500,"sd","10:20:28",381300
5520,-70,1000,"sd","10:20:29",382300
5500,-90,10000,"bu","10:21:53",392300
5500,-90,100,"bu","10:23:48",392400
5500,-90,65000,"bu","10:24:28",457400
5500,-90,400,"bu","10:25:15",457800
5490,-100,3500,"bu","10:25:31",461300
5480,-110,2500,"bu","10:27:13",463800
5490,-100,1000,"sd","10:27:21",464800
5490,-100,100,"bu","10:27:37",464900
5490,-100,1100,"sd","10:28:33",466000
5490,-100,2600,"bu","10:30:14",468600
5490,-100,1000,"sd","10:30:28",469600
5480,-110,500,"bu","10:32:23",470100
5490,-100,2600,"bu","10:34:53",472700
5490,-100,1300,"bu","10:34:57",474000
5500,-90,400,"bu","10:35:22",474400
5500,-90,1500,"sd","10:36:03",475900
5510,-80,500,"sd","10:37:15",476400
5510,-80,1500,"sd","10:38:45",477900
5530,-60,100,"bu","10:42:33",478000
5530,-60,5000,"sd","10:42:50",483000
5530,-60,700,"sd","10:43:01",483700
5540,-50,600,"bu","10:46:57",484300
5540,-50,6400,"sd","10:47:46",490700
5550,-40,100,"sd","10:48:51",490800
5550,-40,500,"sd","10:49:45",491300
5550,-40,3000,"bu","10:52:49",494300
5520,-70,1000,"sd","10:53:51",495300
5510,-80,3500,"bu","10:56:55",498800
5520,-70,100,"sd","10:57:18",498900
5510,-80,20000,"bu","10:57:57",518900
5520,-70,900,"sd","11:00:27",519800
5520,-70,600,"bu","11:01:56",520400
5500,-90,100000,"bu","11:02:44",620400
5520,-70,1000,"sd","11:02:45",621400
5500,-90,10600,"sd","11:03:22",632000
5500,-90,1600,"sd","11:03:33",633600
5490,-100,5300,"bu","11:03:36",638900
5490,-100,20000,"sd","11:04:30",658900
5540,-50,2000,"bu","11:05:09",660900
5490,-100,2500,"bu","11:09:41",663400
5530,-60,100,"bu","11:12:58",663500
5490,-100,14000,"bu","11:17:51",677500
5490,-100,1000,"bu","11:18:45",678500
5490,-100,1500,"sd","11:21:14",680000
5480,-110,16200,"bu","11:22:54",696200
5480,-110,800,"sd","11:23:04",697000
5470,-120,1000,"sd","11:23:51",698000
5470,-120,400,"sd","11:25:38",698400
5470,-120,1000,"bu","11:29:01",699400
5480,-110,100,"sd","11:29:18",699500
5480,-110,200,"bu","11:29:30",699700
5460,-130,18600,"bu","13:00:29",718300
5430,-160,24300,"bu","13:00:30",742600
5430,-160,10500,"bu","13:00:31",753100
5420,-170,1400,"bu","13:00:35",754500
5430,-160,400,"bu","13:00:45",754900
5410,-180,10000,"sd","13:00:55",764900
5430,-160,800,"sd","13:00:56",765700
5420,-170,100,"sd","13:00:58",765800
5420,-170,500,"bu","13:01:00",766300
5410,-180,300,"bu","13:01:12",766600
5410,-180,3200,"bu","13:01:22",769800
5410,-180,300,"bu","13:01:23",770100
5430,-160,1200,"bu","13:01:31",771300
5420,-170,700,"bu","13:01:33",772000
5420,-170,100,"bu","13:01:38",772100
5420,-170,900,"sd","13:01:43",773000
5420,-170,200,"bu","13:02:11",773200
5420,-170,1300,"sd","13:02:42",774500
5420,-170,6600,"bu","13:03:10",781100
5420,-170,1700,"bu","13:03:15",782800
5430,-160,2000,"sd","13:03:20",784800
5430,-160,900,"sd","13:03:36",785700
5450,-140,5600,"sd","13:03:53",791300
5450,-140,2000,"bu","13:04:03",793300
5430,-160,300,"bu","13:04:05",793600
5450,-140,46800,"bu","13:04:09",840400
5450,-140,400,"bu","13:04:21",840800
5460,-130,600,"bu","13:05:26",841400
5460,-130,100,"sd","13:05:30",841500
5460,-130,3000,"bu","13:05:49",844500
5450,-140,5200,"bu","13:06:13",849700
5450,-140,2000,"sd","13:06:58",851700
5440,-150,2000,"sd","13:07:01",853700
5450,-140,2800,"sd","13:07:07",856500
5440,-150,2000,"bu","13:07:11",858500
5450,-140,10000,"sd","13:07:21",868500
5450,-140,1000,"bu","13:07:24",869500
5450,-140,4500,"sd","13:07:28",874000
5450,-140,200,"bu","13:07:36",874200
5440,-150,2100,"bu","13:07:50",876300
5450,-140,2000,"bu","13:08:00",878300
5450,-140,100,"sd","13:08:05",878400
5450,-140,3000,"bu","13:08:24",881400
5430,-160,14500,"bu","13:08:28",895900
5430,-160,100,"bu","13:08:58",896000
5430,-160,300,"bu","13:09:09",896300
5430,-160,3700,"sd","13:09:23",900000
5440,-150,2000,"sd","13:09:36",902000
5440,-150,2100,"bu","13:09:37",904100
5470,-120,500,"bu","13:10:14",904600
5450,-140,200,"bu","13:10:22",904800
5450,-140,200,"bu","13:10:59",905000
5450,-140,10000,"sd","13:11:32",915000
5450,-140,2700,"sd","13:11:49",917700
5450,-140,400,"bu","13:12:10",918100
5440,-150,600,"bu","13:12:26",918700
5440,-150,2000,"sd","13:12:30",920700
5450,-140,1000,"sd","13:12:46",921700
5420,-170,38500,"sd","13:13:17",960200
5420,-170,500,"bu","13:13:36",960700
5420,-170,300,"bu","13:13:38",961000
5410,-180,3200,"bu","13:13:53",964200
5420,-170,500,"bu","13:14:01",964700
5410,-180,2000,"sd","13:14:03",966700
5400,-190,50000,"sd","13:14:12",1016700
5420,-170,2000,"bu","13:14:30",1018700
5440,-150,7600,"sd","13:14:58",1026300
5440,-150,300,"sd","13:15:11",1026600
5440,-150,2900,"bu","13:15:13",1029500
5440,-150,100,"sd","13:15:29",1029600
5440,-150,1700,"sd","13:15:39",1031300
5440,-150,6200,"sd","13:15:54",1037500
5440,-150,3000,"bu","13:15:59",1040500
5440,-150,1800,"sd","13:16:00",1042300
5440,-150,1800,"bu","13:16:06",1044100
5420,-170,15800,"sd","13:16:11",1059900
5420,-170,57000,"sd","13:16:38",1116900
5420,-170,1100,"bu","13:17:08",1118000
5400,-190,12900,"bu","13:17:16",1130900
5400,-190,14300,"bu","13:17:25",1145200
5400,-190,2800,"bu","13:17:28",1148000
5400,-190,11300,"sd","13:17:44",1159300
5400,-190,2500,"sd","13:17:53",1161800
5400,-190,6200,"bu","13:17:55",1168000
5400,-190,3000,"sd","13:18:01",1171000
5400,-190,3000,"bu","13:18:04",1174000
5400,-190,6800,"bu","13:18:26",1180800
5400,-190,100,"sd","13:18:35",1180900
5400,-190,500,"bu","13:18:49",1181400
5420,-170,100,"bu","13:18:56",1181500
5420,-170,200,"bu","13:19:15",1181700
5420,-170,2000,"bu","13:19:18",1183700
5420,-170,100,"sd","13:19:21",1183800
5420,-170,200,"sd","13:19:26",1184000
5420,-170,600,"bu","13:19:30",1184600
5400,-190,4100,"bu","13:19:55",1188700
5410,-180,2000,"bu","13:20:19",1190700
5410,-180,100,"bu","13:20:23",1190800
5400,-190,4600,"bu","13:20:43",1195400
5410,-180,1000,"sd","13:20:47",1196400
5400,-190,28600,"bu","13:20:54",1225000
5400,-190,100,"sd","13:20:55",1225100
5400,-190,1100,"sd","13:21:23",1226200
5400,-190,300,"sd","13:21:25",1226500
5400,-190,700,"bu","13:22:06",1227200
5400,-190,500,"sd","13:22:11",1227700
5400,-190,2000,"bu","13:22:29",1229700
5400,-190,3000,"bu","13:22:33",1232700
5400,-190,4000,"sd","13:22:42",1236700
5400,-190,4000,"sd","13:22:46",1240700
5390,-200,7800,"sd","13:23:10",1248500
5390,-200,500,"sd","13:23:11",1249000
5390,-200,6700,"bu","13:23:18",1255700
5390,-200,10600,"bu","13:24:07",1266300
5390,-200,1000,"bu","13:24:14",1267300
5390,-200,100,"sd","13:24:15",1267400
5390,-200,2000,"bu","13:24:24",1269400
5380,-210,2900,"bu","13:24:31",1272300
5380,-210,17100,"bu","13:24:33",1289400
5390,-200,2000,"sd","13:24:35",1291400
5390,-200,4300,"bu","13:24:36",1295700
5400,-190,2000,"sd","13:25:03",1297700
5390,-200,5900,"sd","13:25:14",1303600
5390,-200,1600,"sd","13:25:34",1305200
5380,-210,400,"sd","13:25:43",1305600
5390,-200,500,"bu","13:26:11",1306100
5390,-200,2000,"sd","13:26:41",1308100
5390,-200,1100,"sd","13:26:50",1309200
5390,-200,2600,"bu","13:26:57",1311800
5390,-200,100,"bu","13:26:59",1311900
5390,-200,2100,"bu","13:27:04",1314000
5390,-200,400,"bu","13:27:07",1314400
5390,-200,3300,"sd","13:27:12",1317700
5390,-200,200,"bu","13:27:14",1317900
5390,-200,2100,"bu","13:27:15",1320000
5400,-190,3900,"sd","13:27:26",1323900
5400,-190,2900,"bu","13:27:29",1326800
5400,-190,5000,"sd","13:27:34",1331800
5400,-190,1100,"bu","13:27:42",1332900
5400,-190,1000,"bu","13:27:45",1333900
5400,-190,1200,"bu","13:27:50",1335100
5410,-180,5800,"bu","13:27:57",1340900
5410,-180,200,"sd","13:28:04",1341100
5420,-170,5000,"sd","13:28:10",1346100
5430,-160,3000,"sd","13:28:50",1349100
5420,-170,3500,"bu","13:29:26",1352600
5400,-190,21500,"bu","13:30:25",1374100
5400,-190,200,"sd","13:30:32",1374300
5400,-190,7800,"sd","13:30:38",1382100
5410,-180,600,"sd","13:30:45",1382700
5420,-170,1600,"bu","13:30:50",1384300
5430,-160,2000,"bu","13:30:54",1386300
5440,-150,20000,"sd","13:30:59",1406300
5450,-140,18800,"bu","13:31:05",1425100
5470,-120,100,"bu","13:31:08",1425200
5470,-120,400,"sd","13:31:25",1425600
5460,-130,6000,"bu","13:31:31",1431600
5460,-130,200,"bu","13:31:35",1431800
5460,-130,3800,"bu","13:31:51",1435600
5470,-120,5000,"bu","13:31:56",1440600
5480,-110,200,"bu","13:31:58",1440800
5470,-120,500,"bu","13:31:59",1441300
5470,-120,100,"bu","13:32:37",1441400
5460,-130,1600,"sd","13:33:14",1443000
5460,-130,100,"bu","13:33:34",1443100
5460,-130,2100,"bu","13:33:43",1445200
5460,-130,1400,"sd","13:33:57",1446600
5450,-140,10000,"bu","13:33:59",1456600
5450,-140,1600,"sd","13:34:16",1458200
5450,-140,8400,"sd","13:35:20",1466600
5470,-120,300,"bu","13:35:26",1466900
5480,-110,5400,"bu","13:35:31",1472300
5500,-90,800,"bu","13:35:39",1473100
5500,-90,32300,"bu","13:35:49",1505400
5500,-90,10000,"sd","13:35:56",1515400
5500,-90,2600,"bu","13:35:59",1518000
5480,-110,600,"sd","13:36:10",1518600
5470,-120,5700,"sd","13:36:50",1524300
5480,-110,500,"bu","13:37:00",1524800
5480,-110,9600,"sd","13:37:26",1534400
5480,-110,1400,"sd","13:37:33",1535800
5480,-110,600,"sd","13:37:42",1536400
5490,-100,100,"sd","13:37:46",1536500
5490,-100,900,"bu","13:37:49",1537400
5490,-100,100,"sd","13:37:56",1537500
5490,-100,4600,"sd","13:38:04",1542100
5490,-100,10000,"sd","13:38:07",1552100
5490,-100,100,"bu","13:38:11",1552200
5490,-100,600,"bu","13:38:18",1552800
5490,-100,7800,"bu","13:38:54",1560600
5490,-100,200,"bu","13:38:58",1560800
5500,-90,10000,"sd","13:39:17",1570800
5500,-90,100,"bu","13:39:18",1570900
5490,-100,2000,"bu","13:39:29",1572900
5480,-110,500,"bu","13:40:13",1573400
5450,-140,3900,"sd","13:40:24",1577300
5450,-140,200,"sd","13:40:27",1577500
5480,-110,2100,"sd","13:40:50",1579600
5420,-170,700,"sd","13:41:18",1580300
5400,-190,50000,"sd","13:45:09",1630300
5410,-180,200,"sd","13:45:39",1630500
5420,-170,1100,"bu","13:46:37",1631600
5420,-170,1900,"sd","13:46:50",1633500
5440,-150,2000,"sd","13:46:51",1635500
5440,-150,1000,"bu","13:48:08",1636500
5440,-150,2000,"bu","13:48:10",1638500
5460,-130,200,"bu","13:48:26",1638700
5440,-150,100,"sd","13:49:19",1638800
5420,-170,10000,"sd","13:49:56",1648800
5450,-140,100,"sd","13:53:03",1648900
5430,-160,900,"sd","13:54:03",1649800
5460,-130,17100,"bu","13:54:24",1666900
5470,-120,22000,"bu","13:54:31",1688900
5480,-110,800,"bu","13:54:45",1689700
5480,-110,12600,"sd","13:54:48",1702300
5480,-110,600,"sd","13:54:53",1702900
5500,-90,14800,"sd","13:54:57",1717700
5500,-90,300,"sd","13:55:42",1718000
5500,-90,800,"sd","13:56:08",1718800
5500,-90,300,"sd","13:56:29",1719100
5500,-90,1000,"bu","13:56:39",1720100
5460,-130,6700,"sd","13:57:16",1726800
5500,-90,400,"sd","13:57:26",1727200
5460,-130,30000,"bu","13:57:36",1757200
5450,-140,8600,"bu","13:57:49",1765800
5450,-140,1000,"sd","13:58:04",1766800
5450,-140,400,"sd","13:58:20",1767200
5490,-100,200,"bu","13:58:32",1767400
5450,-140,44000,"sd","13:58:51",1811400
5450,-140,300,"bu","13:58:53",1811700
5450,-140,5700,"sd","13:58:58",1817400
5450,-140,1000,"bu","13:59:20",1818400
5450,-140,22100,"sd","14:01:04",1840500
5480,-110,3400,"sd","14:01:49",1843900
5480,-110,400,"bu","14:03:33",1844300
5450,-140,2500,"sd","14:04:24",1846800
5450,-140,100,"bu","14:04:52",1846900
5430,-160,10100,"bu","14:04:58",1857000
5450,-140,7300,"sd","14:05:00",1864300
5450,-140,200,"bu","14:05:20",1864500
5450,-140,2000,"sd","14:05:36",1866500
5450,-140,4800,"sd","14:05:50",1871300
5450,-140,2900,"bu","14:06:09",1874200
5450,-140,5200,"sd","14:06:17",1879400
5430,-160,500,"bu","14:06:23",1879900
5430,-160,1000,"bu","14:07:05",1880900
5450,-140,5000,"sd","14:07:30",1885900
5450,-140,4000,"sd","14:08:11",1889900
5450,-140,100,"sd","14:08:39",1890000
5450,-140,1300,"bu","14:09:11",1891300
5450,-140,600,"bu","14:09:38",1891900
5450,-140,500,"sd","14:09:59",1892400
5450,-140,400,"sd","14:10:05",1892800
5450,-140,100,"sd","14:10:56",1892900
5450,-140,300,"sd","14:12:13",1893200
5440,-150,600,"sd","14:12:15",1893800
5440,-150,700,"sd","14:12:17",1894500
5430,-160,8700,"bu","14:12:31",1903200
5430,-160,7900,"bu","14:12:40",1911100
5420,-170,6000,"bu","14:13:06",1917100
5420,-170,6200,"bu","14:13:11",1923300
5420,-170,800,"sd","14:13:21",1924100
5400,-190,30000,"bu","14:13:27",1954100
5420,-170,500,"sd","14:14:00",1954600
5400,-190,10000,"sd","14:14:02",1964600
5400,-190,2000,"sd","14:14:09",1966600
5400,-190,5900,"bu","14:14:15",1972500
5430,-160,100,"sd","14:16:22",1972600
5410,-180,1500,"sd","14:16:54",1974100
5420,-170,2000,"bu","14:17:00",1976100
5410,-180,1500,"sd","14:17:24",1977600
5420,-170,1500,"bu","14:17:26",1979100
5420,-170,800,"sd","14:17:30",1979900
5420,-170,3400,"bu","14:17:31",1983300
5420,-170,1500,"sd","14:17:36",1984800
5420,-170,800,"bu","14:17:38",1985600
5420,-170,3000,"sd","14:17:40",1988600
5420,-170,1800,"sd","14:17:42",1990400
5420,-170,3400,"sd","14:17:46",1993800
5420,-170,2700,"bu","14:17:48",1996500
5420,-170,1200,"bu","14:17:50",1997700
5430,-160,6500,"sd","14:17:56",2004200
5430,-160,2600,"sd","14:18:02",2006800
5430,-160,2400,"bu","14:18:04",2009200
5430,-160,1700,"bu","14:18:07",2010900
5430,-160,800,"bu","14:18:13",2011700
5430,-160,3000,"sd","14:18:15",2014700
5430,-160,2400,"sd","14:18:19",2017100
5430,-160,5000,"sd","14:18:21",2022100
5430,-160,4700,"bu","14:18:26",2026800
5440,-150,700,"sd","14:18:32",2027500
5440,-150,2500,"sd","14:18:34",2030000
5440,-150,14600,"bu","14:18:35",2044600
5450,-140,9600,"bu","14:18:41",2054200
5450,-140,2500,"sd","14:18:50",2056700
5450,-140,2000,"bu","14:18:55",2058700
5450,-140,5500,"bu","14:18:59",2064200
5460,-130,3500,"sd","14:19:01",2067700
5460,-130,5200,"bu","14:19:06",2072900
5460,-130,700,"sd","14:19:08",2073600
5460,-130,3000,"bu","14:19:09",2076600
5460,-130,2500,"sd","14:19:11",2079100
5460,-130,400,"bu","14:19:16",2079500
5460,-130,3800,"sd","14:19:18",2083300
5460,-130,700,"sd","14:19:19",2084000
5460,-130,400,"bu","14:19:24",2084400
5470,-120,600,"sd","14:19:34",2085000
5470,-120,2300,"bu","14:19:35",2087300
5470,-120,7200,"sd","14:19:41",2094500
5470,-120,2800,"bu","14:19:47",2097300
5460,-130,2000,"sd","14:19:49",2099300
5470,-120,3100,"sd","14:19:55",2102400
5470,-120,5000,"sd","14:19:57",2107400
5470,-120,400,"sd","14:20:01",2107800
5470,-120,1200,"bu","14:20:05",2109000
5470,-120,3400,"sd","14:20:15",2112400
5470,-120,1000,"sd","14:20:17",2113400
5470,-120,3100,"bu","14:20:19",2116500
5470,-120,1900,"bu","14:20:22",2118400
5470,-120,10000,"sd","14:20:27",2128400
5470,-120,2600,"bu","14:20:30",2131000
5470,-120,1300,"bu","14:20:32",2132300
5470,-120,4200,"sd","14:20:34",2136500
5480,-110,800,"sd","14:20:39",2137300
5480,-110,5000,"sd","14:20:43",2142300
5480,-110,400,"bu","14:20:45",2142700
5480,-110,2800,"bu","14:20:48",2145500
5480,-110,10000,"sd","14:20:52",2155500
5480,-110,2800,"bu","14:20:57",2158300
5480,-110,4400,"bu","14:21:01",2162700
5490,-100,100,"bu","14:21:05",2162800
5490,-100,1900,"sd","14:21:09",2164700
5490,-100,3500,"bu","14:21:13",2168200
5490,-100,5100,"bu","14:21:19",2173300
5500,-90,7900,"bu","14:21:23",2181200
5520,-70,3200,"sd","14:21:30",2184400
5530,-60,27000,"bu","14:21:34",2211400
5540,-50,3100,"sd","14:21:40",2214500
5540,-50,2000,"sd","14:21:44",2216500
5550,-40,21800,"bu","14:21:46",2238300
5550,-40,8200,"bu","14:21:50",2246500
5550,-40,5000,"bu","14:21:55",2251500
5550,-40,1600,"bu","14:21:57",2253100
5550,-40,2700,"bu","14:21:59",2255800
5550,-40,2500,"bu","14:22:01",2258300
5550,-40,100,"bu","14:22:05",2258400
5550,-40,1000,"sd","14:22:08",2259400
5550,-40,900,"bu","14:22:10",2260300
5560,-30,800,"sd","14:22:18",2261100
5560,-30,2500,"sd","14:22:23",2263600
5560,-30,7600,"sd","14:22:25",2271200
5560,-30,700,"bu","14:22:29",2271900
5560,-30,2400,"sd","14:22:31",2274300
5560,-30,100,"bu","14:22:43",2274400
5570,-20,15000,"bu","14:22:49",2289400
5570,-20,2500,"sd","14:22:54",2291900
5570,-20,600,"bu","14:22:56",2292500
5570,-20,700,"sd","14:22:58",2293200
5570,-20,3000,"sd","14:23:00",2296200
5560,-30,25500,"sd","14:23:18",2321700
5570,-20,1600,"bu","14:23:25",2323300
5560,-30,500,"sd","14:23:27",2323800
5570,-20,600,"sd","14:23:30",2324400
5570,-20,2300,"bu","14:23:34",2326700
5570,-20,1700,"bu","14:23:38",2328400
5570,-20,600,"sd","14:23:40",2329000
5570,-20,3000,"sd","14:23:44",2332000
5570,-20,1500,"sd","14:23:48",2333500
5570,-20,700,"sd","14:23:50",2334200
5570,-20,3000,"bu","14:23:56",2337200
5570,-20,600,"bu","14:24:02",2337800
5570,-20,900,"bu","14:24:03",2338700
5570,-20,2000,"sd","14:24:07",2340700
5560,-30,600,"bu","14:24:15",2341300
5560,-30,800,"sd","14:24:21",2342100
5550,-40,8000,"sd","14:24:23",2350100
5550,-40,1600,"bu","14:24:25",2351700
5520,-70,4700,"bu","14:24:50",2356400
5520,-70,2200,"sd","14:25:15",2358600
5520,-70,4800,"sd","14:25:41",2363400
5510,-80,2000,"sd","14:26:30",2365400
5500,-90,2000,"sd","14:26:37",2367400
5500,-90,1000,"bu","14:26:51",2368400
5510,-80,1000,"bu","14:27:09",2369400
5510,-80,100,"bu","14:27:50",2369500
5500,-90,500,"sd","14:28:15",2370000
5500,-90,5400,"bu","14:28:46",2375400
5480,-110,6000,"bu","14:28:48",2381400
5510,-80,8000,"bu","14:28:51",2389400
5520,-70,6300,"bu","14:29:04",2395700
5510,-80,1100,"bu","14:29:07",2396800
5530,-60,2000,"sd","14:29:13",2398800
5540,-50,20000,"sd","14:29:32",2418800
5550,-40,57200,"bu","14:29:40",2476000
5570,-20,12400,"sd","14:29:49",2488400
5590,0,18500,"sd","14:30:00",2506900
5590,0,81600,"bu","14:45:06",2588500
