"price","change","match_qtty","side","time","total_vol"
6400,10,16700,"sd","09:15:05",16700
6430,40,1600,"sd","09:16:09",18300
6440,50,2000,"sd","09:16:21",20300
6460,70,100,"sd","09:16:42",20400
6480,90,2000,"bu","09:17:05",22400
6480,90,3700,"sd","09:17:25",26100
6500,110,1000,"sd","09:17:49",27100
6500,110,10000,"sd","09:18:37",37100
6500,110,6000,"bu","09:19:28",43100
6500,110,100,"bu","09:19:30",43200
6500,110,500,"bu","09:19:46",43700
6490,100,100,"bu","09:20:26",43800
6500,110,500,"bu","09:21:03",44300
6490,100,2000,"bu","09:22:17",46300
6490,100,300,"sd","09:22:32",46600
6490,100,2000,"sd","09:22:52",48600
6490,100,100,"bu","09:22:55",48700
6490,100,1000,"bu","09:23:04",49700
6500,110,1100,"bu","09:23:17",50800
6490,100,500,"sd","09:23:31",51300
6490,100,1000,"sd","09:23:41",52300
6490,100,600,"sd","09:24:06",52900
6490,100,500,"sd","09:24:12",53400
6490,100,1000,"sd","09:24:13",54400
6490,100,100,"bu","09:24:13",54500
6480,90,2000,"sd","09:24:38",56500
6480,90,5000,"sd","09:24:42",61500
6490,100,600,"bu","09:24:46",62100
6500,110,56800,"sd","09:24:50",118900
6500,110,1200,"sd","09:24:51",120100
6480,90,2000,"sd","09:25:18",122100
6500,110,600,"bu","09:25:49",122700
6500,110,200,"bu","09:26:12",122900
6500,110,1600,"bu","09:26:59",124500
6500,110,800,"sd","09:27:14",125300
6500,110,2000,"sd","09:28:36",127300
6500,110,100,"sd","09:28:52",127400
6500,110,400,"sd","09:28:55",127800
6500,110,6300,"sd","09:30:18",134100
6500,110,700,"sd","09:30:19",134800
6500,110,100,"sd","09:30:56",134900
6480,90,5400,"sd","09:32:16",140300
6480,90,12900,"sd","09:34:21",153200
6480,90,500,"bu","09:34:50",153700
6480,90,400,"sd","09:34:51",154100
6480,90,900,"sd","09:35:30",155000
6480,90,500,"bu","09:35:53",155500
6470,80,200,"bu","09:35:55",155700
6470,80,300,"bu","09:36:31",156000
6460,70,1100,"bu","09:36:33",157100
6470,80,500,"sd","09:36:46",157600
6470,80,300,"bu","09:38:27",157900
6460,70,1000,"sd","09:39:03",158900
6470,80,3400,"bu","09:39:15",162300
6470,80,3600,"sd","09:40:22",165900
6480,90,6000,"bu","09:41:23",171900
6500,110,5000,"bu","09:41:26",176900
6500,110,100,"bu","09:42:40",177000
6500,110,20000,"sd","09:43:11",197000
6490,100,1000,"bu","09:43:26",198000
6480,90,200,"sd","09:43:31",198200
6480,90,500,"sd","09:43:51",198700
6490,100,10000,"bu","09:43:52",208700
6490,100,1000,"bu","09:44:10",209700
6490,100,2000,"bu","09:44:39",211700
6500,110,5000,"bu","09:44:48",216700
6490,100,2000,"sd","09:45:51",218700
6500,110,1000,"sd","09:45:54",219700
6490,100,100,"sd","09:46:09",219800
6490,100,500,"sd","09:46:14",220300
6490,100,3600,"sd","09:46:20",223900
6490,100,100,"bu","09:46:37",224000
6490,100,1000,"sd","09:46:43",225000
6490,100,500,"sd","09:46:53",225500
6490,100,1200,"bu","09:47:00",226700
6480,90,5000,"sd","09:47:41",231700
6480,90,400,"sd","09:47:54",232100
6480,90,6000,"sd","09:48:30",238100
6460,70,8200,"bu","09:49:44",246300
6460,70,2000,"bu","09:50:10",248300
6450,60,3000,"bu","09:50:13",251300
6450,60,300,"sd","09:50:18",251600
6430,40,900,"sd","09:50:48",252500
6430,40,4000,"bu","09:51:23",256500
6440,50,300,"bu","09:51:48",256800
6440,50,800,"bu","09:54:03",257600
6430,40,1300,"bu","09:56:10",258900
6430,40,500,"sd","09:57:27",259400
6440,50,500,"bu","09:59:25",259900
6440,50,300,"bu","10:00:35",260200
6430,40,200,"sd","10:01:00",260400
6430,40,400,"bu","10:03:02",260800
6430,40,5000,"bu","10:03:33",265800
6430,40,300,"bu","10:03:48",266100
6440,50,100,"bu","10:04:17",266200
6430,40,500,"sd","10:04:43",266700
6450,60,8500,"sd","10:05:10",275200
6430,40,300,"sd","10:07:16",275500
6410,20,33700,"sd","10:08:06",309200
6410,20,400,"bu","10:08:07",309600
6410,20,10000,"bu","10:08:33",319600
6410,20,500,"bu","10:08:38",320100
6410,20,10000,"bu","10:08:52",330100
6410,20,5000,"sd","10:08:56",335100
6410,20,400,"bu","10:09:15",335500
6430,40,100,"bu","10:09:23",335600
6430,40,600,"bu","10:10:54",336200
6410,20,5000,"sd","10:11:10",341200
6430,40,100,"sd","10:14:28",341300
6430,40,1800,"sd","10:14:46",343100
6440,50,1000,"bu","10:15:37",344100
6450,60,2500,"bu","10:15:55",346600
6460,70,4800,"sd","10:16:16",351400
6460,70,100,"sd","10:16:36",351500
6460,70,1000,"sd","10:17:54",352500
6460,70,100,"bu","10:18:04",352600
6460,70,3000,"sd","10:18:42",355600
6460,70,3600,"bu","10:19:22",359200
6460,70,1400,"sd","10:20:13",360600
6470,80,1000,"bu","10:20:27",361600
6470,80,600,"sd","10:23:15",362200
6460,70,100,"sd","10:26:56",362300
6450,60,2000,"bu","10:40:08",364300
6450,60,500,"sd","10:42:04",364800
6450,60,2200,"bu","10:45:35",367000
6450,60,5000,"sd","10:47:19",372000
6450,60,100,"bu","10:47:57",372100
6460,70,1000,"sd","10:48:16",373100
6460,70,1500,"sd","10:48:33",374600
6460,70,10500,"bu","10:48:37",385100
6470,80,1300,"bu","10:49:28",386400
6470,80,200,"sd","10:49:49",386600
6470,80,100,"sd","10:50:01",386700
6470,80,500,"sd","10:52:39",387200
6470,80,2500,"bu","10:53:03",389700
6480,90,1000,"bu","10:55:04",390700
6480,90,1900,"sd","10:55:08",392600
6480,90,7800,"bu","10:55:13",400400
6500,110,50000,"sd","10:55:33",450400
6500,110,100,"sd","10:55:47",450500
6500,110,1600,"bu","10:56:38",452100
6500,110,80000,"sd","10:57:08",532100
6500,110,13100,"bu","10:57:17",545200
6500,110,1900,"bu","10:57:27",547100
6500,110,3100,"bu","10:57:28",550200
6500,110,3000,"sd","10:57:44",553200
6500,110,900,"sd","10:57:49",554100
6500,110,10000,"bu","10:58:17",564100
6500,110,200,"bu","10:59:00",564300
6500,110,5000,"sd","10:59:22",569300
6500,110,100,"sd","11:00:33",569400
6500,110,200,"sd","11:00:36",569600
6510,120,5000,"sd","11:01:11",574600
6500,110,3000,"sd","11:01:13",577600
6500,110,5000,"bu","11:01:25",582600
6500,110,500,"sd","11:01:46",583100
6500,110,2000,"bu","11:01:55",585100
6500,110,200,"sd","11:02:11",585300
6480,90,5500,"sd","11:07:09",590800
6480,90,100,"bu","11:08:27",590900
6490,100,2000,"sd","11:08:51",592900
6490,100,6300,"bu","11:11:43",599200
6480,90,1500,"sd","11:12:06",600700
6480,90,200,"sd","11:12:52",600900
6480,90,800,"bu","11:13:16",601700
6490,100,10000,"sd","11:14:02",611700
6480,90,8000,"bu","11:14:17",619700
6480,90,1200,"bu","11:15:37",620900
6470,80,3000,"bu","11:16:59",623900
6470,80,1000,"sd","11:18:37",624900
6470,80,100,"sd","11:19:11",625000
6470,80,900,"bu","11:19:52",625900
6470,80,200,"sd","11:19:58",626100
6470,80,100,"bu","11:20:48",626200
6470,80,300,"bu","11:20:58",626500
6470,80,2900,"sd","11:21:31",629400
6460,70,1000,"sd","11:21:44",630400
6470,80,5000,"bu","11:26:57",635400
6460,70,300,"sd","11:28:31",635700
6450,60,13800,"bu","13:00:53",649500
6440,50,4500,"bu","13:01:10",654000
6440,50,300,"sd","13:01:18",654300
6440,50,700,"bu","13:01:29",655000
6440,50,200,"sd","13:01:31",655200
6430,40,1300,"bu","13:01:35",656500
6430,40,1000,"sd","13:01:55",657500
6430,40,1700,"sd","13:01:59",659200
6420,30,800,"bu","13:02:11",660000
6420,30,3900,"bu","13:02:16",663900
6420,30,600,"bu","13:04:06",664500
6410,20,5000,"sd","13:05:03",669500
6410,20,2200,"bu","13:05:05",671700
6410,20,900,"bu","13:05:07",672600
6410,20,5000,"sd","13:05:19",677600
6420,30,1200,"bu","13:05:37",678800
6420,30,100,"bu","13:05:40",678900
6400,10,15000,"sd","13:06:49",693900
6420,30,100,"sd","13:07:21",694000
6420,30,400,"bu","13:07:22",694400
6420,30,2000,"sd","13:07:43",696400
6420,30,1000,"sd","13:08:00",697400
6420,30,200,"sd","13:08:05",697600
6420,30,5600,"sd","13:08:34",703200
6420,30,3800,"sd","13:09:22",707000
6410,20,10000,"sd","13:09:53",717000
6420,30,1100,"sd","13:09:55",718100
6420,30,5000,"bu","13:09:59",723100
6420,30,15500,"bu","13:11:01",738600
6420,30,1900,"sd","13:11:25",740500
6420,30,1000,"sd","13:11:43",741500
6420,30,5000,"sd","13:12:15",746500
6420,30,1000,"sd","13:12:18",747500
6410,20,5000,"sd","13:12:43",752500
6410,20,1000,"sd","13:12:46",753500
6410,20,600,"sd","13:12:53",754100
6410,20,17200,"bu","13:12:56",771300
6410,20,800,"bu","13:13:13",772100
6410,20,1500,"sd","13:13:33",773600
6410,20,9700,"bu","13:13:40",783300
6410,20,7000,"bu","13:14:37",790300
6410,20,10000,"sd","13:14:45",800300
6400,10,7000,"sd","13:14:48",807300
6410,20,500,"bu","13:15:15",807800
6400,10,5000,"sd","13:16:59",812800
6410,20,8800,"sd","13:17:01",821600
6400,10,48000,"bu","13:17:13",869600
6420,30,100,"sd","13:17:14",869700
6400,10,20000,"bu","13:17:23",889700
6400,10,1000,"sd","13:17:55",890700
6400,10,500,"bu","13:18:43",891200
6400,10,50000,"bu","13:19:03",941200
6400,10,5700,"bu","13:19:10",946900
6400,10,4000,"bu","13:19:15",950900
6390,0,5000,"bu","13:19:21",955900
6380,-10,400,"sd","13:19:53",956300
6380,-10,500,"sd","13:20:20",956800
6380,-10,10000,"bu","13:20:29",966800
6380,-10,900,"bu","13:21:13",967700
6390,0,300,"bu","13:21:14",968000
6380,-10,3000,"bu","13:21:16",971000
6380,-10,400,"sd","13:22:00",971400
6380,-10,1000,"bu","13:22:46",972400
6380,-10,700,"bu","13:22:57",973100
6370,-20,1700,"sd","13:23:07",974800
6380,-10,300,"bu","13:23:08",975100
6370,-20,800,"sd","13:23:37",975900
6360,-30,2000,"bu","13:23:57",977900
6360,-30,5000,"sd","13:24:08",982900
6370,-20,2200,"bu","13:24:14",985100
6370,-20,100,"sd","13:24:15",985200
6370,-20,200,"bu","13:25:53",985400
6390,0,9700,"bu","13:26:14",995100
6370,-20,2000,"bu","13:26:16",997100
6370,-20,23000,"sd","13:26:33",1020100
6370,-20,3000,"sd","13:27:04",1023100
6370,-20,18400,"sd","13:27:15",1041500
6360,-30,50000,"bu","13:27:34",1091500
6370,-20,100,"bu","13:27:47",1091600
6370,-20,1000,"sd","13:27:53",1092600
6370,-20,200,"bu","13:27:58",1092800
6370,-20,1500,"bu","13:28:04",1094300
6370,-20,200,"bu","13:28:06",1094500
6390,0,500,"sd","13:29:06",1095000
6410,20,3500,"sd","13:32:06",1098500
6410,20,1000,"bu","13:32:23",1099500
6410,20,1500,"bu","13:32:28",1101000
6410,20,300,"sd","13:32:45",1101300
6420,30,200,"bu","13:32:54",1101500
6410,20,3200,"sd","13:33:19",1104700
6410,20,300,"bu","13:33:29",1105000
6410,20,6500,"bu","13:33:33",1111500
6410,20,200,"bu","13:33:59",1111700
6420,30,3500,"sd","13:34:16",1115200
6420,30,1000,"bu","13:34:21",1116200
6420,30,1100,"bu","13:34:28",1117300
6420,30,200,"sd","13:34:40",1117500
6430,40,11000,"sd","13:35:06",1128500
6430,40,200,"bu","13:35:18",1128700
6420,30,500,"sd","13:36:50",1129200
6430,40,5000,"bu","13:36:52",1134200
6430,40,200,"sd","13:37:08",1134400
6430,40,3700,"bu","13:39:01",1138100
6420,30,100,"sd","13:39:12",1138200
6400,10,40000,"sd","13:39:15",1178200
6400,10,400,"bu","13:39:24",1178600
6420,30,100,"bu","13:39:52",1178700
6420,30,1500,"sd","13:41:28",1180200
6400,10,500,"bu","13:41:29",1180700
6400,10,5000,"bu","13:41:50",1185700
6420,30,2200,"sd","13:42:46",1187900
6400,10,10900,"bu","13:43:53",1198800
6400,10,500,"bu","13:44:17",1199300
6400,10,4000,"sd","13:44:28",1203300
6400,10,6000,"bu","13:45:02",1209300
6400,10,500,"sd","13:45:12",1209800
6400,10,4300,"bu","13:47:31",1214100
6400,10,4000,"bu","13:47:40",1218100
6400,10,200,"sd","13:48:12",1218300
6400,10,1200,"bu","13:50:07",1219500
6420,30,4000,"sd","13:50:29",1223500
6410,20,2000,"sd","13:53:41",1225500
6400,10,100,"bu","13:53:53",1225600
6420,30,400,"bu","13:55:00",1226000
6420,30,1000,"bu","13:56:04",1227000
6420,30,1100,"sd","13:57:09",1228100
6420,30,800,"bu","13:57:36",1228900
6400,10,6000,"sd","13:59:02",1234900
6400,10,100,"bu","13:59:52",1235000
6420,30,34000,"sd","14:00:11",1269000
6420,30,2500,"bu","14:00:29",1271500
6420,30,5000,"sd","14:00:58",1276500
6420,30,6500,"sd","14:01:39",1283000
6400,10,5000,"sd","14:04:01",1288000
6400,10,10000,"bu","14:04:12",1298000
6400,10,2000,"bu","14:04:50",1300000
6400,10,13500,"bu","14:05:20",1313500
6400,10,1100,"bu","14:05:38",1314600
6400,10,2300,"sd","14:05:44",1316900
6390,0,10500,"bu","14:06:17",1327400
6390,0,9500,"sd","14:06:19",1336900
6390,0,10000,"bu","14:06:31",1346900
6400,10,400,"bu","14:08:22",1347300
6400,10,1800,"bu","14:08:39",1349100
6400,10,5000,"sd","14:09:06",1354100
6400,10,1200,"bu","14:09:13",1355300
6400,10,100,"bu","14:10:31",1355400
6400,10,9100,"sd","14:11:02",1364500
6400,10,1300,"sd","14:11:14",1365800
6400,10,500,"bu","14:11:24",1366300
6390,0,10000,"sd","14:12:29",1376300
6390,0,9000,"sd","14:12:47",1385300
6390,0,1000,"sd","14:13:11",1386300
6390,0,2000,"sd","14:13:23",1388300
6390,0,600,"sd","14:13:54",1388900
6390,0,14900,"sd","14:14:00",1403800
6390,0,500,"sd","14:14:08",1404300
6380,-10,1000,"sd","14:14:40",1405300
6390,0,2000,"sd","14:16:45",1407300
6380,-10,20000,"sd","14:16:47",1427300
6390,0,3000,"bu","14:16:54",1430300
6380,-10,200,"bu","14:18:02",1430500
6390,0,10000,"bu","14:18:07",1440500
6390,0,100,"sd","14:18:15",1440600
6390,0,500,"sd","14:18:55",1441100
6390,0,500,"bu","14:19:08",1441600
6400,10,200,"sd","14:19:09",1441800
6400,10,200,"sd","14:19:43",1442000
6400,10,500,"bu","14:20:37",1442500
6400,10,2900,"sd","14:22:29",1445400
6400,10,5800,"sd","14:25:47",1451200
6400,10,2200,"sd","14:25:52",1453400
6410,20,600,"bu","14:26:51",1454000
6410,20,5000,"bu","14:27:04",1459000
6410,20,100,"sd","14:27:09",1459100
6410,20,5000,"bu","14:27:24",1464100
6410,20,600,"sd","14:27:32",1464700
6410,20,5000,"bu","14:27:39",1469700
6410,20,200,"bu","14:28:04",1469900
6400,10,1000,"bu","14:28:09",1470900
6410,20,4300,"sd","14:28:13",1475200
6410,20,5000,"bu","14:28:22",1480200
6400,10,1000,"sd","14:28:33",1481200
6400,10,5000,"bu","14:29:00",1486200
6400,10,6000,"bu","14:29:57",1492200
6420,30,25900,"sd","14:45:09",1518100
