"price","change","match_qtty","side","time","total_vol"
27000,350,597900,"sd","09:15:04",597900
27000,350,2300,"bu","09:15:11",600200
27000,350,2200,"sd","09:15:12",602400
27050,400,500,"bu","09:15:14",602900
27050,400,1900,"bu","09:15:15",604800
27050,400,1800,"bu","09:15:16",606600
27050,400,700,"bu","09:15:16",607300
27050,400,15900,"bu","09:15:17",623200
27050,400,1100,"bu","09:15:37",624300
27050,400,200,"sd","09:15:38",624500
27100,450,8800,"bu","09:15:40",633300
27100,450,5600,"bu","09:15:41",638900
27100,450,44900,"bu","09:15:42",683800
27100,450,300,"sd","09:15:42",684100
27100,450,700,"sd","09:15:44",684800
27150,500,1400,"bu","09:15:44",686200
27100,450,600,"bu","09:15:48",686800
27100,450,200,"sd","09:15:50",687000
27150,500,1000,"bu","09:15:56",688000
27100,450,53300,"sd","09:15:56",741300
27050,400,67700,"bu","09:15:56",809000
27100,450,1000,"sd","09:15:58",810000
27100,450,400,"sd","09:15:59",810400
27100,450,500,"bu","09:16:01",810900
27100,450,2000,"sd","09:16:02",812900
27100,450,5000,"sd","09:16:06",817900
27100,450,2900,"bu","09:16:07",820800
27100,450,300,"sd","09:16:10",821100
27050,400,100,"bu","09:16:11",821200
27100,450,1400,"bu","09:16:22",822600
27050,400,5000,"bu","09:16:26",827600
27050,400,3000,"bu","09:16:26",830600
27100,450,2000,"sd","09:16:26",832600
27100,450,100,"bu","09:16:27",832700
27050,400,10000,"bu","09:16:29",842700
27100,450,3100,"sd","09:16:32",845800
27050,400,1000,"sd","09:16:33",846800
27050,400,5600,"sd","09:16:36",852400
27100,450,1100,"bu","09:16:36",853500
27100,450,1000,"sd","09:16:37",854500
27100,450,55000,"bu","09:16:42",909500
27050,400,3000,"sd","09:16:43",912500
27100,450,200,"bu","09:16:43",912700
27050,400,1000,"sd","09:16:44",913700
27050,400,5000,"bu","09:16:45",918700
27050,400,8900,"bu","09:16:49",927600
27050,400,5000,"sd","09:16:52",932600
27050,400,2100,"bu","09:16:52",934700
27050,400,7400,"bu","09:16:52",942100
27050,400,10200,"bu","09:16:53",952300
27050,400,2500,"sd","09:16:54",954800
27050,400,5200,"sd","09:16:55",960000
27050,400,43500,"sd","09:16:56",1003500
27000,350,47000,"bu","09:16:56",1050500
27050,400,5000,"bu","09:16:57",1055500
27050,400,500,"bu","09:16:58",1056000
27050,400,14100,"sd","09:17:00",1070100
27050,400,5000,"sd","09:17:00",1075100
27000,350,300000,"bu","09:17:02",1375100
27050,400,100,"sd","09:17:06",1375200
27050,400,8300,"sd","09:17:07",1383500
27050,400,1000,"bu","09:17:09",1384500
27050,400,200,"sd","09:17:10",1384700
27000,350,600,"sd","09:17:10",1385300
27050,400,500,"sd","09:17:13",1385800
27000,350,100000,"sd","09:17:15",1485800
27050,400,400,"sd","09:17:16",1486200
27000,350,1000,"sd","09:17:17",1487200
27000,350,13600,"bu","09:17:20",1500800
27000,350,15900,"sd","09:17:30",1516700
27000,350,1000,"bu","09:17:34",1517700
27000,350,5000,"sd","09:17:34",1522700
27000,350,61800,"sd","09:17:36",1584500
27000,350,5000,"bu","09:17:38",1589500
27000,350,50000,"sd","09:17:38",1639500
27000,350,500,"sd","09:17:41",1640000
27050,400,1300,"sd","09:17:41",1641300
27000,350,1000,"sd","09:17:41",1642300
27000,350,46200,"bu","09:17:41",1688500
27000,350,1000,"sd","09:17:42",1689500
27000,350,100,"sd","09:17:43",1689600
27000,350,200,"sd","09:17:47",1689800
26950,300,1500,"sd","09:17:48",1691300
27000,350,500,"sd","09:17:48",1691800
27000,350,200,"bu","09:17:48",1692000
27000,350,100,"bu","09:17:50",1692100
27000,350,400,"sd","09:17:50",1692500
26950,300,900,"bu","09:17:53",1693400
27000,350,7000,"bu","09:17:55",1700400
26950,300,100,"bu","09:17:56",1700500
26950,300,600,"bu","09:17:57",1701100
27000,350,5000,"bu","09:17:59",1706100
27000,350,10000,"sd","09:18:01",1716100
27000,350,7000,"sd","09:18:05",1723100
27000,350,500,"bu","09:18:05",1723600
27000,350,100000,"bu","09:18:08",1823600
27000,350,2000,"bu","09:18:12",1825600
27000,350,200,"bu","09:18:13",1825800
27000,350,2200,"sd","09:18:19",1828000
27000,350,100,"bu","09:18:19",1828100
26950,300,7800,"bu","09:18:19",1835900
27000,350,10000,"sd","09:18:21",1845900
27000,350,100,"sd","09:18:26",1846000
27000,350,5100,"bu","09:18:29",1851100
27000,350,1100,"sd","09:18:30",1852200
27000,350,100,"sd","09:18:30",1852300
27000,350,300,"bu","09:18:33",1852600
27000,350,2000,"sd","09:18:35",1854600
27000,350,5400,"sd","09:18:40",1860000
27000,350,500,"bu","09:18:41",1860500
27000,350,5000,"sd","09:18:43",1865500
27000,350,1000,"bu","09:18:43",1866500
27000,350,66400,"bu","09:18:51",1932900
27000,350,500,"sd","09:18:53",1933400
27000,350,1000,"bu","09:18:56",1934400
27000,350,100,"bu","09:18:59",1934500
27000,350,500,"sd","09:19:05",1935000
27000,350,1000,"sd","09:19:09",1936000
27000,350,100,"bu","09:19:25",1936100
27000,350,5000,"bu","09:19:28",1941100
27000,350,100,"bu","09:19:32",1941200
27050,400,300,"bu","09:19:39",1941500
27050,400,500,"sd","09:19:40",1942000
27000,350,15000,"bu","09:19:43",1957000
27000,350,300,"bu","09:19:44",1957300
27050,400,10000,"sd","09:19:45",1967300
27000,350,200,"sd","09:19:46",1967500
27050,400,1100,"sd","09:19:49",1968600
27050,400,14700,"sd","09:19:53",1983300
27050,400,29200,"sd","09:19:54",2012500
27050,400,40900,"bu","09:19:54",2053400
27050,400,10300,"bu","09:19:55",2063700
27050,400,3000,"sd","09:19:55",2066700
27050,400,800,"bu","09:20:02",2067500
27050,400,5000,"bu","09:20:03",2072500
27050,400,1000,"bu","09:20:06",2073500
27050,400,5000,"bu","09:20:17",2078500
27050,400,3900,"sd","09:20:18",2082400
27050,400,100,"sd","09:20:20",2082500
27050,400,16000,"bu","09:20:23",2098500
27050,400,400,"bu","09:20:25",2098900
27100,450,200,"bu","09:20:25",2099100
27100,450,600,"sd","09:20:26",2099700
27050,400,200,"sd","09:20:26",2099900
27100,450,1000,"bu","09:20:27",2100900
27050,400,1400,"bu","09:20:35",2102300
27050,400,100,"sd","09:20:36",2102400
27050,400,200,"sd","09:20:36",2102600
27050,400,100,"sd","09:20:37",2102700
27050,400,400,"sd","09:20:52",2103100
27050,400,2000,"sd","09:20:53",2105100
27050,400,100,"sd","09:20:56",2105200
27050,400,2000,"bu","09:20:57",2107200
27050,400,5000,"bu","09:20:57",2112200
27050,400,200,"bu","09:21:00",2112400
27050,400,100,"bu","09:21:04",2112500
27100,450,2000,"sd","09:21:05",2114500
27100,450,900,"sd","09:21:14",2115400
27050,400,1000,"sd","09:21:32",2116400
27050,400,3000,"bu","09:21:32",2119400
27100,450,2800,"bu","09:21:35",2122200
27050,400,20000,"sd","09:21:37",2142200
27100,450,5000,"sd","09:21:38",2147200
27050,400,50000,"sd","09:21:52",2197200
27100,450,20000,"sd","09:21:54",2217200
27050,400,600,"bu","09:21:56",2217800
27050,400,100,"bu","09:21:59",2217900
27050,400,3000,"sd","09:22:04",2220900
27050,400,300,"bu","09:22:05",2221200
27050,400,4000,"sd","09:22:05",2225200
27050,400,13300,"sd","09:22:06",2238500
27100,450,100,"bu","09:22:07",2238600
27050,400,2200,"sd","09:22:12",2240800
27050,400,500,"bu","09:22:12",2241300
27050,400,5000,"bu","09:22:14",2246300
27050,400,2000,"sd","09:22:15",2248300
27100,450,2100,"bu","09:22:19",2250400
27050,400,1000,"sd","09:22:20",2251400
27100,450,5000,"bu","09:22:22",2256400
27050,400,1000,"sd","09:22:25",2257400
27050,400,52000,"sd","09:22:29",2309400
27050,400,10000,"sd","09:22:31",2319400
27050,400,2000,"bu","09:22:33",2321400
27100,450,13800,"sd","09:22:35",2335200
27050,400,3000,"sd","09:22:35",2338200
27050,400,1700,"bu","09:22:35",2339900
27050,400,5000,"sd","09:22:36",2344900
27050,400,5000,"bu","09:22:37",2349900
27050,400,2000,"sd","09:22:38",2351900
27050,400,2800,"bu","09:22:38",2354700
27050,400,1000,"sd","09:22:40",2355700
27050,400,100,"sd","09:22:45",2355800
27050,400,200,"sd","09:22:53",2356000
27000,350,500,"bu","09:22:55",2356500
27050,400,1000,"bu","09:22:59",2357500
27050,400,2100,"sd","09:23:16",2359600
27050,400,500,"bu","09:23:17",2360100
27050,400,1000,"sd","09:23:21",2361100
27050,400,300,"sd","09:23:21",2361400
27000,350,1000,"bu","09:23:27",2362400
27050,400,3000,"sd","09:23:27",2365400
27050,400,1000,"bu","09:23:30",2366400
27000,350,158300,"sd","09:23:32",2524700
27000,350,41800,"sd","09:23:32",2566500
27000,350,500,"sd","09:23:33",2567000
27000,350,1000,"bu","09:23:39",2568000
27000,350,500,"sd","09:23:44",2568500
27000,350,1500,"sd","09:23:52",2570000
27000,350,100,"bu","09:23:54",2570100
26950,300,40400,"bu","09:24:02",2610500
27000,350,100,"bu","09:24:06",2610600
27000,350,2000,"bu","09:24:23",2612600
26950,300,3000,"sd","09:24:23",2615600
26950,300,2000,"bu","09:24:36",2617600
27000,350,5000,"bu","09:24:42",2622600
27000,350,6000,"bu","09:24:47",2628600
26950,300,500,"sd","09:24:49",2629100
27000,350,50000,"sd","09:24:50",2679100
26950,300,200,"sd","09:24:57",2679300
27000,350,56700,"bu","09:24:58",2736000
27000,350,600,"sd","09:24:59",2736600
27000,350,5000,"bu","09:25:06",2741600
27000,350,500,"sd","09:25:07",2742100
27000,350,100,"sd","09:25:12",2742200
27050,400,7000,"sd","09:25:13",2749200
27000,350,1000,"bu","09:25:14",2750200
27000,350,1300,"bu","09:25:16",2751500
27000,350,100,"sd","09:25:17",2751600
27000,350,1000,"sd","09:25:20",2752600
27000,350,500,"bu","09:25:24",2753100
27000,350,200,"bu","09:25:28",2753300
27000,350,1000,"bu","09:25:29",2754300
27050,400,100,"sd","09:25:32",2754400
27050,400,1000,"bu","09:25:32",2755400
27000,350,100,"bu","09:25:38",2755500
27000,350,200,"sd","09:25:38",2755700
27050,400,5000,"bu","09:25:43",2760700
27000,350,200,"sd","09:25:44",2760900
27050,400,500,"bu","09:25:45",2761400
27050,400,800,"bu","09:25:46",2762200
27050,400,5000,"sd","09:25:53",2767200
27050,400,20000,"sd","09:25:58",2787200
27050,400,600,"sd","09:25:58",2787800
27050,400,1500,"sd","09:25:58",2789300
27050,400,50000,"bu","09:25:59",2839300
27000,350,2000,"bu","09:25:59",2841300
27050,400,1000,"bu","09:26:00",2842300
27000,350,1100,"sd","09:26:01",2843400
27050,400,10000,"sd","09:26:01",2853400
27050,400,600,"bu","09:26:03",2854000
27050,400,55000,"bu","09:26:04",2909000
27050,400,16300,"bu","09:26:05",2925300
27050,400,63200,"bu","09:26:06",2988500
27050,400,500,"sd","09:26:10",2989000
27050,400,100,"sd","09:26:15",2989100
27100,450,400,"sd","09:26:17",2989500
27050,400,1000,"bu","09:26:18",2990500
27100,450,100,"bu","09:26:19",2990600
27050,400,500,"sd","09:26:23",2991100
27100,450,20000,"sd","09:26:27",3011100
27050,400,100,"sd","09:26:34",3011200
27100,450,500,"sd","09:26:34",3011700
27100,450,5000,"bu","09:26:35",3016700
27100,450,100,"sd","09:26:35",3016800
27100,450,4000,"bu","09:26:36",3020800
27100,450,500,"sd","09:26:38",3021300
27100,450,74700,"bu","09:26:38",3096000
27100,450,59300,"sd","09:26:39",3155300
27100,450,134000,"sd","09:26:39",3289300
27100,450,91900,"sd","09:26:45",3381200
27150,500,51500,"bu","09:26:46",3432700
27150,500,50000,"bu","09:26:47",3482700
27150,500,5000,"bu","09:26:48",3487700
27150,500,5000,"sd","09:26:50",3492700
27150,500,1000,"sd","09:26:50",3493700
27150,500,100,"sd","09:26:51",3493800
27150,500,300,"sd","09:26:51",3494100
27100,450,20000,"sd","09:26:51",3514100
27150,500,50000,"sd","09:26:52",3564100
27150,500,2200,"sd","09:26:52",3566300
27150,500,30000,"bu","09:26:52",3596300
27150,500,3800,"sd","09:26:53",3600100
27150,500,10000,"sd","09:26:55",3610100
27150,500,100,"sd","09:26:55",3610200
27200,550,107500,"bu","09:26:56",3717700
27200,550,151700,"sd","09:26:56",3869400
27200,550,40900,"sd","09:26:56",3910300
27200,550,600,"bu","09:26:57",3910900
27200,550,1400,"bu","09:26:58",3912300
27200,550,100,"bu","09:26:59",3912400
27150,500,200,"bu","09:26:59",3912600
27250,600,141500,"bu","09:26:59",4054100
27250,600,8500,"bu","09:27:00",4062600
27200,550,1000,"bu","09:27:00",4063600
27200,550,9000,"sd","09:27:00",4072600
27200,550,2000,"bu","09:27:01",4074600
27250,600,200,"sd","09:27:03",4074800
27250,600,2000,"sd","09:27:04",4076800
27250,600,1300,"sd","09:27:05",4078100
27200,550,1000,"sd","09:27:05",4079100
27250,600,24200,"sd","09:27:06",4103300
27250,600,500,"sd","09:27:08",4103800
27250,600,100,"sd","09:27:09",4103900
27250,600,300,"bu","09:27:11",4104200
27300,650,244000,"bu","09:27:12",4348200
27300,650,111800,"bu","09:27:12",4460000
27300,650,5000,"sd","09:27:14",4465000
27350,700,2000,"bu","09:27:15",4467000
27300,650,500,"bu","09:27:15",4467500
27400,750,12000,"sd","09:27:17",4479500
27350,700,100,"sd","09:27:18",4479600
27350,700,500,"sd","09:27:18",4480100
27350,700,5000,"bu","09:27:21",4485100
27400,750,4600,"bu","09:27:21",4489700
27350,700,2000,"bu","09:27:22",4491700
27350,700,500,"sd","09:27:25",4492200
27400,750,10000,"sd","09:27:26",4502200
27400,750,2000,"bu","09:27:27",4504200
27400,750,2800,"bu","09:27:28",4507000
27350,700,100,"bu","09:27:29",4507100
27400,750,200000,"sd","09:27:29",4707100
27400,750,2900,"sd","09:27:29",4710000
27350,700,3600,"bu","09:27:30",4713600
27450,800,100000,"sd","09:27:30",4813600
27350,700,1200,"sd","09:27:31",4814800
27350,700,100,"sd","09:27:31",4814900
27400,750,1200,"sd","09:27:33",4816100
27400,750,10000,"sd","09:27:34",4826100
27450,800,1800,"bu","09:27:35",4827900
27400,750,1000,"bu","09:27:37",4828900
27400,750,1000,"bu","09:27:37",4829900
27400,750,5000,"bu","09:27:38",4834900
27350,700,1000,"sd","09:27:38",4835900
27400,750,100,"sd","09:27:38",4836000
27500,850,45000,"bu","09:27:39",4881000
27450,800,2000,"bu","09:27:40",4883000
27500,850,500,"bu","09:27:40",4883500
27450,800,2500,"bu","09:27:41",4886000
27450,800,5500,"sd","09:27:41",4891500
27450,800,5000,"sd","09:27:41",4896500
27450,800,2000,"sd","09:27:42",4898500
27450,800,100,"sd","09:27:42",4898600
27450,800,1000,"sd","09:27:44",4899600
27450,800,500,"bu","09:27:44",4900100
27450,800,100,"bu","09:27:45",4900200
27450,800,200,"bu","09:27:45",4900400
27450,800,100,"bu","09:27:45",4900500
27450,800,1700,"bu","09:27:48",4902200
27450,800,5000,"sd","09:27:48",4907200
27450,800,50200,"bu","09:27:48",4957400
27450,800,500,"bu","09:27:49",4957900
27500,850,5500,"sd","09:27:49",4963400
27500,850,500,"sd","09:27:51",4963900
27500,850,32000,"bu","09:27:52",4995900
27450,800,1000,"bu","09:27:52",4996900
27450,800,200,"bu","09:27:53",4997100
27450,800,6000,"sd","09:27:54",5003100
27450,800,10500,"sd","09:27:54",5013600
27450,800,204000,"bu","09:27:55",5217600
27450,800,500,"bu","09:27:57",5218100
27450,800,10000,"sd","09:27:57",5228100
27450,800,2000,"sd","09:27:58",5230100
27500,850,8000,"sd","09:27:58",5238100
27450,800,800,"sd","09:27:59",5238900
27500,850,44200,"sd","09:27:59",5283100
27500,850,75800,"bu","09:28:00",5358900
27500,850,6000,"bu","09:28:01",5364900
27500,850,85400,"bu","09:28:01",5450300
27450,800,100,"bu","09:28:01",5450400
27500,850,500,"bu","09:28:01",5450900
27450,800,1100,"bu","09:28:02",5452000
27450,800,200,"sd","09:28:04",5452200
27500,850,68300,"bu","09:28:04",5520500
27500,850,19100,"bu","09:28:05",5539600
27500,850,85900,"bu","09:28:06",5625500
27450,800,1000,"sd","09:28:06",5626500
27450,800,4100,"sd","09:28:07",5630600
27450,800,2200,"sd","09:28:08",5632800
27500,850,30000,"sd","09:28:08",5662800
27450,800,700,"sd","09:28:10",5663500
27450,800,200,"bu","09:28:10",5663700
27500,850,10200,"bu","09:28:11",5673900
27500,850,22000,"sd","09:28:11",5695900
27500,850,1000,"bu","09:28:12",5696900
27450,800,100,"bu","09:28:12",5697000
27500,850,13000,"sd","09:28:13",5710000
27450,800,1400,"sd","09:28:14",5711400
27450,800,300,"sd","09:28:15",5711700
27450,800,400,"sd","09:28:15",5712100
27500,850,3500,"bu","09:28:16",5715600
27500,850,2100,"bu","09:28:17",5717700
27500,850,4900,"sd","09:28:17",5722600
27500,850,500,"bu","09:28:18",5723100
27400,750,20000,"sd","09:28:19",5743100
27450,800,1000,"sd","09:28:20",5744100
27450,800,2500,"sd","09:28:21",5746600
27450,800,1000,"sd","09:28:21",5747600
27450,800,10000,"bu","09:28:21",5757600
27450,800,500,"bu","09:28:22",5758100
27450,800,4000,"sd","09:28:22",5762100
27450,800,800,"sd","09:28:23",5762900
27450,800,500,"sd","09:28:23",5763400
27450,800,5000,"bu","09:28:25",5768400
27400,750,5500,"sd","09:28:26",5773900
27450,800,1000,"bu","09:28:27",5774900
27400,750,700,"bu","09:28:27",5775600
27400,750,10000,"sd","09:28:31",5785600
27400,750,23300,"sd","09:28:32",5808900
27400,750,2000,"sd","09:28:32",5810900
27400,750,200,"bu","09:28:33",5811100
27400,750,4200,"sd","09:28:34",5815300
27400,750,3500,"sd","09:28:35",5818800
27400,750,900,"bu","09:28:35",5819700
27400,750,2000,"bu","09:28:37",5821700
27400,750,400,"bu","09:28:37",5822100
27400,750,45000,"bu","09:28:38",5867100
27350,700,1000,"bu","09:28:39",5868100
27400,750,35000,"bu","09:28:42",5903100
27400,750,6800,"bu","09:28:43",5909900
27400,750,500,"sd","09:28:45",5910400
27400,750,100,"bu","09:28:46",5910500
27400,750,2100,"bu","09:28:46",5912600
27400,750,1000,"sd","09:28:46",5913600
27400,750,5500,"sd","09:28:47",5919100
27400,750,100,"bu","09:28:47",5919200
27400,750,1300,"bu","09:28:48",5920500
27400,750,200,"bu","09:28:48",5920700
27400,750,5000,"sd","09:28:50",5925700
27400,750,200,"sd","09:28:51",5925900
27400,750,3000,"bu","09:28:52",5928900
27400,750,600,"bu","09:28:52",5929500
27400,750,3100,"sd","09:28:53",5932600
27400,750,600,"bu","09:28:55",5933200
27450,800,300,"sd","09:28:55",5933500
27400,750,2500,"bu","09:28:56",5936000
27400,750,300,"sd","09:28:56",5936300
27400,750,700,"bu","09:28:56",5937000
27450,800,3200,"sd","09:28:57",5940200
27400,750,1000,"sd","09:28:58",5941200
27400,750,1500,"bu","09:29:00",5942700
27400,750,5500,"sd","09:29:01",5948200
27450,800,1500,"sd","09:29:02",5949700
27400,750,1100,"sd","09:29:03",5950800
27400,750,3000,"sd","09:29:04",5953800
27400,750,100,"sd","09:29:04",5953900
27400,750,500,"sd","09:29:05",5954400
27450,800,10000,"sd","09:29:05",5964400
27400,750,200,"bu","09:29:05",5964600
27400,750,100,"bu","09:29:06",5964700
27400,750,700,"sd","09:29:07",5965400
27400,750,200,"bu","09:29:07",5965600
27400,750,500,"bu","09:29:08",5966100
27400,750,1000,"sd","09:29:09",5967100
27400,750,3000,"bu","09:29:09",5970100
27400,750,5000,"bu","09:29:10",5975100
27400,750,10600,"sd","09:29:10",5985700
27450,800,2000,"sd","09:29:11",5987700
27400,750,4000,"bu","09:29:13",5991700
27400,750,600,"bu","09:29:14",5992300
27400,750,5000,"bu","09:29:14",5997300
27400,750,1100,"sd","09:29:15",5998400
27400,750,2000,"bu","09:29:16",6000400
27400,750,200,"bu","09:29:17",6000600
27400,750,100,"bu","09:29:18",6000700
27450,800,500,"bu","09:29:18",6001200
27400,750,5000,"sd","09:29:19",6006200
27450,800,100,"bu","09:29:19",6006300
27400,750,5000,"bu","09:29:19",6011300
27400,750,2000,"bu","09:29:20",6013300
27400,750,63900,"sd","09:29:21",6077200
27400,750,400,"sd","09:29:23",6077600
27400,750,7700,"sd","09:29:23",6085300
27400,750,900,"sd","09:29:25",6086200
27400,750,1200,"sd","09:29:27",6087400
27400,750,20000,"sd","09:29:31",6107400
27350,700,1000,"sd","09:29:33",6108400
27400,750,500,"bu","09:29:35",6108900
27400,750,1500,"bu","09:29:36",6110400
27400,750,12300,"sd","09:29:37",6122700
27400,750,1300,"bu","09:29:38",6124000
27350,700,1100,"bu","09:29:39",6125100
27350,700,500,"bu","09:29:41",6125600
27400,750,1500,"sd","09:29:42",6127100
27400,750,1000,"sd","09:29:43",6128100
27400,750,1700,"sd","09:29:46",6129800
27400,750,100,"bu","09:29:49",6129900
27350,700,200,"sd","09:29:50",6130100
27350,700,3000,"bu","09:29:50",6133100
27350,700,100,"sd","09:29:53",6133200
27350,700,500,"sd","09:29:53",6133700
27350,700,42300,"sd","09:29:56",6176000
27350,700,10000,"bu","09:29:56",6186000
27350,700,200,"sd","09:29:57",6186200
27350,700,2200,"bu","09:29:57",6188400
27350,700,5000,"sd","09:29:58",6193400
27350,700,1600,"bu","09:29:59",6195000
27350,700,300,"bu","09:29:59",6195300
27350,700,2000,"bu","09:30:03",6197300
27350,700,29000,"bu","09:30:06",6226300
27350,700,10000,"sd","09:30:07",6236300
27350,700,5000,"bu","09:30:08",6241300
27350,700,3400,"bu","09:30:08",6244700
27350,700,500,"sd","09:30:09",6245200
27350,700,2000,"sd","09:30:10",6247200
27300,650,5100,"sd","09:30:11",6252300
27350,700,2300,"bu","09:30:12",6254600
27350,700,3300,"sd","09:30:15",6257900
27300,650,100,"bu","09:30:17",6258000
27350,700,5000,"sd","09:30:18",6263000
27350,700,11800,"sd","09:30:19",6274800
27350,700,400,"bu","09:30:20",6275200
27300,650,3000,"bu","09:30:23",6278200
27300,650,20000,"sd","09:30:26",6298200
27300,650,20000,"sd","09:30:28",6318200
27300,650,100,"bu","09:30:28",6318300
27300,650,11400,"sd","09:30:30",6329700
27300,650,5000,"sd","09:30:30",6334700
27300,650,100,"bu","09:30:31",6334800
27300,650,200,"bu","09:30:33",6335000
27300,650,500,"bu","09:30:34",6335500
27300,650,5000,"sd","09:30:36",6340500
27300,650,100,"bu","09:30:38",6340600
27300,650,6200,"sd","09:30:39",6346800
27300,650,1000,"bu","09:30:41",6347800
27300,650,3000,"bu","09:30:45",6350800
27300,650,10000,"bu","09:30:46",6360800
27300,650,1400,"sd","09:30:46",6362200
27300,650,300,"sd","09:30:47",6362500
27300,650,2000,"bu","09:30:47",6364500
27300,650,500,"sd","09:30:52",6365000
27300,650,3000,"bu","09:30:53",6368000
27300,650,1000,"bu","09:30:53",6369000
27300,650,100,"bu","09:30:55",6369100
27300,650,1000,"bu","09:31:01",6370100
27300,650,11700,"bu","09:31:02",6381800
27300,650,10000,"sd","09:31:04",6391800
27300,650,69900,"sd","09:31:05",6461700
27350,700,200,"sd","09:31:06",6461900
27300,650,900,"sd","09:31:09",6462800
27300,650,100,"bu","09:31:10",6462900
27300,650,500,"bu","09:31:11",6463400
27300,650,2100,"sd","09:31:11",6465500
27300,650,1000,"sd","09:31:14",6466500
27300,650,100,"sd","09:31:14",6466600
27300,650,1000,"sd","09:31:15",6467600
27300,650,200,"sd","09:31:19",6467800
27300,650,5600,"bu","09:31:20",6473400
27350,700,1600,"bu","09:31:21",6475000
27300,650,500,"bu","09:31:23",6475500
27300,650,700,"bu","09:31:26",6476200
27350,700,1000,"sd","09:31:31",6477200
27300,650,100,"sd","09:31:32",6477300
27300,650,5000,"bu","09:31:34",6482300
27300,650,12000,"bu","09:31:41",6494300
27300,650,2000,"bu","09:31:42",6496300
27300,650,300,"sd","09:31:43",6496600
27350,700,6000,"bu","09:31:46",6502600
27350,700,12900,"sd","09:31:50",6515500
27300,650,100,"sd","09:31:51",6515600
27350,700,20000,"bu","09:31:53",6535600
27300,650,6000,"sd","09:31:56",6541600
27350,700,600,"sd","09:31:57",6542200
27350,700,800,"sd","09:31:58",6543000
27300,650,100,"bu","09:32:01",6543100
27350,700,600,"sd","09:32:06",6543700
27350,700,10500,"bu","09:32:10",6554200
27350,700,300,"sd","09:32:12",6554500
27350,700,34900,"sd","09:32:14",6589400
27350,700,4300,"bu","09:32:16",6593700
27350,700,15700,"bu","09:32:16",6609400
27350,700,2400,"bu","09:32:17",6611800
27350,700,10100,"sd","09:32:21",6621900
27350,700,100,"sd","09:32:23",6622000
27350,700,1100,"bu","09:32:25",6623100
27300,650,500,"bu","09:32:26",6623600
27350,700,1000,"bu","09:32:28",6624600
27350,700,14000,"sd","09:32:30",6638600
27350,700,36000,"bu","09:32:31",6674600
27350,700,200,"bu","09:32:31",6674800
27350,700,10000,"bu","09:32:32",6684800
27350,700,11200,"bu","09:32:32",6696000
27350,700,33700,"sd","09:32:34",6729700
27350,700,900,"sd","09:32:38",6730600
27350,700,1000,"bu","09:32:41",6731600
27400,750,600,"sd","09:32:44",6732200
27350,700,3000,"bu","09:32:46",6735200
27350,700,100,"sd","09:32:47",6735300
27350,700,200,"sd","09:32:49",6735500
27350,700,2000,"bu","09:32:51",6737500
27350,700,1100,"sd","09:32:53",6738600
27400,750,100,"sd","09:32:53",6738700
27350,700,700,"bu","09:32:54",6739400
27400,750,8000,"bu","09:33:02",6747400
27350,700,900,"bu","09:33:10",6748300
27350,700,300,"bu","09:33:11",6748600
27350,700,200,"bu","09:33:12",6748800
27400,750,3000,"bu","09:33:14",6751800
27350,700,100,"bu","09:33:15",6751900
27400,750,12000,"bu","09:33:17",6763900
27350,700,2000,"sd","09:33:19",6765900
27400,750,200,"bu","09:33:23",6766100
27350,700,100,"sd","09:33:26",6766200
27400,750,500,"sd","09:33:27",6766700
27400,750,100,"sd","09:33:33",6766800
27400,750,500,"bu","09:33:36",6767300
27350,700,10300,"bu","09:33:40",6777600
27400,750,5800,"sd","09:33:40",6783400
27400,750,5000,"bu","09:33:41",6788400
27400,750,1000,"bu","09:33:44",6789400
27350,700,1100,"bu","09:33:45",6790500
27350,700,5000,"bu","09:33:49",6795500
27350,700,1000,"bu","09:33:55",6796500
27350,700,100,"bu","09:33:56",6796600
27350,700,2000,"bu","09:33:57",6798600
27350,700,100,"sd","09:34:00",6798700
27350,700,1000,"sd","09:34:01",6799700
27350,700,2000,"bu","09:34:03",6801700
27400,750,12400,"sd","09:34:03",6814100
27350,700,300,"bu","09:34:04",6814400
27350,700,200,"sd","09:34:04",6814600
27350,700,15000,"bu","09:34:05",6829600
27350,700,300,"bu","09:34:06",6829900
27400,750,500,"sd","09:34:07",6830400
27350,700,1000,"sd","09:34:08",6831400
27350,700,10000,"bu","09:34:10",6841400
27350,700,5300,"bu","09:34:11",6846700
27350,700,400,"bu","09:34:13",6847100
27350,700,61200,"sd","09:34:16",6908300
27350,700,2000,"bu","09:34:16",6910300
27350,700,12000,"bu","09:34:19",6922300
27350,700,100,"sd","09:34:20",6922400
27300,650,1600,"bu","09:34:22",6924000
27300,650,2900,"sd","09:34:22",6926900
27350,700,1000,"sd","09:34:23",6927900
27300,650,100,"bu","09:34:35",6928000
27300,650,12200,"bu","09:34:46",6940200
27300,650,1000,"sd","09:34:50",6941200
27300,650,1400,"sd","09:34:55",6942600
27350,700,19000,"bu","09:34:56",6961600
27350,700,100,"bu","09:35:01",6961700
27300,650,1000,"bu","09:35:02",6962700
27300,650,200,"bu","09:35:03",6962900
27350,700,700,"sd","09:35:07",6963600
27300,650,200,"sd","09:35:08",6963800
27350,700,100,"bu","09:35:15",6963900
27350,700,700,"bu","09:35:24",6964600
27300,650,100,"bu","09:35:28",6964700
27350,700,11100,"bu","09:35:28",6975800
27300,650,4200,"bu","09:35:32",6980000
27300,650,3000,"bu","09:35:41",6983000
27350,700,2500,"bu","09:35:44",6985500
27350,700,10000,"bu","09:35:45",6995500
27300,650,100,"bu","09:35:46",6995600
27300,650,500,"sd","09:35:50",6996100
27350,700,2000,"sd","09:35:52",6998100
27300,650,500,"bu","09:35:54",6998600
27300,650,100,"bu","09:35:54",6998700
27300,650,3500,"bu","09:36:00",7002200
27300,650,2000,"bu","09:36:02",7004200
27350,700,400,"bu","09:36:02",7004600
27300,650,15900,"bu","09:36:04",7020500
27300,650,1000,"sd","09:36:04",7021500
27350,700,400,"bu","09:36:05",7021900
27350,700,100,"bu","09:36:07",7022000
27350,700,12900,"sd","09:36:12",7034900
27350,700,2000,"bu","09:36:14",7036900
27300,650,5300,"bu","09:36:16",7042200
27350,700,100,"bu","09:36:19",7042300
27350,700,20000,"bu","09:36:19",7062300
27350,700,700,"sd","09:36:24",7063000
27350,700,20100,"bu","09:36:29",7083100
27300,650,5300,"sd","09:36:29",7088400
27300,650,5300,"bu","09:36:30",7093700
27350,700,900,"bu","09:36:30",7094600
27300,650,16400,"sd","09:36:36",7111000
27300,650,4000,"bu","09:36:41",7115000
27350,700,1000,"bu","09:36:43",7116000
27300,650,200,"bu","09:36:47",7116200
27300,650,100,"sd","09:36:52",7116300
27350,700,11200,"sd","09:36:54",7127500
27350,700,1000,"sd","09:37:05",7128500
27350,700,2000,"bu","09:37:05",7130500
27350,700,4000,"sd","09:37:09",7134500
27350,700,5000,"sd","09:37:10",7139500
27300,650,5300,"bu","09:37:12",7144800
27350,700,500,"bu","09:37:13",7145300
27300,650,100,"sd","09:37:16",7145400
27350,700,1100,"bu","09:37:18",7146500
27300,650,5000,"sd","09:37:23",7151500
27300,650,1000,"bu","09:37:27",7152500
27300,650,8000,"sd","09:37:28",7160500
27350,700,8000,"bu","09:37:33",7168500
27300,650,5300,"sd","09:37:34",7173800
27300,650,11400,"bu","09:37:36",7185200
27350,700,30000,"sd","09:37:38",7215200
27350,700,100,"sd","09:37:41",7215300
27300,650,1000,"sd","09:37:42",7216300
27300,650,1200,"sd","09:37:47",7217500
27300,650,5000,"sd","09:37:47",7222500
27300,650,1000,"sd","09:37:48",7223500
27300,650,200,"bu","09:37:51",7223700
27350,700,20000,"bu","09:37:52",7243700
27300,650,15000,"bu","09:38:00",7258700
27350,700,4000,"sd","09:38:01",7262700
27300,650,3000,"bu","09:38:08",7265700
27350,700,7000,"bu","09:38:09",7272700
27350,700,10000,"sd","09:38:10",7282700
27300,650,500,"sd","09:38:10",7283200
27350,700,6000,"bu","09:38:11",7289200
27350,700,5000,"sd","09:38:12",7294200
27300,650,2000,"sd","09:38:12",7296200
27300,650,20000,"bu","09:38:13",7316200
27300,650,5300,"bu","09:38:14",7321500
27300,650,2000,"bu","09:38:16",7323500
27350,700,11100,"bu","09:38:17",7334600
27300,650,100,"bu","09:38:17",7334700
27300,650,2900,"bu","09:38:19",7337600
27300,650,10600,"sd","09:38:22",7348200
27300,650,27400,"bu","09:38:25",7375600
27300,650,10000,"sd","09:38:27",7385600
27300,650,1000,"sd","09:38:28",7386600
27300,650,100,"sd","09:38:33",7386700
27300,650,1000,"bu","09:38:33",7387700
27300,650,5000,"bu","09:38:34",7392700
27300,650,15900,"bu","09:38:36",7408600
27300,650,24000,"bu","09:38:37",7432600
27300,650,7000,"sd","09:38:38",7439600
27300,650,200,"bu","09:38:39",7439800
27300,650,3100,"bu","09:38:39",7442900
27300,650,600,"sd","09:38:42",7443500
27300,650,200,"bu","09:38:43",7443700
27300,650,100,"bu","09:38:47",7443800
27300,650,5700,"bu","09:38:48",7449500
27300,650,16400,"bu","09:38:49",7465900
27300,650,100,"sd","09:38:51",7466000
27300,650,6200,"sd","09:38:54",7472200
27250,600,500,"sd","09:39:18",7472700
27300,650,20000,"sd","09:39:19",7492700
27300,650,5000,"sd","09:39:26",7497700
27300,650,11300,"bu","09:39:41",7509000
27300,650,2000,"bu","09:39:45",7511000
27300,650,1000,"sd","09:40:02",7512000
27300,650,2000,"sd","09:40:05",7514000
27300,650,14000,"bu","09:40:08",7528000
27250,600,16000,"bu","09:40:17",7544000
27300,650,3000,"bu","09:40:24",7547000
27300,650,11900,"bu","09:40:25",7558900
27300,650,100,"sd","09:40:27",7559000
27250,600,200,"sd","09:40:31",7559200
27250,600,2000,"bu","09:40:32",7561200
27250,600,300,"sd","09:40:43",7561500
27250,600,200,"bu","09:40:44",7561700
27300,650,37000,"bu","09:40:44",7598700
27300,650,100,"sd","09:40:52",7598800
27300,650,10000,"sd","09:40:57",7608800
27250,600,600,"bu","09:40:57",7609400
27250,600,200,"bu","09:41:05",7609600
27300,650,11900,"sd","09:41:10",7621500
27250,600,100,"sd","09:41:26",7621600
27250,600,8000,"sd","09:41:28",7629600
27300,650,1000,"bu","09:41:34",7630600
27250,600,600,"bu","09:41:38",7631200
27250,600,2100,"sd","09:41:41",7633300
27250,600,1000,"bu","09:41:42",7634300
27250,600,4900,"bu","09:41:48",7639200
27250,600,300,"sd","09:41:51",7639500
27250,600,100,"bu","09:41:52",7639600
27300,650,11600,"sd","09:41:53",7651200
27300,650,3900,"bu","09:41:57",7655100
27250,600,1100,"sd","09:42:02",7656200
27250,600,500,"bu","09:42:17",7656700
27250,600,2000,"sd","09:42:22",7658700
27250,600,300,"sd","09:42:23",7659000
27250,600,500,"sd","09:42:24",7659500
27250,600,5300,"bu","09:42:29",7664800
27250,600,100,"bu","09:42:30",7664900
27250,600,500,"bu","09:42:31",7665400
27250,600,6000,"sd","09:42:32",7671400
27300,650,4500,"sd","09:42:33",7675900
27250,600,1800,"sd","09:42:35",7677700
27250,600,500,"bu","09:42:36",7678200
27300,650,11500,"sd","09:42:36",7689700
27250,600,6800,"sd","09:42:38",7696500
27300,650,100,"bu","09:42:49",7696600
27250,600,200,"bu","09:42:53",7696800
27250,600,2900,"sd","09:42:55",7699700
27250,600,300,"sd","09:42:56",7700000
27300,650,100,"bu","09:43:02",7700100
27250,600,3000,"sd","09:43:04",7703100
27300,650,1300,"bu","09:43:05",7704400
27250,600,4000,"bu","09:43:07",7708400
27250,600,10000,"bu","09:43:08",7718400
27300,650,11600,"bu","09:43:19",7730000
27300,650,300,"sd","09:43:21",7730300
27250,600,3500,"sd","09:43:22",7733800
27250,600,5000,"bu","09:43:26",7738800
27250,600,800,"sd","09:43:28",7739600
27250,600,300,"bu","09:43:32",7739900
27250,600,100,"bu","09:43:33",7740000
27250,600,5000,"sd","09:43:34",7745000
27250,600,700,"sd","09:43:36",7745700
27250,600,4000,"bu","09:43:38",7749700
27250,600,900,"sd","09:43:38",7750600
27250,600,300,"bu","09:43:41",7750900
27250,600,1000,"sd","09:43:41",7751900
27250,600,11200,"bu","09:43:42",7763100
27250,600,10000,"bu","09:43:43",7773100
27250,600,2000,"sd","09:43:46",7775100
27300,650,200,"sd","09:43:48",7775300
27250,600,1000,"sd","09:43:55",7776300
27250,600,10000,"bu","09:43:58",7786300
27250,600,5000,"sd","09:43:59",7791300
27300,650,25300,"bu","09:44:01",7816600
27250,600,30000,"sd","09:44:10",7846600
27250,600,3000,"bu","09:44:11",7849600
27250,600,2900,"bu","09:44:13",7852500
27250,600,1000,"sd","09:44:15",7853500
27250,600,800,"sd","09:44:21",7854300
27250,600,1000,"bu","09:44:23",7855300
27250,600,300,"sd","09:44:24",7855600
27250,600,10000,"bu","09:44:25",7865600
27250,600,10100,"bu","09:44:26",7875700
27250,600,3800,"bu","09:44:28",7879500
27250,600,100,"sd","09:44:29",7879600
27250,600,3000,"sd","09:44:31",7882600
27250,600,31200,"sd","09:44:32",7913800
27250,600,600,"sd","09:44:39",7914400
27250,600,1200,"bu","09:44:41",7915600
27250,600,100,"bu","09:44:48",7915700
27250,600,200,"sd","09:45:03",7915900
27200,550,100,"bu","09:45:04",7916000
27250,600,1100,"bu","09:45:13",7917100
27200,550,200,"bu","09:45:16",7917300
27200,550,100,"sd","09:45:17",7917400
27200,550,5000,"sd","09:45:25",7922400
27250,600,11200,"sd","09:45:27",7933600
27200,550,2000,"sd","09:45:38",7935600
27250,600,100,"bu","09:45:47",7935700
27250,600,3100,"sd","09:45:51",7938800
27250,600,100,"bu","09:45:52",7938900
27200,550,1000,"bu","09:46:04",7939900
27250,600,11300,"sd","09:46:10",7951200
27200,550,100,"sd","09:46:10",7951300
27200,550,2900,"bu","09:46:12",7954200
27200,550,1100,"bu","09:46:27",7955300
27200,550,5300,"bu","09:46:30",7960600
27200,550,13300,"sd","09:46:32",7973900
27200,550,1000,"bu","09:46:35",7974900
27200,550,11000,"bu","09:46:38",7985900
27200,550,9100,"sd","09:46:39",7995000
27200,550,1000,"bu","09:46:41",7996000
27200,550,200,"sd","09:46:46",7996200
27200,550,2000,"sd","09:46:50",7998200
27250,600,18300,"bu","09:46:52",8016500
27200,550,2500,"bu","09:46:54",8019000
27200,550,6900,"bu","09:46:55",8025900
27200,550,20000,"sd","09:46:56",8045900
27200,550,500,"bu","09:46:56",8046400
27200,550,300,"sd","09:46:57",8046700
27200,550,8000,"bu","09:47:01",8054700
27200,550,5300,"bu","09:47:02",8060000
27200,550,100000,"sd","09:47:03",8160000
27150,500,10500,"bu","09:47:04",8170500
27150,500,5300,"bu","09:47:10",8175800
27150,500,11000,"sd","09:47:11",8186800
27150,500,10000,"bu","09:47:17",8196800
27150,500,100,"sd","09:47:18",8196900
27150,500,20300,"sd","09:47:19",8217200
27200,550,6000,"bu","09:47:21",8223200
27200,550,2000,"sd","09:47:26",8225200
27150,500,7300,"sd","09:47:34",8232500
27150,500,5000,"sd","09:47:53",8237500
27150,500,1000,"bu","09:47:56",8238500
27150,500,500,"sd","09:47:58",8239000
27150,500,3100,"bu","09:48:00",8242100
27150,500,300,"sd","09:48:03",8242400
27150,500,7000,"bu","09:48:07",8249400
27150,500,400,"sd","09:48:10",8249800
27150,500,2900,"bu","09:48:11",8252700
27200,550,11100,"bu","09:48:16",8263800
27200,550,89700,"bu","09:48:29",8353500
27250,600,200,"bu","09:48:30",8353700
27200,550,3200,"sd","09:48:32",8356900
27200,550,700,"bu","09:48:36",8357600
27200,550,100,"bu","09:48:37",8357700
27200,550,8900,"sd","09:48:44",8366600
27200,550,700,"bu","09:48:45",8367300
27200,550,100,"sd","09:48:47",8367400
27250,600,6100,"sd","09:48:48",8373500
27200,550,5000,"bu","09:48:50",8378500
27200,550,1200,"sd","09:48:51",8379700
27200,550,600,"bu","09:48:54",8380300
27200,550,1000,"sd","09:48:56",8381300
27250,600,11200,"sd","09:48:57",8392500
27200,550,10000,"bu","09:49:02",8402500
27200,550,20000,"sd","09:49:03",8422500
27200,550,2000,"bu","09:49:05",8424500
27250,600,500,"sd","09:49:06",8425000
27250,600,200,"bu","09:49:12",8425200
27200,550,100,"bu","09:49:24",8425300
27200,550,3000,"bu","09:49:29",8428300
27200,550,500,"sd","09:49:34",8428800
27200,550,100,"sd","09:49:39",8428900
27250,600,11300,"bu","09:49:39",8440200
27200,550,2000,"bu","09:49:40",8442200
27200,550,100,"bu","09:49:41",8442300
27200,550,1000,"sd","09:49:41",8443300
27200,550,3500,"sd","09:49:42",8446800
27200,550,20000,"bu","09:49:43",8466800
27250,600,1600,"bu","09:49:51",8468400
27200,550,1500,"bu","09:49:55",8469900
27200,550,3500,"sd","09:50:01",8473400
27200,550,500,"sd","09:50:07",8473900
27200,550,2900,"bu","09:50:09",8476800
27200,550,100,"sd","09:50:09",8476900
27200,550,20700,"bu","09:50:10",8497600
27200,550,1000,"sd","09:50:11",8498600
27200,550,300,"bu","09:50:13",8498900
27200,550,8600,"sd","09:50:14",8507500
27200,550,21400,"bu","09:50:14",8528900
27200,550,2400,"bu","09:50:16",8531300
27200,550,700,"bu","09:50:19",8532000
27200,550,20000,"sd","09:50:19",8552000
27200,550,5200,"sd","09:50:21",8557200
27200,550,500,"bu","09:50:23",8557700
27200,550,2000,"sd","09:50:26",8559700
27200,550,3000,"bu","09:50:29",8562700
27200,550,300,"sd","09:50:30",8563000
27200,550,2000,"bu","09:50:33",8565000
27200,550,100,"bu","09:50:35",8565100
27200,550,11100,"sd","09:50:36",8576200
27150,500,100,"sd","09:50:39",8576300
27200,550,1100,"sd","09:51:00",8577400
27200,550,900,"bu","09:51:05",8578300
27200,550,11500,"bu","09:51:06",8589800
27200,550,100,"sd","09:51:12",8589900
27150,500,2100,"sd","09:51:17",8592000
27150,500,3000,"bu","09:51:20",8595000
27200,550,100,"bu","09:51:21",8595100
27200,550,1000,"bu","09:51:22",8596100
27200,550,104100,"bu","09:51:43",8700200
27200,550,200,"sd","09:51:43",8700400
27250,600,11800,"sd","09:51:50",8712200
27200,550,100,"sd","09:51:51",8712300
27200,550,200,"bu","09:51:54",8712500
27200,550,5000,"sd","09:51:57",8717500
27200,550,300,"bu","09:51:58",8717800
27250,600,6000,"bu","09:51:59",8723800
27200,550,1400,"sd","09:52:01",8725200
27200,550,2900,"bu","09:52:07",8728100
27200,550,600,"bu","09:52:08",8728700
27250,600,31500,"sd","09:52:27",8760200
27200,550,500,"sd","09:52:30",8760700
27200,550,2500,"bu","09:52:31",8763200
27250,600,12800,"bu","09:52:38",8776000
27200,550,200,"sd","09:52:40",8776200
27250,600,900,"sd","09:52:42",8777100
27200,550,100,"sd","09:52:43",8777200
27200,550,13100,"bu","09:52:45",8790300
27250,600,3000,"sd","09:52:50",8793300
27200,550,100,"sd","09:52:53",8793400
27200,550,100000,"sd","09:52:55",8893400
27200,550,200,"sd","09:53:00",8893600
27200,550,1000,"bu","09:53:02",8894600
27200,550,5000,"bu","09:53:13",8899600
27200,550,300,"sd","09:53:17",8899900
27200,550,20000,"sd","09:53:18",8919900
27200,550,4000,"bu","09:53:20",8923900
27200,550,3000,"bu","09:53:26",8926900
27200,550,4300,"sd","09:53:31",8931200
27200,550,100,"bu","09:53:34",8931300
27200,550,900,"bu","09:53:37",8932200
27200,550,5700,"sd","09:53:40",8937900
27200,550,30000,"bu","09:53:41",8967900
27200,550,100,"sd","09:53:43",8968000
27200,550,1800,"sd","09:53:45",8969800
27200,550,7600,"sd","09:53:46",8977400
27200,550,400,"sd","09:53:46",8977800
27150,500,200,"sd","09:53:49",8978000
27200,550,2800,"sd","09:53:54",8980800
27150,500,35000,"bu","09:53:55",9015800
27150,500,100,"sd","09:53:56",9015900
27250,600,11400,"sd","09:54:01",9027300
27250,600,1000,"bu","09:54:10",9028300
27250,600,27500,"bu","09:54:14",9055800
27200,550,200,"bu","09:54:17",9056000
27200,550,500,"sd","09:54:19",9056500
27200,550,900,"sd","09:54:22",9057400
27200,550,1000,"bu","09:54:23",9058400
27250,600,20000,"bu","09:54:26",9078400
27200,550,300,"sd","09:54:29",9078700
27200,550,500,"sd","09:54:31",9079200
27200,550,2100,"sd","09:54:35",9081300
27200,550,1000,"bu","09:54:36",9082300
27200,550,500,"sd","09:54:37",9082800
27200,550,600,"bu","09:54:42",9083400
27250,600,11200,"bu","09:54:43",9094600
27200,550,15900,"sd","09:55:10",9110500
27250,600,2000,"sd","09:55:13",9112500
27200,550,100,"sd","09:55:18",9112600
27200,550,3100,"sd","09:55:24",9115700
27250,600,11300,"sd","09:55:25",9127000
27200,550,1600,"sd","09:55:32",9128600
27200,550,700,"bu","09:55:34",9129300
27200,550,100,"sd","09:55:46",9129400
27250,600,3000,"bu","09:55:47",9132400
27200,550,1000,"bu","09:55:48",9133400
27200,550,1500,"bu","09:55:52",9134900
27200,550,200,"sd","09:55:56",9135100
27200,550,500,"sd","09:55:59",9135600
27200,550,5000,"bu","09:56:00",9140600
27200,550,2000,"bu","09:56:02",9142600
27200,550,2900,"sd","09:56:03",9145500
27200,550,200,"sd","09:56:05",9145700
27250,600,11100,"bu","09:56:07",9156800
27200,550,200,"sd","09:56:17",9157000
27200,550,100,"sd","09:56:31",9157100
27200,550,200,"bu","09:56:31",9157300
27200,550,7500,"sd","09:56:33",9164800
27200,550,100,"bu","09:56:39",9164900
27200,550,3000,"bu","09:56:40",9167900
27200,550,800,"bu","09:56:40",9168700
27200,550,100,"sd","09:56:41",9168800
27200,550,2900,"sd","09:56:43",9171700
27200,550,7500,"bu","09:56:44",9179200
27200,550,500,"sd","09:56:47",9179700
27200,550,12400,"bu","09:56:49",9192100
27200,550,37700,"bu","09:56:50",9229800
27200,550,2000,"bu","09:56:58",9231800
27200,550,700,"sd","09:57:06",9232500
27150,500,500,"bu","09:57:08",9233000
27200,550,1000,"sd","09:57:09",9234000
27200,550,100,"bu","09:57:11",9234100
27150,500,2000,"sd","09:57:15",9236100
27150,500,15900,"sd","09:57:15",9252000
27200,550,5000,"sd","09:57:21",9257000
27200,550,300,"sd","09:57:25",9257300
27200,550,1200,"bu","09:57:27",9258500
27200,550,6200,"sd","09:57:33",9264700
27200,550,1000,"sd","09:57:41",9265700
27200,550,300,"bu","09:58:05",9266000
27150,500,1000,"sd","09:58:09",9267000
27150,500,13700,"sd","09:58:25",9280700
27150,500,100,"sd","09:58:36",9280800
27150,500,9100,"sd","09:58:46",9289900
27200,550,11400,"bu","09:58:57",9301300
27150,500,500,"sd","09:59:03",9301800
27150,500,100,"bu","09:59:07",9301900
27150,500,500,"sd","09:59:11",9302400
27150,500,1500,"bu","09:59:18",9303900
27150,500,3000,"bu","09:59:20",9306900
27200,550,13300,"bu","09:59:40",9320200
27150,500,3100,"sd","09:59:47",9323300
27150,500,2000,"bu","09:59:51",9325300
27150,500,1000,"bu","09:59:59",9326300
27150,500,2900,"bu","10:00:00",9329200
27200,550,11400,"sd","10:00:03",9340600
27200,550,6200,"sd","10:00:03",9346800
27150,500,1200,"bu","10:00:06",9348000
27200,550,1000,"sd","10:00:09",9349000
27150,500,100,"bu","10:00:15",9349100
27200,550,7500,"sd","10:00:28",9356600
27150,500,200,"sd","10:00:32",9356800
27200,550,1000,"bu","10:00:34",9357800
27200,550,5000,"bu","10:00:35",9362800
27200,550,500,"sd","10:00:41",9363300
27150,500,20500,"sd","10:00:50",9383800
27150,500,500,"sd","10:01:14",9384300
27150,500,3000,"sd","10:01:17",9387300
27200,550,3800,"sd","10:01:34",9391100
27150,500,2300,"bu","10:01:35",9393400
27150,500,5000,"bu","10:01:37",9398400
27150,500,500,"sd","10:01:42",9398900
27200,550,3200,"bu","10:01:45",9402100
27200,550,2500,"sd","10:01:53",9404600
27150,500,3000,"sd","10:01:54",9407600
27150,500,2900,"sd","10:01:58",9410500
27200,550,2600,"sd","10:02:02",9413100
27200,550,2900,"bu","10:02:12",9416000
27200,550,500,"sd","10:02:15",9416500
27200,550,90000,"sd","10:02:16",9506500
27150,500,100,"sd","10:02:18",9506600
27150,500,5000,"bu","10:02:18",9511600
27200,550,10000,"sd","10:02:22",9521600
27200,550,3200,"sd","10:02:24",9524800
27200,550,2000,"bu","10:02:29",9526800
27200,550,50900,"sd","10:02:30",9577700
27200,550,5800,"bu","10:02:33",9583500
27200,550,25000,"sd","10:02:34",9608500
27200,550,20000,"sd","10:02:35",9628500
27200,550,2000,"sd","10:02:35",9630500
27200,550,500,"bu","10:02:36",9631000
27200,550,10000,"bu","10:02:37",9641000
27200,550,5000,"sd","10:02:39",9646000
27200,550,200,"sd","10:02:41",9646200
27200,550,3900,"sd","10:02:42",9650100
27200,550,3400,"sd","10:02:43",9653500
27200,550,17500,"sd","10:02:44",9671000
27250,600,217100,"bu","10:02:45",9888100
27250,600,101900,"sd","10:02:46",9990000
27250,600,500,"bu","10:02:46",9990500
27300,650,2900,"bu","10:02:48",9993400
27250,600,500,"sd","10:02:56",9993900
27300,650,3200,"bu","10:02:58",9997100
27250,600,3000,"bu","10:03:03",10000100
27300,650,3500,"sd","10:03:11",10003600
27300,650,2600,"sd","10:03:20",10006200
27250,600,2000,"bu","10:03:21",10008200
27300,650,4000,"sd","10:03:31",10012200
27250,600,7900,"sd","10:03:36",10020100
27250,600,10000,"sd","10:03:40",10030100
27300,650,2600,"sd","10:03:41",10032700
27250,600,2800,"sd","10:03:43",10035500
27300,650,2000,"sd","10:03:45",10037500
27300,650,3200,"bu","10:03:51",10040700
27300,650,100000,"bu","10:04:00",10140700
27300,650,3900,"sd","10:04:03",10144600
27300,650,1200,"bu","10:04:11",10145800
27250,600,1000,"sd","10:04:12",10146800
27300,650,3200,"sd","10:04:14",10150000
27300,650,40000,"sd","10:04:17",10190000
27300,650,15000,"sd","10:04:20",10205000
27300,650,185300,"bu","10:04:23",10390300
27300,650,92400,"bu","10:04:26",10482700
27350,700,3500,"sd","10:04:26",10486200
27350,700,500,"bu","10:04:32",10486700
27300,650,33600,"bu","10:04:35",10520300
27350,700,1000,"bu","10:04:37",10521300
27350,700,10000,"bu","10:04:38",10531300
27350,700,3800,"bu","10:04:39",10535100
27350,700,1000,"sd","10:04:45",10536100
27350,700,2900,"bu","10:04:49",10539000
27350,700,3100,"bu","10:04:58",10542100
27350,700,300,"bu","10:05:00",10542400
27350,700,1000,"sd","10:05:03",10543400
27300,650,100,"sd","10:05:07",10543500
27350,700,20000,"bu","10:05:08",10563500
27350,700,100,"sd","10:05:10",10563600
27300,650,9400,"bu","10:05:13",10573000
27300,650,7000,"sd","10:05:15",10580000
27350,700,100,"sd","10:05:15",10580100
27300,650,1000,"bu","10:05:21",10581100
27350,700,3100,"sd","10:05:24",10584200
27300,650,100,"sd","10:05:27",10584300
27350,700,700,"bu","10:05:28",10585000
27300,650,200,"bu","10:05:32",10585200
27350,700,2900,"bu","10:05:34",10588100
27300,650,10000,"bu","10:05:36",10598100
27300,650,3500,"bu","10:05:42",10601600
27300,650,300,"bu","10:05:45",10601900
27300,650,3000,"bu","10:05:46",10604900
27350,700,4000,"bu","10:05:48",10608900
27300,650,200,"bu","10:05:51",10609100
27300,650,5000,"bu","10:05:51",10614100
27300,650,2900,"bu","10:05:54",10617000
27350,700,800,"sd","10:05:55",10617800
27350,700,3200,"sd","10:05:59",10621000
27300,650,2300,"bu","10:06:03",10623300
27300,650,100,"sd","10:06:04",10623400
27300,650,200,"bu","10:06:06",10623600
27300,650,500,"bu","10:06:08",10624100
27300,650,1100,"sd","10:06:10",10625200
27350,700,4200,"bu","10:06:13",10629400
27350,700,800,"bu","10:06:14",10630200
27300,650,1400,"bu","10:06:24",10631600
27350,700,3700,"bu","10:06:26",10635300
27300,650,128800,"sd","10:06:31",10764100
27300,650,200,"sd","10:06:33",10764300
27300,650,2800,"sd","10:06:36",10767100
27300,650,29500,"bu","10:06:37",10796600
27300,650,100,"sd","10:06:40",10796700
27300,650,500,"sd","10:06:41",10797200
27300,650,35000,"sd","10:06:42",10832200
27300,650,7100,"bu","10:06:45",10839300
27300,650,6000,"sd","10:06:46",10845300
27300,650,1200,"sd","10:06:50",10846500
27350,700,4900,"bu","10:06:52",10851400
27300,650,2000,"bu","10:06:56",10853400
27300,650,2400,"sd","10:07:05",10855800
27300,650,4800,"sd","10:07:05",10860600
27300,650,30000,"sd","10:07:07",10890600
27300,650,55400,"sd","10:07:09",10946000
27300,650,800,"sd","10:07:16",10946800
27300,650,500,"bu","10:07:30",10947300
27300,650,4100,"sd","10:07:42",10951400
27300,650,4000,"sd","10:07:55",10955400
27300,650,100,"sd","10:07:56",10955500
27250,600,2100,"sd","10:08:05",10957600
27300,650,3700,"sd","10:08:08",10961300
27300,650,300,"sd","10:08:15",10961600
27250,600,5000,"bu","10:08:16",10966600
27300,650,2000,"sd","10:08:18",10968600
27300,650,3100,"bu","10:08:19",10971700
27250,600,2000,"bu","10:08:24",10973700
27250,600,500,"sd","10:08:30",10974200
27300,650,1200,"sd","10:08:31",10975400
27250,600,6700,"sd","10:08:32",10982100
27250,600,5000,"bu","10:08:34",10987100
27300,650,500,"sd","10:08:39",10987600
27300,650,10000,"sd","10:08:40",10997600
27250,600,15000,"sd","10:08:41",11012600
27250,600,300,"bu","10:08:42",11012900
27300,650,2000,"bu","10:08:43",11014900
27300,650,3500,"sd","10:08:44",11018400
27250,600,200,"bu","10:08:45",11018600
27300,650,500,"bu","10:08:48",11019100
27300,650,2600,"bu","10:08:53",11021700
27300,650,200,"bu","10:08:55",11021900
27250,600,1000,"bu","10:08:57",11022900
27300,650,3000,"bu","10:09:04",11025900
27300,650,2000,"bu","10:09:06",11027900
27300,650,4100,"sd","10:09:18",11032000
27300,650,3200,"bu","10:09:28",11035200
27250,600,5000,"sd","10:09:38",11040200
27300,650,3200,"sd","10:09:39",11043400
27300,650,700,"sd","10:09:44",11044100
27250,600,1100,"bu","10:09:46",11045200
27250,600,2900,"sd","10:09:51",11048100
27300,650,3800,"bu","10:09:52",11051900
27300,650,3500,"sd","10:10:05",11055400
27300,650,11700,"sd","10:10:17",11067100
27300,650,5000,"sd","10:10:22",11072100
27300,650,4500,"bu","10:10:37",11076600
27250,600,3000,"sd","10:10:41",11079600
27300,650,200,"bu","10:10:42",11079800
27300,650,2900,"bu","10:10:47",11082700
27250,600,10000,"bu","10:10:51",11092700
27300,650,2900,"sd","10:10:57",11095600
27250,600,4000,"sd","10:11:03",11099600
27300,650,3100,"bu","10:11:08",11102700
27300,650,1000,"bu","10:11:12",11103700
27250,600,1200,"sd","10:11:18",11104900
27250,600,1600,"bu","10:11:19",11106500
27250,600,1500,"bu","10:11:21",11108000
27300,650,4100,"bu","10:11:22",11112100
27250,600,1900,"bu","10:11:23",11114000
27300,650,2600,"bu","10:11:31",11116600
27300,650,4100,"bu","10:11:45",11120700
27250,600,500,"sd","10:11:52",11121200
27300,650,3100,"sd","10:11:55",11124300
27300,650,1400,"sd","10:12:02",11125700
27300,650,2600,"bu","10:12:05",11128300
27300,650,1900,"bu","10:12:16",11130200
27300,650,3800,"bu","10:12:17",11134000
27300,650,100,"sd","10:12:28",11134100
27300,650,3800,"bu","10:12:30",11137900
27250,600,500,"bu","10:12:32",11138400
27250,600,1000,"bu","10:12:42",11139400
27300,650,3800,"bu","10:12:44",11143200
27250,600,10000,"bu","10:12:48",11153200
27250,600,1400,"sd","10:12:49",11154600
27300,650,3000,"bu","10:12:54",11157600
27250,600,500,"bu","10:13:02",11158100
27300,650,2700,"bu","10:13:03",11160800
27250,600,700,"sd","10:13:08",11161500
27250,600,1300,"bu","10:13:09",11162800
27300,650,3100,"bu","10:13:14",11165900
27250,600,400,"sd","10:13:19",11166300
27300,650,4100,"sd","10:13:28",11170400
27250,600,100,"bu","10:13:39",11170500
27250,600,7100,"sd","10:13:42",11177600
27250,600,500,"bu","10:13:47",11178100
27250,600,4700,"sd","10:13:47",11182800
27300,650,5400,"bu","10:13:58",11188200
27250,600,1000,"sd","10:14:02",11189200
27300,650,4000,"sd","10:14:10",11193200
27250,600,500,"sd","10:14:14",11193700
27300,650,3500,"sd","10:14:19",11197200
27300,650,3700,"bu","10:14:32",11200900
27300,650,2600,"bu","10:14:42",11203500
27300,650,50000,"sd","10:14:48",11253500
27300,650,3200,"bu","10:14:52",11256700
27300,650,380600,"bu","10:14:58",11637300
27350,700,3100,"bu","10:15:01",11640400
27300,650,100,"bu","10:15:08",11640500
27350,700,2900,"sd","10:15:11",11643400
27300,650,100,"bu","10:15:14",11643500
27300,650,2600,"bu","10:15:18",11646100
27300,650,1000,"sd","10:15:20",11647100
27350,700,3200,"bu","10:15:22",11650300
27300,650,2700,"sd","10:15:24",11653000
27300,650,200,"bu","10:15:27",11653200
27350,700,2600,"bu","10:15:31",11655800
27350,700,3500,"bu","10:15:44",11659300
27300,650,100,"sd","10:15:46",11659400
27300,650,5000,"sd","10:15:49",11664400
27300,650,15900,"sd","10:15:50",11680300
27350,700,2800,"bu","10:15:53",11683100
27300,650,300,"sd","10:15:54",11683400
27350,700,2600,"sd","10:16:02",11686000
27300,650,10500,"sd","10:16:06",11696500
27300,650,4800,"bu","10:16:16",11701300
27300,650,8800,"sd","10:16:16",11710100
27300,650,14000,"sd","10:16:24",11724100
27300,650,3900,"sd","10:16:31",11728000
27300,650,3100,"sd","10:16:32",11731100
27300,650,3000,"bu","10:16:33",11734100
27350,700,3000,"sd","10:16:35",11737100
27300,650,12400,"sd","10:16:38",11749500
27350,700,3300,"bu","10:16:46",11752800
27350,700,300,"sd","10:16:53",11753100
27300,650,3400,"sd","10:16:54",11756500
27350,700,1000,"sd","10:16:57",11757500
27300,650,1200,"sd","10:16:57",11758700
27350,700,3400,"sd","10:16:58",11762100
27300,650,500,"sd","10:17:01",11762600
27300,650,3000,"sd","10:17:05",11765600
27350,700,30000,"bu","10:17:05",11795600
27300,650,6000,"bu","10:17:16",11801600
27350,700,8200,"bu","10:17:20",11809800
27300,650,1000,"sd","10:17:21",11810800
27350,700,8300,"bu","10:17:22",11819100
27350,700,200,"bu","10:17:24",11819300
27350,700,20000,"sd","10:17:27",11839300
27350,700,2700,"bu","10:17:30",11842000
27350,700,100,"sd","10:17:32",11842100
27350,700,2000,"bu","10:17:35",11844100
27350,700,2600,"bu","10:17:38",11846700
27300,650,200,"sd","10:17:39",11846900
27300,650,4000,"bu","10:17:40",11850900
27300,650,2900,"sd","10:17:43",11853800
27300,650,30000,"bu","10:17:47",11883800
27350,700,3500,"bu","10:17:50",11887300
27300,650,250000,"bu","10:17:53",12137300
27300,650,1000,"sd","10:17:55",12138300
27300,650,2000,"bu","10:17:57",12140300
27300,650,400,"sd","10:18:05",12140700
27300,650,5000,"bu","10:18:07",12145700
27300,650,500,"bu","10:18:11",12146200
27300,650,300,"sd","10:18:16",12146500
27300,650,2000,"sd","10:18:18",12148500
27300,650,600,"sd","10:18:21",12149100
27300,650,2000,"bu","10:18:22",12151100
27300,650,5900,"sd","10:18:23",12157000
27300,650,2500,"sd","10:18:25",12159500
27300,650,1800,"sd","10:18:29",12161300
27300,650,15000,"bu","10:18:31",12176300
27300,650,100,"sd","10:18:33",12176400
27300,650,1100,"bu","10:18:34",12177500
27300,650,200,"sd","10:18:38",12177700
27300,650,1000,"sd","10:18:42",12178700
27300,650,2500,"bu","10:18:44",12181200
27300,650,1100,"bu","10:18:47",12182300
27300,650,1000,"sd","10:18:54",12183300
27300,650,600,"sd","10:18:54",12183900
27300,650,2000,"bu","10:18:56",12185900
27300,650,100,"sd","10:18:57",12186000
27300,650,33100,"sd","10:19:02",12219100
27300,650,5200,"bu","10:19:02",12224300
27300,650,1000,"sd","10:19:08",12225300
27300,650,300,"sd","10:19:10",12225600
27350,700,4700,"sd","10:19:11",12230300
27300,650,600,"bu","10:19:19",12230900
27300,650,1000,"sd","10:19:22",12231900
27300,650,3000,"bu","10:19:28",12234900
27300,650,500,"sd","10:19:31",12235400
27300,650,300,"bu","10:19:37",12235700
27300,650,2900,"sd","10:19:41",12238600
27300,650,9800,"sd","10:19:44",12248400
27300,650,1000,"sd","10:19:46",12249400
27350,700,300,"bu","10:19:47",12249700
27300,650,3000,"sd","10:19:51",12252700
27300,650,8000,"sd","10:19:56",12260700
27300,650,133500,"bu","10:19:58",12394200
27300,650,1600,"sd","10:20:01",12395800
27300,650,17700,"sd","10:20:02",12413500
27300,650,1300,"sd","10:20:04",12414800
27350,700,6100,"sd","10:20:05",12420900
27300,650,7000,"bu","10:20:07",12427900
27300,650,30000,"bu","10:20:10",12457900
27300,650,2000,"sd","10:20:11",12459900
27300,650,42300,"sd","10:20:14",12502200
27300,650,7700,"bu","10:20:20",12509900
27300,650,2900,"sd","10:20:21",12512800
27300,650,100,"sd","10:20:26",12512900
27300,650,600,"bu","10:20:27",12513500
27300,650,300,"sd","10:20:28",12513800
27350,700,4400,"bu","10:20:31",12518200
27300,650,3000,"bu","10:20:44",12521200
27300,650,6100,"bu","10:21:04",12527300
27350,700,4000,"sd","10:21:05",12531300
27300,650,100,"bu","10:21:13",12531400
27300,650,1000,"bu","10:21:16",12532400
27350,700,4000,"bu","10:21:18",12536400
27300,650,5800,"sd","10:21:21",12542200
27300,650,1000,"sd","10:21:24",12543200
27350,700,4200,"sd","10:21:33",12547400
27300,650,500,"bu","10:21:33",12547900
27300,650,3100,"bu","10:21:40",12551000
27300,650,500,"bu","10:21:43",12551500
27300,650,2000,"bu","10:21:45",12553500
27350,700,4100,"sd","10:21:46",12557600
27350,700,200,"sd","10:21:47",12557800
27300,650,600,"bu","10:21:52",12558400
27300,650,20000,"bu","10:21:58",12578400
27350,700,4200,"bu","10:22:01",12582600
27350,700,4700,"bu","10:22:17",12587300
27350,700,100,"bu","10:22:17",12587400
27300,650,500,"sd","10:22:23",12587900
27300,650,10000,"sd","10:22:24",12597900
27300,650,6200,"bu","10:22:32",12604100
27300,650,100,"sd","10:22:34",12604200
27300,650,600,"bu","10:22:42",12604800
27350,700,3900,"bu","10:22:45",12608700
27350,700,3800,"sd","10:22:47",12612500
27300,650,700,"sd","10:22:53",12613200
27350,700,400,"sd","10:22:54",12613600
27300,650,200,"bu","10:22:56",12613800
27300,650,3000,"sd","10:22:58",12616800
27350,700,4000,"bu","10:22:59",12620800
27300,650,1000,"bu","10:23:00",12621800
27300,650,5000,"bu","10:23:05",12626800
27300,650,100,"sd","10:23:07",12626900
27300,650,2000,"sd","10:23:09",12628900
27300,650,2500,"sd","10:23:11",12631400
27300,650,100,"sd","10:23:18",12631500
27350,700,7000,"bu","10:23:22",12638500
27300,650,1800,"sd","10:23:31",12640300
27300,650,1900,"bu","10:23:34",12642200
27300,650,5400,"sd","10:23:37",12647600
27300,650,10000,"bu","10:23:37",12657600
27300,650,2900,"sd","10:23:38",12660500
27300,650,1400,"bu","10:23:43",12661900
27300,650,30000,"bu","10:23:49",12691900
27300,650,7800,"bu","10:23:52",12699700
27300,650,24000,"bu","10:23:55",12723700
27300,650,100,"sd","10:23:56",12723800
27300,650,4000,"sd","10:23:57",12727800
27300,650,1000,"bu","10:23:59",12728800
27300,650,500,"bu","10:24:07",12729300
27300,650,5500,"bu","10:24:11",12734800
27300,650,30200,"bu","10:24:12",12765000
27300,650,100,"bu","10:24:15",12765100
27300,650,1000,"sd","10:24:16",12766100
27300,650,3000,"sd","10:24:17",12769100
27300,650,300,"bu","10:24:19",12769400
27300,650,500,"sd","10:24:20",12769900
27300,650,100,"sd","10:24:21",12770000
27300,650,8900,"bu","10:24:22",12778900
27300,650,100,"bu","10:24:28",12779000
27300,650,500,"sd","10:24:30",12779500
27300,650,1000,"sd","10:24:31",12780500
27300,650,600,"bu","10:24:33",12781100
27300,650,5000,"sd","10:24:34",12786100
27300,650,200,"bu","10:24:34",12786300
27300,650,3000,"sd","10:24:36",12789300
27300,650,1000,"sd","10:24:37",12790300
27300,650,1000,"sd","10:24:42",12791300
27300,650,300,"sd","10:24:46",12791600
27300,650,10000,"sd","10:24:47",12801600
27300,650,100,"bu","10:24:48",12801700
27300,650,1900,"bu","10:24:49",12803600
27300,650,600,"bu","10:24:55",12804200
27300,650,100,"sd","10:24:56",12804300
27300,650,3000,"bu","10:24:57",12807300
27300,650,10000,"sd","10:24:58",12817300
27300,650,1100,"bu","10:24:59",12818400
27300,650,100,"sd","10:25:01",12818500
27300,650,800,"bu","10:25:02",12819300
27300,650,1000,"bu","10:25:04",12820300
27300,650,200,"bu","10:25:05",12820500
27300,650,52000,"bu","10:25:07",12872500
27300,650,3800,"bu","10:25:08",12876300
27300,650,100,"sd","10:25:09",12876400
27300,650,21400,"sd","10:25:10",12897800
27300,650,1500,"sd","10:25:11",12899300
27300,650,100,"sd","10:25:12",12899400
27300,650,27300,"sd","10:25:17",12926700
27300,650,9500,"sd","10:25:19",12936200
27300,650,1000,"sd","10:25:20",12937200
27300,650,1100,"sd","10:25:25",12938300
27300,650,200,"sd","10:25:26",12938500
27300,650,500,"bu","10:25:30",12939000
27300,650,6200,"bu","10:25:36",12945200
27300,650,10600,"sd","10:25:51",12955800
27300,650,3100,"sd","10:26:00",12958900
27250,600,3000,"bu","10:26:15",12961900
27250,600,100,"bu","10:26:17",12962000
27300,650,10000,"sd","10:26:18",12972000
27300,650,4200,"bu","10:26:22",12976200
27300,650,3100,"bu","10:26:25",12979300
27300,650,5500,"sd","10:26:41",12984800
27300,650,7000,"bu","10:26:48",12991800
27300,650,400,"bu","10:26:48",12992200
27300,650,100,"sd","10:26:49",12992300
27250,600,600,"bu","10:26:51",12992900
27300,650,3800,"bu","10:26:54",12996700
27300,650,5100,"sd","10:26:59",13001800
27250,600,100,"bu","10:27:04",13001900
27300,650,5500,"sd","10:27:13",13007400
27300,650,3000,"bu","10:27:19",13010400
27300,650,3800,"bu","10:27:25",13014200
27300,650,2100,"bu","10:27:26",13016300
27300,650,900,"sd","10:27:36",13017200
27300,650,3900,"sd","10:27:39",13021100
27300,650,3000,"sd","10:27:44",13024100
27300,650,10000,"bu","10:27:45",13034100
27300,650,100,"sd","10:27:57",13034200
27300,650,5800,"bu","10:27:59",13040000
27300,650,1400,"sd","10:28:00",13041400
27300,650,500,"bu","10:28:00",13041900
27300,650,5000,"sd","10:28:07",13046900
27300,650,3800,"bu","10:28:11",13050700
27300,650,500,"sd","10:28:14",13051200
27300,650,5000,"bu","10:28:19",13056200
27250,600,2800,"sd","10:28:21",13059000
27300,650,3800,"bu","10:28:25",13062800
27300,650,200,"bu","10:28:34",13063000
27300,650,3800,"bu","10:28:38",13066800
27300,650,10000,"sd","10:28:39",13076800
27250,600,200,"sd","10:28:44",13077000
27300,650,1000,"sd","10:28:45",13078000
27300,650,500,"bu","10:28:50",13078500
27300,650,900,"bu","10:28:53",13079400
27300,650,100,"sd","10:28:56",13079500
27300,650,5500,"bu","10:28:57",13085000
27300,650,3700,"sd","10:29:10",13088700
27250,600,50000,"sd","10:29:14",13138700
27300,650,100,"sd","10:29:15",13138800
27250,600,3900,"bu","10:29:22",13142700
27300,650,1000,"sd","10:29:28",13143700
27300,650,4000,"bu","10:29:29",13147700
27300,650,3800,"sd","10:29:35",13151500
27300,650,100,"bu","10:29:37",13151600
27250,600,1300,"bu","10:29:38",13152900
27300,650,200,"sd","10:29:40",13153100
27250,600,12800,"sd","10:29:47",13165900
27250,600,500,"bu","10:29:48",13166400
27300,650,4200,"sd","10:29:50",13170600
27300,650,100,"sd","10:29:54",13170700
27250,600,500,"bu","10:29:59",13171200
27300,650,5000,"sd","10:30:05",13176200
27250,600,1000,"sd","10:30:06",13177200
27300,650,2700,"bu","10:30:07",13179900
27300,650,5400,"sd","10:30:10",13185300
27300,650,3600,"sd","10:30:10",13188900
27250,600,200,"bu","10:30:18",13189100
27300,650,2000,"sd","10:30:26",13191100
27300,650,2000,"bu","10:30:36",13193100
27250,600,1000,"bu","10:30:40",13194100
27300,650,1200,"bu","10:30:52",13195300
27300,650,500,"sd","10:30:57",13195800
27250,600,700,"bu","10:31:07",13196500
27300,650,200,"bu","10:31:10",13196700
27250,600,15900,"bu","10:31:15",13212600
27300,650,20000,"sd","10:31:18",13232600
27250,600,2000,"bu","10:31:21",13234600
27300,650,500,"sd","10:31:22",13235100
27300,650,100,"sd","10:31:51",13235200
27250,600,1100,"bu","10:32:29",13236300
27250,600,8200,"bu","10:32:30",13244500
27250,600,200,"bu","10:32:31",13244700
27300,650,1700,"sd","10:32:44",13246400
27250,600,400,"bu","10:33:02",13246800
27250,600,5600,"sd","10:33:04",13252400
27250,600,3000,"bu","10:33:19",13255400
27250,600,1000,"bu","10:33:28",13256400
27250,600,2900,"sd","10:33:29",13259300
27250,600,200,"sd","10:33:30",13259500
27250,600,500,"bu","10:33:33",13260000
27250,600,5000,"bu","10:33:37",13265000
27250,600,500,"bu","10:33:53",13265500
27250,600,600,"sd","10:33:55",13266100
27250,600,100,"sd","10:33:58",13266200
27250,600,2900,"bu","10:34:02",13269100
27250,600,5900,"bu","10:34:03",13275000
27250,600,2900,"sd","10:34:08",13277900
27300,650,1000,"bu","10:34:12",13278900
27250,600,100,"bu","10:34:17",13279000
27250,600,1000,"sd","10:34:28",13280000
27250,600,100,"sd","10:34:36",13280100
27250,600,3100,"bu","10:34:47",13283200
27250,600,500,"sd","10:34:55",13283700
27300,650,2700,"bu","10:34:56",13286400
27300,650,600,"sd","10:35:05",13287000
27250,600,1500,"bu","10:35:13",13288500
27250,600,200,"bu","10:35:22",13288700
27300,650,500,"bu","10:35:23",13289200
27300,650,1100,"sd","10:35:31",13290300
27300,650,100,"sd","10:35:44",13290400
27250,600,500,"bu","10:35:46",13290900
27300,650,200,"sd","10:35:53",13291100
27250,600,100,"sd","10:36:17",13291200
27300,650,1900,"bu","10:36:46",13293100
27300,650,600,"sd","10:36:47",13293700
27250,600,100,"sd","10:36:51",13293800
27250,600,2500,"sd","10:36:58",13296300
27250,600,1000,"sd","10:37:02",13297300
27250,600,1100,"sd","10:37:13",13298400
27250,600,1000,"sd","10:37:14",13299400
27250,600,6000,"bu","10:37:23",13305400
27250,600,1000,"sd","10:37:24",13306400
27250,600,2900,"sd","10:37:25",13309300
27250,600,10000,"bu","10:37:28",13319300
27250,600,1000,"bu","10:37:29",13320300
27250,600,3700,"bu","10:37:33",13324000
27250,600,20000,"sd","10:37:38",13344000
27250,600,256700,"sd","10:37:42",13600700
27250,600,1200,"bu","10:37:46",13601900
27250,600,10000,"bu","10:37:50",13611900
27300,650,800,"sd","10:37:52",13612700
27250,600,2000,"bu","10:37:57",13614700
27250,600,200,"sd","10:37:59",13614900
27250,600,1200,"sd","10:38:03",13616100
27250,600,2900,"sd","10:38:04",13619000
27250,600,100,"sd","10:38:08",13619100
27250,600,10000,"bu","10:38:14",13629100
27250,600,30000,"bu","10:38:22",13659100
27250,600,1100,"bu","10:38:26",13660200
27300,650,15000,"sd","10:38:27",13675200
27300,650,100,"sd","10:38:34",13675300
27250,600,10100,"sd","10:38:43",13685400
27250,600,3000,"sd","10:38:45",13688400
27300,650,1000,"bu","10:38:46",13689400
27250,600,10100,"sd","10:38:47",13699500
27250,600,69700,"bu","10:38:49",13769200
27300,650,200,"sd","10:38:50",13769400
27250,600,2200,"sd","10:38:55",13771600
27300,650,700,"bu","10:38:57",13772300
27250,600,2000,"sd","10:39:00",13774300
27250,600,1000,"sd","10:39:02",13775300
27300,650,200,"bu","10:39:07",13775500
27250,600,31000,"sd","10:39:15",13806500
27300,650,200,"sd","10:39:17",13806700
27300,650,600,"bu","10:39:37",13807300
27300,650,400,"bu","10:39:46",13807700
27250,600,700,"sd","10:40:25",13808400
27300,650,200,"sd","10:40:26",13808600
27300,650,6200,"sd","10:40:30",13814800
27300,650,100,"bu","10:40:36",13814900
27300,650,200,"bu","10:40:39",13815100
27250,600,2000,"sd","10:40:43",13817100
27300,650,200,"sd","10:40:50",13817300
27300,650,900,"sd","10:41:07",13818200
27300,650,2500,"sd","10:41:10",13820700
27250,600,32000,"sd","10:41:11",13852700
27250,600,5200,"sd","10:41:17",13857900
27300,650,200,"sd","10:41:18",13858100
27250,600,1200,"bu","10:41:32",13859300
27300,650,200,"bu","10:41:45",13859500
27250,600,2500,"bu","10:41:46",13862000
27300,650,3500,"sd","10:41:49",13865500
27250,600,100,"sd","10:41:59",13865600
27300,650,200,"bu","10:42:00",13865800
27300,650,500,"sd","10:42:02",13866300
27300,650,200,"sd","10:42:12",13866500
27250,600,2000,"sd","10:42:15",13868500
27300,650,200,"bu","10:42:26",13868700
27300,650,1100,"sd","10:42:33",13869800
27250,600,16300,"sd","10:42:34",13886100
27250,600,3200,"sd","10:42:40",13889300
27250,600,500,"sd","10:42:41",13889800
27250,600,2000,"bu","10:42:45",13891800
27250,600,3000,"sd","10:42:47",13894800
27250,600,2000,"sd","10:42:49",13896800
27300,650,200,"sd","10:42:54",13897000
27250,600,100,"sd","10:42:57",13897100
27300,650,500,"bu","10:43:07",13897600
27300,650,2000,"sd","10:43:09",13899600
27250,600,1000,"bu","10:43:15",13900600
27300,650,5000,"sd","10:43:18",13905600
27300,650,200,"sd","10:43:19",13905800
27250,600,1000,"bu","10:43:28",13906800
27250,600,50200,"sd","10:43:34",13957000
27300,650,1000,"sd","10:43:39",13958000
27300,650,200,"bu","10:43:47",13958200
27300,650,100,"bu","10:43:50",13958300
27300,650,200,"bu","10:43:59",13958500
27250,600,10100,"bu","10:44:02",13968600
27250,600,1000,"sd","10:44:10",13969600
27300,650,200,"sd","10:44:13",13969800
27250,600,21400,"bu","10:44:17",13991200
27250,600,100,"sd","10:44:18",13991300
27250,600,2000,"bu","10:44:22",13993300
27250,600,1000,"bu","10:44:23",13994300
27300,650,200,"bu","10:44:25",13994500
27300,650,100,"sd","10:44:30",13994600
27250,600,1400,"sd","10:44:33",13996000
27250,600,200,"sd","10:44:37",13996200
27250,600,43000,"sd","10:44:38",14039200
27300,650,200,"sd","10:44:40",14039400
27300,650,2000,"bu","10:44:41",14041400
27300,650,200,"bu","10:44:56",14041600
27250,600,100,"bu","10:45:04",14041700
27250,600,5000,"sd","10:45:10",14046700
27300,650,200,"bu","10:45:13",14046900
27250,600,4200,"sd","10:45:22",14051100
27250,600,100,"sd","10:45:27",14051200
27250,600,700,"bu","10:45:38",14051900
27250,600,6000,"bu","10:45:39",14057900
27300,650,200,"sd","10:45:52",14058100
27300,650,100,"bu","10:46:01",14058200
27250,600,15000,"bu","10:46:03",14073200
27300,650,2200,"sd","10:46:04",14075400
27250,600,3000,"sd","10:46:06",14078400
27250,600,200,"bu","10:46:14",14078600
27250,600,1200,"bu","10:46:22",14079800
27300,650,1200,"sd","10:46:31",14081000
27250,600,500,"bu","10:46:32",14081500
27300,650,13600,"bu","10:46:36",14095100
27250,600,100,"sd","10:46:37",14095200
27300,650,200,"bu","10:46:48",14095400
27250,600,1300,"bu","10:46:53",14096700
27300,650,10600,"bu","10:46:57",14107300
27250,600,200,"bu","10:46:59",14107500
27300,650,300,"bu","10:47:05",14107800
27300,650,1000,"sd","10:47:14",14108800
27300,650,200,"bu","10:47:15",14109000
27250,600,1000,"bu","10:47:21",14110000
27300,650,10600,"sd","10:47:22",14120600
27300,650,1500,"bu","10:47:29",14122100
27300,650,5200,"bu","10:47:46",14127300
27300,650,100,"sd","10:47:50",14127400
27300,650,3000,"bu","10:47:56",14130400
27300,650,200,"sd","10:48:02",14130600
27250,600,2500,"bu","10:48:08",14133100
27250,600,5000,"sd","10:48:12",14138100
27300,650,100,"bu","10:48:18",14138200
27300,650,200,"bu","10:48:19",14138400
27250,600,6000,"sd","10:48:21",14144400
27300,650,100,"sd","10:48:30",14144500
27300,650,200,"sd","10:48:37",14144700
27250,600,300,"bu","10:48:49",14145000
27300,650,200,"sd","10:48:52",14145200
27300,650,10000,"sd","10:48:57",14155200
27300,650,200,"sd","10:49:09",14155400
27250,600,1000,"bu","10:49:11",14156400
27250,600,2900,"bu","10:49:14",14159300
27250,600,500,"bu","10:49:19",14159800
27300,650,200,"bu","10:49:23",14160000
27300,650,100,"bu","10:49:24",14160100
27300,650,600,"bu","10:49:28",14160700
27300,650,200,"bu","10:49:37",14160900
27300,650,2000,"bu","10:49:42",14162900
27250,600,100,"bu","10:49:43",14163000
27250,600,2900,"sd","10:49:53",14165900
27300,650,200,"bu","10:49:54",14166100
27300,650,100,"sd","10:49:56",14166200
27250,600,500,"sd","10:50:13",14166700
27250,600,5800,"sd","10:50:15",14172500
27250,600,3000,"bu","10:50:16",14175500
27300,650,200,"sd","10:50:24",14175700
27250,600,2000,"sd","10:50:26",14177700
27250,600,3000,"sd","10:50:33",14180700
27250,600,500,"bu","10:50:35",14181200
27250,600,5000,"sd","10:50:36",14186200
27300,650,200,"bu","10:50:39",14186400
27300,650,800,"bu","10:50:48",14187200
27300,650,100,"bu","10:50:49",14187300
27300,650,200,"bu","10:50:54",14187500
27300,650,1100,"bu","10:51:23",14188600
27300,650,200,"bu","10:51:32",14188800
27300,650,6800,"sd","10:51:39",14195600
27250,600,1300,"sd","10:51:42",14196900
27250,600,2900,"sd","10:51:52",14199800
27250,600,2000,"bu","10:51:59",14201800
27300,650,200,"sd","10:52:01",14202000
27300,650,2000,"bu","10:52:08",14204000
27300,650,100,"sd","10:52:12",14204100
27300,650,200,"bu","10:52:16",14204300
27300,650,100,"sd","10:52:17",14204400
27300,650,200,"sd","10:52:22",14204600
27300,650,1000,"sd","10:52:25",14205600
27300,650,1200,"bu","10:52:30",14206800
27250,600,500,"sd","10:52:42",14207300
27300,650,200,"bu","10:52:46",14207500
27250,600,1600,"sd","10:53:12",14209100
27300,650,200,"bu","10:53:20",14209300
27250,600,100,"sd","10:53:24",14209400
27250,600,5000,"sd","10:53:26",14214400
27300,650,100,"sd","10:53:28",14214500
27250,600,5000,"sd","10:53:30",14219500
27250,600,1000,"bu","10:53:31",14220500
27300,650,200,"sd","10:53:34",14220700
27250,600,5000,"sd","10:53:44",14225700
27250,600,50000,"bu","10:53:46",14275700
27250,600,1000,"bu","10:53:49",14276700
27250,600,4900,"bu","10:53:51",14281600
27300,650,200,"sd","10:53:52",14281800
27250,600,3500,"bu","10:54:09",14285300
27300,650,2500,"bu","10:54:12",14287800
27300,650,100,"bu","10:54:14",14287900
27250,600,6000,"bu","10:54:16",14293900
27300,650,200,"bu","10:54:25",14294100
27300,650,1000,"bu","10:54:26",14295100
27250,600,300,"bu","10:54:28",14295400
27250,600,3000,"bu","10:54:29",14298400
27300,650,200,"sd","10:54:41",14298600
27250,600,1000,"sd","10:54:43",14299600
27250,600,1200,"sd","10:54:46",14300800
27250,600,1000,"sd","10:54:50",14301800
27300,650,200,"bu","10:54:54",14302000
27250,600,600000,"bu","10:54:55",14902000
27250,600,10000,"sd","10:54:58",14912000
27250,600,21100,"sd","10:55:01",14933100
27250,600,32000,"sd","10:55:04",14965100
27250,600,5000,"bu","10:55:05",14970100
27250,600,29900,"sd","10:55:06",15000000
27250,600,100,"bu","10:55:07",15000100
27250,600,400,"bu","10:55:09",15000500
27250,600,200,"bu","10:55:11",15000700
27250,600,100,"sd","10:55:12",15000800
27250,600,5700,"bu","10:55:35",15006500
27250,600,200,"bu","10:55:40",15006700
27250,600,1000,"bu","10:55:52",15007700
27250,600,1200,"sd","10:55:56",15008900
27200,550,1000,"bu","10:56:00",15009900
27250,600,1700,"sd","10:56:10",15011600
27250,600,100,"bu","10:56:21",15011700
27200,550,11700,"sd","10:56:25",15023400
27200,550,38200,"bu","10:56:27",15061600
27200,550,17500,"sd","10:56:28",15079100
27200,550,2000,"sd","10:56:58",15081100
27200,550,300,"sd","10:56:59",15081400
27200,550,5000,"sd","10:57:04",15086400
27200,550,2900,"sd","10:57:08",15089300
27200,550,300,"bu","10:57:18",15089600
27250,600,200,"sd","10:57:21",15089800
27200,550,8100,"sd","10:57:40",15097900
27200,550,2900,"sd","10:57:47",15100800
27200,550,100,"bu","10:57:54",15100900
27250,600,300,"sd","10:57:57",15101200
27200,550,2000,"bu","10:57:59",15103200
27200,550,1000,"sd","10:58:03",15104200
27200,550,3000,"bu","10:58:14",15107200
27200,550,13000,"sd","10:58:19",15120200
27250,600,4000,"sd","10:58:26",15124200
27250,600,300,"sd","10:58:38",15124500
27250,600,29200,"bu","10:59:11",15153700
27250,600,100,"sd","10:59:12",15153800
27250,600,500,"bu","10:59:13",15154300
27200,550,200,"bu","10:59:18",15154500
27250,600,10900,"sd","10:59:24",15165400
27250,600,1000,"sd","10:59:44",15166400
27200,550,600,"sd","10:59:52",15167000
27250,600,500,"sd","10:59:53",15167500
27250,600,100,"sd","11:00:04",15167600
27200,550,3600,"bu","11:00:14",15171200
27200,550,300000,"sd","11:00:15",15471200
27250,600,9000,"bu","11:00:21",15480200
27250,600,400,"sd","11:00:32",15480600
27250,600,1000,"sd","11:00:43",15481600
27250,600,100,"bu","11:01:03",15481700
27200,550,1000,"sd","11:01:19",15482700
27200,550,20000,"sd","11:01:24",15502700
27200,550,100,"bu","11:01:31",15502800
27200,550,2900,"sd","11:01:42",15505700
27200,550,200,"sd","11:01:45",15505900
27200,550,5000,"bu","11:01:50",15510900
27200,550,1000,"sd","11:01:58",15511900
27200,550,300000,"bu","11:01:59",15811900
27200,550,1000,"sd","11:02:13",15812900
27250,600,5100,"sd","11:02:17",15818000
27200,550,3000,"sd","11:02:21",15821000
27250,600,500,"sd","11:02:22",15821500
27200,550,13000,"bu","11:02:23",15834500
27200,550,2000,"bu","11:02:30",15836500
27200,550,300,"sd","11:02:33",15836800
27200,550,400,"bu","11:02:36",15837200
27200,550,1000,"bu","11:02:39",15838200
27200,550,1300,"bu","11:02:42",15839500
27200,550,10000,"sd","11:02:46",15849500
27200,550,260000,"bu","11:02:48",16109500
27200,550,2000,"bu","11:02:49",16111500
27200,550,300,"sd","11:02:51",16111800
27200,550,5000,"bu","11:02:52",16116800
27200,550,3700,"sd","11:02:53",16120500
27200,550,16200,"sd","11:02:54",16136700
27200,550,1000,"sd","11:02:57",16137700
27200,550,34200,"bu","11:03:02",16171900
27250,600,800,"bu","11:03:02",16172700
27200,550,5000,"sd","11:03:04",16177700
27200,550,15000,"sd","11:03:05",16192700
27200,550,10000,"sd","11:03:08",16202700
27200,550,7000,"bu","11:03:11",16209700
27250,600,3500,"sd","11:03:15",16213200
27200,550,2200,"sd","11:03:18",16215400
27200,550,12000,"bu","11:03:18",16227400
27250,600,500,"sd","11:03:26",16227900
27250,600,1200,"sd","11:03:28",16229100
27200,550,1200,"sd","11:03:38",16230300
27200,550,2900,"bu","11:03:42",16233200
27200,550,50000,"sd","11:03:43",16283200
27200,550,20000,"sd","11:03:44",16303200
27200,550,200,"sd","11:03:46",16303400
27200,550,300,"bu","11:03:47",16303700
27200,550,200,"bu","11:03:50",16303900
27200,550,20000,"bu","11:03:52",16323900
27200,550,250000,"sd","11:03:53",16573900
27200,550,3100,"sd","11:03:54",16577000
27200,550,10000,"bu","11:03:56",16587000
27200,550,4000,"bu","11:03:57",16591000
27200,550,35000,"bu","11:03:58",16626000
27200,550,11900,"sd","11:04:03",16637900
27200,550,1000,"sd","11:04:05",16638900
27200,550,127100,"sd","11:04:06",16766000
27200,550,100,"sd","11:04:08",16766100
27200,550,1000,"bu","11:04:12",16767100
27200,550,2000,"sd","11:04:22",16769100
27200,550,500,"bu","11:04:23",16769600
27200,550,27800,"bu","11:04:51",16797400
27200,550,5000,"bu","11:04:53",16802400
27200,550,100,"bu","11:04:56",16802500
27200,550,10100,"sd","11:05:11",16812600
27200,550,100,"sd","11:05:26",16812700
27200,550,2000,"sd","11:05:37",16814700
27200,550,10000,"sd","11:05:40",16824700
27200,550,100,"bu","11:05:55",16824800
27200,550,20000,"sd","11:06:01",16844800
27150,500,400,"sd","11:06:13",16845200
27150,500,3000,"sd","11:06:18",16848200
27200,550,200000,"bu","11:06:22",17048200
27200,550,500,"sd","11:06:40",17048700
27200,550,200,"sd","11:06:49",17048900
27200,550,100,"bu","11:06:53",17049000
27150,500,5000,"sd","11:07:35",17054000
27150,500,2900,"sd","11:07:37",17056900
27150,500,500,"bu","11:07:50",17057400
27150,500,1200,"sd","11:08:01",17058600
27150,500,500,"bu","11:08:11",17059100
27150,500,300,"sd","11:08:16",17059400
27150,500,2800,"bu","11:08:17",17062200
27200,550,100,"bu","11:08:24",17062300
27200,550,500,"sd","11:08:31",17062800
27200,550,100,"bu","11:08:33",17062900
27200,550,1300,"bu","11:08:59",17064200
27200,550,100,"bu","11:09:17",17064300
27200,550,10000,"sd","11:09:19",17074300
27200,550,5000,"bu","11:09:27",17079300
27200,550,3000,"bu","11:09:30",17082300
27150,500,25000,"bu","11:09:31",17107300
27150,500,2900,"bu","11:09:35",17110200
27150,500,1000,"sd","11:09:48",17111200
27150,500,12000,"bu","11:09:58",17123200
27200,550,200,"bu","11:10:03",17123400
27200,550,10600,"sd","11:10:07",17134000
27200,550,200,"bu","11:10:15",17134200
27200,550,20000,"bu","11:10:25",17154200
27200,550,300,"sd","11:10:35",17154500
27200,550,100,"bu","11:10:37",17154600
27150,500,50100,"bu","11:10:53",17204700
27150,500,2900,"sd","11:10:54",17207600
27150,500,300,"bu","11:11:14",17207900
27150,500,2900,"sd","11:11:33",17210800
27150,500,200,"sd","11:11:43",17211000
27150,500,100,"sd","11:11:50",17211100
27150,500,500,"bu","11:12:07",17211600
27200,550,100,"sd","11:12:10",17211700
27200,550,300,"sd","11:12:44",17212000
27200,550,1100,"bu","11:12:45",17213100
27200,550,200,"sd","11:13:10",17213300
27150,500,1300,"bu","11:13:16",17214600
27200,550,500,"sd","11:13:22",17215100
27150,500,11700,"sd","11:13:36",17226800
27150,500,7000,"sd","11:13:46",17233800
27150,500,16100,"sd","11:13:47",17249900
27150,500,1500,"sd","11:13:54",17251400
27150,500,100,"bu","11:13:58",17251500
27150,500,208200,"sd","11:14:01",17459700
27150,500,28800,"bu","11:14:02",17488500
27150,500,400,"sd","11:14:03",17488900
27150,500,3000,"bu","11:14:04",17491900
27150,500,100,"bu","11:14:06",17492000
27150,500,1000,"sd","11:14:07",17493000
27150,500,64200,"sd","11:14:12",17557200
27150,500,5000,"sd","11:14:13",17562200
27150,500,100,"sd","11:14:24",17562300
27150,500,20000,"bu","11:14:26",17582300
27150,500,21300,"sd","11:14:31",17603600
27150,500,6000,"sd","11:14:32",17609600
27150,500,2000,"sd","11:14:41",17611600
27150,500,3000,"bu","11:14:50",17614600
27200,550,3100,"sd","11:14:53",17617700
27150,500,700,"sd","11:15:02",17618400
27150,500,14600,"sd","11:15:06",17633000
27150,500,500,"bu","11:15:15",17633500
27150,500,1000,"sd","11:15:17",17634500
27150,500,2000,"sd","11:15:25",17636500
27150,500,7000,"sd","11:15:28",17643500
27150,500,2900,"sd","11:15:31",17646400
27150,500,2000,"sd","11:15:43",17648400
27150,500,20000,"bu","11:15:47",17668400
27150,500,2000,"bu","11:15:54",17670400
27200,550,100,"bu","11:16:03",17670500
27150,500,5000,"bu","11:16:06",17675500
27150,500,2900,"bu","11:16:09",17678400
27150,500,3000,"bu","11:16:10",17681400
27150,500,200,"sd","11:16:18",17681600
27150,500,100,"sd","11:16:22",17681700
27150,500,500,"sd","11:16:27",17682200
27150,500,1000,"bu","11:16:27",17683200
27150,500,1400,"sd","11:16:30",17684600
27150,500,1000,"sd","11:16:33",17685600
27150,500,10500,"sd","11:16:34",17696100
27150,500,1500,"bu","11:16:37",17697600
27150,500,8700,"bu","11:16:38",17706300
27200,550,100,"bu","11:16:41",17706400
27150,500,10000,"bu","11:16:52",17716400
27150,500,100,"sd","11:17:02",17716500
27150,500,500,"bu","11:17:13",17717000
27150,500,300,"bu","11:17:17",17717300
27150,500,15900,"sd","11:17:23",17733200
27200,550,100,"bu","11:17:27",17733300
27150,500,700,"sd","11:17:43",17734000
27150,500,100,"bu","11:18:02",17734100
27150,500,3000,"bu","11:18:08",17737100
27150,500,1000,"bu","11:18:10",17738100
27150,500,3200,"bu","11:18:15",17741300
27150,500,400,"sd","11:18:22",17741700
27150,500,3000,"bu","11:18:25",17744700
27150,500,6300,"sd","11:18:34",17751000
27150,500,10100,"bu","11:19:23",17761100
27150,500,4000,"bu","11:19:26",17765100
27150,500,1000,"bu","11:19:31",17766100
27150,500,100,"sd","11:19:32",17766200
27100,450,15200,"sd","11:19:45",17781400
27150,500,3500,"sd","11:19:59",17784900
27150,500,100,"bu","11:20:16",17785000
27150,500,1200,"sd","11:20:35",17786200
27150,500,100,"bu","11:20:39",17786300
27150,500,1000,"sd","11:21:33",17787300
27150,500,500,"sd","11:21:41",17787800
27150,500,100,"sd","11:22:27",17787900
27150,500,300,"bu","11:22:55",17788200
27150,500,1000,"bu","11:22:58",17789200
27150,500,100,"sd","11:23:14",17789300
27100,450,10300,"bu","11:23:56",17799600
27100,450,2900,"bu","11:24:03",17802500
27100,450,100,"bu","11:24:07",17802600
27100,450,300,"bu","11:24:19",17802900
27100,450,12400,"bu","11:24:29",17815300
27100,450,6900,"bu","11:24:35",17822200
27100,450,20000,"bu","11:24:39",17842200
27100,450,9800,"sd","11:24:41",17852000
27100,450,5400,"sd","11:24:42",17857400
27100,450,3000,"bu","11:24:43",17860400
27100,450,17600,"sd","11:24:47",17878000
27100,450,13400,"bu","11:24:53",17891400
27100,450,15900,"bu","11:24:55",17907300
27100,450,100,"sd","11:25:05",17907400
27100,450,15000,"bu","11:25:11",17922400
27100,450,15900,"sd","11:25:16",17938300
27100,450,600,"bu","11:25:19",17938900
27150,500,1000,"bu","11:25:20",17939900
27150,500,100,"bu","11:25:23",17940000
27100,450,5000,"sd","11:25:26",17945000
27100,450,200,"bu","11:25:29",17945200
27100,450,2000,"sd","11:25:32",17947200
27100,450,20000,"sd","11:25:33",17967200
27100,450,200,"bu","11:25:37",17967400
27100,450,2100,"bu","11:25:40",17969500
27100,450,1600,"sd","11:25:43",17971100
27100,450,300,"bu","11:25:44",17971400
27100,450,10000,"bu","11:25:47",17981400
27100,450,1000,"sd","11:25:48",17982400
27100,450,10000,"bu","11:25:52",17992400
27100,450,5000,"sd","11:25:53",17997400
27100,450,100,"sd","11:25:54",17997500
27050,400,6500,"sd","11:26:02",18004000
27100,450,100,"bu","11:26:03",18004100
27050,400,15900,"bu","11:26:07",18020000
27100,450,100,"sd","11:26:10",18020100
27100,450,6100,"sd","11:26:31",18026200
27100,450,16900,"sd","11:26:35",18043100
27100,450,13000,"bu","11:26:40",18056100
27100,450,100,"bu","11:26:48",18056200
27100,450,2000,"sd","11:26:53",18058200
27100,450,500,"sd","11:26:58",18058700
27100,450,200,"sd","11:27:05",18058900
27100,450,5000,"bu","11:27:06",18063900
27100,450,1000,"bu","11:27:07",18064900
27100,450,18000,"sd","11:27:11",18082900
27050,400,15200,"bu","11:27:20",18098100
27100,450,5000,"bu","11:27:24",18103100
27050,400,1000,"sd","11:27:38",18104100
27050,400,8000,"sd","11:27:40",18112100
27100,450,4500,"bu","11:28:08",18116600
27050,400,2100,"sd","11:28:10",18118700
27100,450,300,"sd","11:28:13",18119000
27100,450,100,"sd","11:28:18",18119100
27100,450,10000,"sd","11:28:24",18129100
27050,400,5000,"sd","11:28:41",18134100
27100,450,2700,"sd","11:28:53",18136800
27050,400,5000,"sd","11:29:03",18141800
27050,400,5000,"sd","11:29:06",18146800
27100,450,300,"bu","11:29:07",18147100
27100,450,22000,"bu","11:29:14",18169100
27100,450,10100,"bu","11:29:17",18179200
27100,450,1000,"bu","11:29:22",18180200
27050,400,11000,"bu","11:29:33",18191200
27050,400,10100,"sd","11:29:45",18201300
27050,400,6000,"sd","11:29:51",18207300
27050,400,2900,"sd","11:29:57",18210200
27050,400,10000,"bu","11:29:59",18220200
27050,400,600,"sd","13:00:29",18220800
27050,400,1000,"bu","13:00:31",18221800
27050,400,300,"bu","13:00:31",18222100
27100,450,70600,"bu","13:00:33",18292700
27050,400,76700,"sd","13:00:35",18369400
27000,350,102700,"sd","13:00:36",18472100
27000,350,130700,"sd","13:00:36",18602800
27050,400,2000,"sd","13:00:38",18604800
27000,350,200,"bu","13:00:39",18605000
27000,350,200,"bu","13:00:43",18605200
27050,400,100,"sd","13:00:43",18605300
27050,400,53300,"sd","13:00:51",18658600
27050,400,100,"bu","13:00:52",18658700
27000,350,10100,"sd","13:00:56",18668800
27000,350,44900,"sd","13:00:57",18713700
27000,350,500,"sd","13:00:59",18714200
27000,350,1000,"bu","13:01:00",18715200
27000,350,2000,"bu","13:01:02",18717200
27000,350,16000,"sd","13:01:03",18733200
27000,350,1100,"sd","13:01:04",18734300
27050,400,6700,"bu","13:01:05",18741000
27050,400,3000,"sd","13:01:06",18744000
27000,350,19200,"bu","13:01:07",18763200
27050,400,3700,"sd","13:01:09",18766900
27050,400,1000,"sd","13:01:10",18767900
27050,400,3000,"sd","13:01:11",18770900
27050,400,1900,"bu","13:01:12",18772800
27000,350,8100,"sd","13:01:17",18780900
27000,350,11000,"bu","13:01:25",18791900
27000,350,2500,"sd","13:01:27",18794400
27000,350,5000,"bu","13:01:28",18799400
27000,350,3400,"sd","13:01:30",18802800
27000,350,3600,"bu","13:01:31",18806400
27000,350,7000,"sd","13:01:33",18813400
27000,350,48600,"bu","13:01:36",18862000
27000,350,60300,"sd","13:01:37",18922300
27000,350,7800,"bu","13:01:38",18930100
27000,350,1900,"sd","13:01:39",18932000
27050,400,99900,"bu","13:01:40",19031900
27000,350,4000,"bu","13:01:45",19035900
27050,400,2100,"bu","13:01:48",19038000
27000,350,1500,"sd","13:01:50",19039500
27000,350,2900,"sd","13:01:55",19042400
27050,400,3100,"sd","13:02:02",19045500
27050,400,10100,"bu","13:02:09",19055600
27050,400,100,"bu","13:02:11",19055700
27000,350,400,"bu","13:02:12",19056100
27050,400,1000,"sd","13:02:26",19057100
27050,400,13400,"sd","13:02:27",19070500
27050,400,1000,"sd","13:02:29",19071500
27050,400,3000,"sd","13:02:36",19074500
27050,400,8300,"sd","13:02:37",19082800
27050,400,2000,"sd","13:02:41",19084800
27050,400,1000,"bu","13:02:43",19085800
27050,400,2000,"bu","13:02:54",19087800
27050,400,2500,"bu","13:02:59",19090300
27050,400,3000,"bu","13:03:06",19093300
27050,400,3900,"bu","13:03:14",19097200
27050,400,100,"bu","13:03:16",19097300
27050,400,300,"bu","13:03:27",19097600
27050,400,600,"bu","13:03:29",19098200
27050,400,3000,"bu","13:03:46",19101200
27050,400,1000,"sd","13:03:49",19102200
27050,400,4400,"bu","13:03:54",19106600
27050,400,100,"bu","13:03:55",19106700
27050,400,800,"sd","13:03:56",19107500
27050,400,3000,"sd","13:04:01",19110500
27050,400,10000,"sd","13:04:05",19120500
27050,400,500,"bu","13:04:13",19121000
27050,400,25500,"sd","13:04:25",19146500
27050,400,3600,"bu","13:04:33",19150100
27050,400,5000,"sd","13:04:34",19155100
27050,400,2000,"sd","13:04:38",19157100
27050,400,1000,"sd","13:04:41",19158100
27050,400,500,"sd","13:04:42",19158600
27100,450,10000,"bu","13:04:43",19168600
27050,400,1900,"sd","13:04:48",19170500
27100,450,1000,"bu","13:04:53",19171500
27100,450,100,"sd","13:05:07",19171600
27050,400,51000,"bu","13:05:09",19222600
27050,400,2900,"bu","13:05:12",19225500
27100,450,10000,"sd","13:05:17",19235500
27100,450,3000,"sd","13:05:23",19238500
27100,450,100,"sd","13:05:26",19238600
27050,400,2000,"sd","13:05:28",19240600
27100,450,1000,"bu","13:05:30",19241600
27100,450,6000,"sd","13:05:40",19247600
27100,450,10000,"sd","13:05:43",19257600
27100,450,2000,"bu","13:05:47",19259600
27100,450,26300,"bu","13:05:48",19285900
27100,450,400,"bu","13:05:55",19286300
27100,450,1100,"sd","13:06:01",19287400
27100,450,100,"bu","13:06:05",19287500
27100,450,6300,"sd","13:06:06",19293800
27100,450,300,"bu","13:06:16",19294100
27050,400,12000,"bu","13:06:20",19306100
27100,450,5300,"sd","13:06:21",19311400
27100,450,500,"bu","13:06:23",19311900
27100,450,10000,"bu","13:06:29",19321900
27100,450,100,"bu","13:06:37",19322000
27100,450,1400,"bu","13:06:38",19323400
27100,450,100,"sd","13:06:50",19323500
27100,450,300,"bu","13:06:54",19323800
27100,450,100,"sd","13:07:03",19323900
27100,450,500,"sd","13:07:09",19324400
27100,450,3200,"bu","13:07:10",19327600
27100,450,1000,"bu","13:07:17",19328600
27100,450,400,"sd","13:07:18",19329000
27050,400,500,"bu","13:07:19",19329500
27100,450,100,"bu","13:07:21",19329600
27050,400,3100,"bu","13:07:29",19332700
27100,450,100,"bu","13:07:35",19332800
27100,450,6400,"sd","13:07:39",19339200
27100,450,200,"sd","13:07:42",19339400
27100,450,5600,"bu","13:07:43",19345000
27100,450,100,"sd","13:07:49",19345100
27050,400,600,"bu","13:07:57",19345700
27100,450,2000,"bu","13:07:58",19347700
27100,450,100,"sd","13:08:01",19347800
27050,400,600,"sd","13:08:07",19348400
27050,400,2000,"bu","13:08:09",19350400
27050,400,1500,"bu","13:08:15",19351900
27100,450,200,"bu","13:08:25",19352100
27050,400,1000,"bu","13:08:28",19353100
27050,400,3000,"bu","13:08:29",19356100
27050,400,100,"bu","13:08:50",19356200
27050,400,5100,"sd","13:09:00",19361300
27050,400,1100,"sd","13:09:04",19362400
27050,400,1400,"bu","13:09:06",19363800
27050,400,2900,"bu","13:09:09",19366700
27050,400,500,"bu","13:09:12",19367200
27100,450,1100,"sd","13:09:35",19368300
27100,450,1200,"sd","13:09:41",19369500
27050,400,4500,"bu","13:09:43",19374000
27100,450,600,"bu","13:09:45",19374600
27050,400,500,"sd","13:09:53",19375100
27100,450,9800,"sd","13:09:59",19384900
27050,400,900,"bu","13:10:21",19385800
27050,400,400,"bu","13:10:22",19386200
27100,450,4000,"bu","13:10:24",19390200
27100,450,300,"bu","13:10:27",19390500
27100,450,100,"sd","13:10:37",19390600
27050,400,400,"bu","13:10:42",19391000
27050,400,800,"sd","13:10:50",19391800
27050,400,3000,"sd","13:11:07",19394800
27100,450,5000,"sd","13:11:10",19399800
27100,450,300,"bu","13:11:18",19400100
27100,450,6100,"sd","13:11:28",19406200
27100,450,4800,"sd","13:11:32",19411000
27100,450,500,"bu","13:11:49",19411500
27100,450,100,"sd","13:11:56",19411600
27100,450,5000,"sd","13:12:00",19416600
27100,450,114200,"bu","13:12:01",19530800
27100,450,10100,"sd","13:12:03",19540900
27100,450,5000,"sd","13:12:04",19545900
27100,450,100,"bu","13:12:05",19546000
27100,450,30700,"bu","13:12:07",19576700
27100,450,1900,"sd","13:12:08",19578600
27100,450,15400,"sd","13:12:10",19594000
27150,500,13400,"bu","13:12:24",19607400
27100,450,100,"bu","13:12:39",19607500
27100,450,1500,"bu","13:12:47",19609000
27150,500,3300,"sd","13:12:52",19612300
27100,450,52000,"sd","13:12:53",19664300
27150,500,100,"bu","13:12:55",19664400
27150,500,81100,"bu","13:13:00",19745500
27150,500,2100,"bu","13:13:02",19747600
27150,500,18600,"sd","13:13:05",19766200
27150,500,5800,"sd","13:13:10",19772000
27150,500,200,"bu","13:13:13",19772200
27150,500,1000,"bu","13:13:14",19773200
27150,500,2000,"bu","13:13:18",19775200
27150,500,15900,"sd","13:13:20",19791100
27150,500,200,"bu","13:13:22",19791300
27150,500,100,"bu","13:13:27",19791400
27150,500,5200,"sd","13:13:28",19796600
27150,500,2000,"bu","13:13:32",19798600
27150,500,1000,"sd","13:13:37",19799600
27150,500,2000,"bu","13:13:40",19801600
27150,500,700,"bu","13:13:43",19802300
27150,500,2900,"bu","13:13:44",19805200
27150,500,4000,"sd","13:13:46",19809200
27150,500,9000,"bu","13:13:51",19818200
27150,500,1000,"sd","13:13:53",19819200
27150,500,100,"bu","13:13:55",19819300
27150,500,33500,"bu","13:13:57",19852800
27150,500,5000,"bu","13:14:00",19857800
27150,500,9100,"bu","13:14:04",19866900
27100,450,100,"sd","13:14:08",19867000
27100,450,200,"bu","13:14:09",19867200
27100,450,3000,"bu","13:14:25",19870200
27100,450,100,"sd","13:14:26",19870300
27150,500,3100,"sd","13:14:48",19873400
27150,500,200,"sd","13:14:50",19873600
27100,450,3000,"bu","13:14:52",19876600
27100,450,1000,"bu","13:14:53",19877600
27150,500,1500,"bu","13:15:00",19879100
27150,500,100000,"bu","13:15:10",19979100
27150,500,100,"sd","13:15:16",19979200
27150,500,14000,"sd","13:15:23",19993200
27150,500,500,"bu","13:15:27",19993700
27150,500,200,"bu","13:15:28",19993900
27150,500,2000,"sd","13:15:36",19995900
27150,500,5500,"bu","13:15:40",20001400
27150,500,1000,"sd","13:15:43",20002400
27150,500,2100,"sd","13:15:46",20004500
27150,500,2100,"bu","13:15:50",20006600
27150,500,35300,"sd","13:15:54",20041900
27150,500,200,"bu","13:15:58",20042100
27150,500,10000,"sd","13:15:59",20052100
27150,500,1000,"sd","13:16:03",20053100
27150,500,1300,"sd","13:16:06",20054400
27150,500,300,"sd","13:16:11",20054700
27150,500,500,"sd","13:16:12",20055200
27150,500,3600,"sd","13:16:19",20058800
27150,500,3000,"sd","13:16:23",20061800
27150,500,2000,"sd","13:16:27",20063800
27150,500,1000,"sd","13:16:29",20064800
27150,500,1300,"sd","13:16:32",20066100
27150,500,300,"bu","13:16:35",20066400
27150,500,500,"bu","13:16:37",20066900
27150,500,2500,"sd","13:16:41",20069400
27150,500,2000,"sd","13:16:49",20071400
27150,500,6000,"sd","13:16:50",20077400
27150,500,23000,"sd","13:16:54",20100400
27150,500,3100,"bu","13:16:57",20103500
27150,500,900,"sd","13:16:59",20104400
27150,500,5000,"sd","13:17:00",20109400
27150,500,2900,"sd","13:17:01",20112300
27150,500,11600,"sd","13:17:05",20123900
27150,500,1000,"bu","13:17:07",20124900
27150,500,500,"bu","13:17:08",20125400
27150,500,3000,"sd","13:17:12",20128400
27150,500,3500,"bu","13:17:16",20131900
27150,500,100,"bu","13:17:21",20132000
27150,500,10300,"sd","13:17:32",20142300
27150,500,5000,"bu","13:17:43",20147300
27150,500,100,"bu","13:17:47",20147400
27150,500,24900,"sd","13:18:06",20172300
27150,500,100,"bu","13:18:43",20172400
27150,500,500,"sd","13:19:14",20172900
27150,500,100,"sd","13:19:17",20173000
27150,500,3500,"bu","13:19:25",20176500
27100,450,20000,"bu","13:19:32",20196500
27100,450,100,"sd","13:19:37",20196600
27100,450,3300,"bu","13:19:39",20199900
27100,450,200,"sd","13:19:42",20200100
27100,450,4000,"bu","13:19:48",20204100
27100,450,500,"bu","13:19:50",20204600
27100,450,1000,"sd","13:19:51",20205600
27100,450,11000,"sd","13:19:55",20216600
27100,450,300,"bu","13:19:57",20216900
27100,450,5100,"sd","13:20:05",20222000
27100,450,200,"sd","13:20:16",20222200
27100,450,18900,"sd","13:20:19",20241100
27100,450,500,"sd","13:20:20",20241600
27100,450,4900,"bu","13:20:22",20246500
27100,450,5000,"bu","13:20:23",20251500
27100,450,500,"bu","13:20:24",20252000
27100,450,2000,"bu","13:20:26",20254000
27100,450,1100,"bu","13:20:27",20255100
27100,450,61300,"bu","13:20:29",20316400
27100,450,1000,"bu","13:20:30",20317400
27100,450,7100,"sd","13:20:32",20324500
27100,450,7300,"bu","13:20:33",20331800
27100,450,16000,"sd","13:20:35",20347800
27100,450,3000,"sd","13:20:55",20350800
27100,450,2500,"bu","13:21:01",20353300
27050,400,1000,"bu","13:21:16",20354300
27100,450,700,"sd","13:21:23",20355000
27050,400,400,"sd","13:21:26",20355400
27050,400,2300,"bu","13:21:31",20357700
27100,450,5000,"bu","13:21:34",20362700
27050,400,100,"sd","13:21:35",20362800
27050,400,2900,"bu","13:21:37",20365700
27050,400,5000,"bu","13:21:42",20370700
27050,400,1800,"sd","13:21:46",20372500
27050,400,700,"sd","13:21:52",20373200
27050,400,500,"bu","13:21:56",20373700
27050,400,2000,"sd","13:22:02",20375700
27100,450,10300,"sd","13:22:08",20386000
27050,400,10000,"sd","13:22:09",20396000
27050,400,1000,"bu","13:22:11",20397000
27100,450,100,"bu","13:22:13",20397100
27050,400,10000,"bu","13:22:22",20407100
27050,400,17000,"bu","13:22:34",20424100
27050,400,100,"bu","13:22:37",20424200
27050,400,10800,"bu","13:22:40",20435000
27050,400,200,"sd","13:22:42",20435200
27050,400,11200,"bu","13:22:48",20446400
27050,400,4100,"bu","13:22:51",20450500
27050,400,1000,"sd","13:22:52",20451500
27050,400,2900,"bu","13:22:57",20454400
27050,400,1000,"sd","13:23:00",20455400
27050,400,100,"bu","13:23:05",20455500
27050,400,3000,"sd","13:23:08",20458500
27050,400,2500,"bu","13:23:10",20461000
27050,400,10000,"sd","13:23:11",20471000
27050,400,300,"bu","13:23:13",20471300
27050,400,500,"sd","13:23:16",20471800
27050,400,40000,"bu","13:23:21",20511800
27050,400,22200,"bu","13:23:22",20534000
27050,400,200,"bu","13:23:23",20534200
27050,400,39300,"sd","13:23:28",20573500
27050,400,100,"bu","13:23:29",20573600
27050,400,3000,"sd","13:23:34",20576600
27050,400,2900,"sd","13:23:36",20579500
27050,400,100,"bu","13:23:37",20579600
27050,400,6800,"bu","13:23:40",20586400
27050,400,9200,"sd","13:23:43",20595600
27050,400,3400,"sd","13:23:47",20599000
27050,400,500,"bu","13:23:52",20599500
27050,400,100,"bu","13:23:55",20599600
27050,400,1600,"bu","13:23:59",20601200
27050,400,5400,"sd","13:24:00",20606600
27050,400,100,"sd","13:24:06",20606700
27050,400,400,"sd","13:24:11",20607100
27050,400,10000,"bu","13:24:14",20617100
27050,400,3000,"bu","13:24:15",20620100
27050,400,6200,"bu","13:24:22",20626300
27050,400,2100,"bu","13:24:31",20628400
27050,400,7200,"sd","13:24:33",20635600
27050,400,200,"bu","13:24:37",20635800
27050,400,1200,"sd","13:24:43",20637000
27050,400,100,"bu","13:24:45",20637100
27050,400,2000,"sd","13:24:46",20639100
27050,400,4200,"bu","13:24:49",20643300
27050,400,3100,"sd","13:24:54",20646400
27050,400,100,"bu","13:24:57",20646500
27050,400,1000,"sd","13:25:14",20647500
27050,400,200,"sd","13:25:17",20647700
27050,400,600,"sd","13:25:20",20648300
27050,400,15900,"bu","13:25:21",20664200
27050,400,1200,"sd","13:25:30",20665400
27050,400,2900,"bu","13:25:35",20668300
27050,400,200,"bu","13:25:38",20668500
27050,400,3900,"bu","13:25:40",20672400
27050,400,800,"bu","13:25:43",20673200
27050,400,1500,"sd","13:25:44",20674700
27050,400,700,"bu","13:25:47",20675400
27050,400,1000,"sd","13:25:53",20676400
27050,400,400,"bu","13:26:04",20676800
27050,400,20600,"sd","13:26:10",20697400
27050,400,100,"bu","13:26:11",20697500
27050,400,7000,"bu","13:26:13",20704500
27050,400,2000,"bu","13:26:20",20706500
27050,400,2000,"bu","13:26:21",20708500
27050,400,100,"sd","13:26:23",20708600
27050,400,9200,"bu","13:26:25",20717800
27050,400,500,"bu","13:26:31",20718300
27050,400,100,"bu","13:26:35",20718400
27050,400,600,"sd","13:26:38",20719000
27050,400,100,"sd","13:26:39",20719100
27050,400,2700,"sd","13:26:41",20721800
27050,400,1000,"bu","13:26:42",20722800
27050,400,100,"bu","13:26:47",20722900
27050,400,200,"bu","13:26:50",20723100
27050,400,3000,"bu","13:26:53",20726100
27050,400,30500,"sd","13:26:59",20756600
27050,400,600,"sd","13:27:02",20757200
27050,400,1000,"bu","13:27:05",20758200
27050,400,300,"sd","13:27:07",20758500
27050,400,10000,"sd","13:27:08",20768500
27050,400,1200,"sd","13:27:12",20769700
27050,400,6000,"sd","13:27:20",20775700
27050,400,10000,"sd","13:27:26",20785700
27100,450,5300,"sd","13:27:31",20791000
27050,400,600,"sd","13:27:33",20791600
27100,450,5000,"sd","13:27:37",20796600
27050,400,1000,"sd","13:27:42",20797600
27050,400,100,"sd","13:27:48",20797700
27050,400,400,"sd","13:27:58",20798100
27050,400,200,"sd","13:28:06",20798300
27050,400,1000,"bu","13:28:07",20799300
27100,450,1200,"bu","13:28:10",20800500
27100,450,1000,"sd","13:28:17",20801500
27050,400,200,"bu","13:28:18",20801700
27100,450,2000,"sd","13:28:23",20803700
27100,450,100,"sd","13:28:26",20803800
27050,400,1200,"sd","13:28:35",20805000
27100,450,25000,"bu","13:28:44",20830000
27050,400,100,"sd","13:28:47",20830100
27050,400,2900,"bu","13:28:50",20833000
27100,450,12200,"sd","13:28:52",20845200
27100,450,4000,"sd","13:28:53",20849200
27100,450,4400,"sd","13:28:56",20853600
27100,450,5000,"sd","13:29:02",20858600
27100,450,1000,"sd","13:29:05",20859600
27100,450,22400,"bu","13:29:06",20882000
27100,450,1500,"sd","13:29:09",20883500
27100,450,1400,"bu","13:29:12",20884900
27100,450,600,"bu","13:29:25",20885500
27100,450,100,"bu","13:29:26",20885600
27100,450,1000,"bu","13:29:34",20886600
27100,450,800,"sd","13:29:37",20887400
27050,400,5900,"sd","13:29:38",20893300
27100,450,10600,"sd","13:29:41",20903900
27100,450,1000,"bu","13:29:43",20904900
27100,450,1800,"sd","13:29:45",20906700
27100,450,1000,"sd","13:29:46",20907700
27100,450,100,"bu","13:29:48",20907800
27100,450,4000,"sd","13:29:49",20911800
27100,450,11600,"sd","13:29:53",20923400
27100,450,200,"bu","13:29:58",20923600
27100,450,6000,"bu","13:30:03",20929600
27100,450,3000,"sd","13:30:10",20932600
27100,450,300,"sd","13:30:13",20932900
27100,450,200,"bu","13:30:21",20933100
27100,450,100,"sd","13:30:27",20933200
27100,450,1000,"sd","13:30:33",20934200
27100,450,10000,"bu","13:30:41",20944200
27100,450,100,"sd","13:30:47",20944300
27100,450,12900,"sd","13:30:50",20957200
27100,450,7600,"bu","13:30:54",20964800
27050,400,1100,"sd","13:31:03",20965900
27100,450,700,"sd","13:31:09",20966600
27100,450,10000,"bu","13:31:13",20976600
27100,450,2900,"bu","13:31:28",20979500
27150,500,2400,"bu","13:31:31",20981900
27100,450,4000,"bu","13:31:37",20985900
27100,450,4600,"bu","13:31:40",20990500
27100,450,3000,"sd","13:31:42",20993500
27150,500,2200,"bu","13:31:44",20995700
27100,450,7000,"bu","13:31:51",21002700
27150,500,2000,"bu","13:31:56",21004700
27150,500,5300,"sd","13:31:58",21010000
27150,500,5300,"sd","13:32:03",21015300
27150,500,2100,"sd","13:32:09",21017400
27100,450,300,"sd","13:32:13",21017700
27150,500,2200,"sd","13:32:22",21019900
27150,500,500,"sd","13:32:26",21020400
27150,500,10000,"bu","13:32:28",21030400
27150,500,100,"sd","13:32:29",21030500
27150,500,1600,"sd","13:32:31",21032100
27150,500,1000,"bu","13:32:35",21033100
27150,500,1700,"sd","13:32:41",21034800
27150,500,2100,"bu","13:32:53",21036900
27150,500,1700,"bu","13:33:03",21038600
27150,500,100100,"sd","13:33:05",21138700
27150,500,5900,"bu","13:33:16",21144600
27150,500,2400,"sd","13:33:17",21147000
27100,450,100,"bu","13:33:19",21147100
