"price","change","match_qtty","side","time","total_vol"
33800,300,2600,"sd","09:15:05",2600
33800,300,500,"bu","09:15:45",3100
33800,300,3400,"bu","09:15:45",6500
33900,400,500,"sd","09:16:17",7000
33900,400,600,"sd","09:16:33",7600
33950,450,800,"bu","09:16:58",8400
33950,450,200,"sd","09:17:16",8600
33950,450,100,"sd","09:17:42",8700
33900,400,1300,"bu","09:18:04",10000
33850,350,1300,"bu","09:18:57",11300
33800,300,2500,"sd","09:19:48",13800
33850,350,100,"bu","09:20:45",13900
33800,300,3000,"sd","09:21:40",16900
33800,300,1100,"sd","09:23:21",18000
33800,300,1200,"bu","09:24:06",19200
33800,300,700,"sd","09:24:21",19900
33800,300,100,"sd","09:24:51",20000
33800,300,1300,"bu","09:25:45",21300
33750,250,100,"bu","09:25:47",21400
33800,300,300,"bu","09:25:53",21700
33750,250,400,"sd","09:29:47",22100
33800,300,600,"bu","09:31:17",22700
33750,250,1800,"sd","09:32:45",24500
33750,250,100,"sd","09:32:46",24600
33800,300,1800,"sd","09:36:05",26400
33750,250,200,"sd","09:36:17",26600
33750,250,400,"sd","09:36:29",27000
33750,250,200,"bu","09:36:29",27200
33750,250,400,"bu","09:37:12",27600
33750,250,200,"bu","09:37:34",27800
33750,250,500,"sd","09:38:12",28300
33750,250,200,"bu","09:38:15",28500
33750,250,400,"bu","09:38:22",28900
33750,250,2000,"sd","09:38:28",30900
33700,200,9000,"bu","09:38:42",39900
33650,150,2000,"bu","09:39:16",41900
33650,150,200,"sd","09:40:14",42100
33650,150,1000,"sd","09:42:19",43100
33650,150,200,"bu","09:42:29",43300
33650,150,2000,"sd","09:43:01",45300
33650,150,200,"bu","09:44:20",45500
33700,200,1000,"sd","09:44:57",46500
33650,150,6000,"bu","09:45:02",52500
33700,200,2400,"bu","09:46:19",54900
33650,150,200,"sd","09:46:30",55100
33650,150,400,"bu","09:46:32",55500
33650,150,200,"sd","09:46:40",55700
33650,150,15000,"sd","09:46:44",70700
33650,150,800,"sd","09:46:55",71500
33650,150,200,"bu","09:47:02",71700
33650,150,400,"bu","09:47:05",72100
33650,150,200,"sd","09:47:10",72300
33650,150,1200,"bu","09:47:53",73500
33650,150,11700,"bu","09:47:59",85200
33600,100,2000,"bu","09:48:13",87200
33650,150,500,"sd","09:48:17",87700
33650,150,100,"sd","09:49:00",87800
33650,150,500,"sd","09:52:39",88300
33600,100,5400,"sd","09:53:54",93700
33550,50,1100,"sd","09:57:29",94800
33600,100,100,"sd","10:00:42",94900
33600,100,400,"sd","10:00:59",95300
33600,100,100,"sd","10:01:26",95400
33550,50,1100,"sd","10:01:27",96500
33600,100,300,"sd","10:03:23",96800
33600,100,100,"bu","10:03:43",96900
33550,50,9400,"sd","10:05:18",106300
33550,50,100,"sd","10:05:19",106400
33550,50,3000,"sd","10:05:30",109400
33550,50,600,"bu","10:05:32",110000
33550,50,100,"sd","10:05:34",110100
33550,50,3200,"bu","10:05:45",113300
33600,100,800,"bu","10:06:22",114100
33550,50,3500,"sd","10:06:30",117600
33550,50,500,"bu","10:07:19",118100
33550,50,1000,"bu","10:07:49",119100
33550,50,2500,"sd","10:08:07",121600
33550,50,2000,"bu","10:08:23",123600
33550,50,5000,"sd","10:08:34",128600
33550,50,2000,"bu","10:08:44",130600
33550,50,1000,"bu","10:09:14",131600
33550,50,3100,"sd","10:09:31",134700
33550,50,4400,"bu","10:10:01",139100
33550,50,700,"bu","10:10:21",139800
33550,50,100,"sd","10:10:47",139900
33550,50,1000,"bu","10:11:02",140900
33550,50,100,"sd","10:12:13",141000
33550,50,500,"sd","10:12:38",141500
33550,50,200,"bu","10:13:09",141700
33550,50,100,"bu","10:13:13",141800
33550,50,200,"sd","10:13:16",142000
33550,50,1000,"sd","10:14:18",143000
33550,50,600,"bu","10:15:50",143600
33500,0,600,"sd","10:16:07",144200
33550,50,400,"sd","10:16:17",144600
33500,0,500,"bu","10:16:23",145100
33500,0,100,"bu","10:16:32",145200
33500,0,500,"sd","10:16:39",145700
33500,0,400,"bu","10:17:24",146100
33550,50,100,"bu","10:18:37",146200
33550,50,700,"bu","10:19:24",146900
33550,50,4200,"bu","10:20:58",151100
33550,50,200,"sd","10:21:32",151300
33550,50,100,"bu","10:21:58",151400
33550,50,200,"bu","10:22:14",151600
33550,50,5000,"sd","10:22:15",156600
33550,50,3000,"sd","10:22:47",159600
33550,50,1400,"bu","10:22:54",161000
33550,50,10000,"bu","10:26:24",171000
33550,50,300,"sd","10:28:48",171300
33550,50,2300,"sd","10:29:01",173600
33550,50,100,"sd","10:29:11",173700
33500,0,500,"sd","10:29:46",174200
33550,50,10000,"sd","10:29:57",184200
33500,0,300,"bu","10:30:29",184500
33500,0,3200,"bu","10:35:40",187700
33500,0,900,"sd","10:36:29",188600
33500,0,4300,"bu","10:39:10",192900
33550,50,30000,"sd","10:40:59",222900
33550,50,800,"bu","10:41:16",223700
33500,0,1000,"sd","10:41:31",224700
33600,100,200,"bu","10:44:04",224900
33600,100,500,"sd","10:45:01",225400
33600,100,2000,"bu","10:45:14",227400
33600,100,100,"bu","10:45:15",227500
33600,100,1000,"sd","10:45:39",228500
33600,100,500,"bu","10:45:57",229000
33600,100,5000,"sd","10:46:30",234000
33600,100,400,"sd","10:46:39",234400
33600,100,1400,"sd","10:46:58",235800
33600,100,100,"sd","10:47:08",235900
33600,100,8400,"bu","10:47:18",244300
33650,150,400,"bu","10:47:35",244700
33650,150,100,"sd","10:48:17",244800
33650,150,300,"sd","10:49:36",245100
33650,150,500,"bu","10:52:00",245600
33600,100,5200,"sd","10:54:44",250800
33600,100,500,"sd","10:55:29",251300
33600,100,5800,"sd","10:56:34",257100
33600,100,2900,"sd","10:57:03",260000
33550,50,200,"sd","10:58:50",260200
33550,50,400,"bu","11:09:12",260600
33600,100,400,"bu","11:10:07",261000
33600,100,500,"bu","11:11:22",261500
33550,50,6000,"bu","11:11:29",267500
33550,50,1000,"bu","11:12:07",268500
33550,50,500,"bu","11:13:35",269000
33550,50,200,"sd","11:13:38",269200
33550,50,300,"bu","11:13:54",269500
33550,50,500,"sd","11:14:04",270000
33550,50,400,"sd","11:14:12",270400
33550,50,3400,"bu","11:15:53",273800
33550,50,1200,"sd","11:17:55",275000
33550,50,300,"sd","11:17:57",275300
33550,50,100,"bu","11:18:10",275400
33600,100,900,"bu","11:23:46",276300
33550,50,900,"sd","11:24:41",277200
33550,50,400,"sd","11:24:48",277600
33500,0,3000,"sd","13:00:33",280600
33550,50,2500,"sd","13:01:02",283100
33550,50,700,"sd","13:01:02",283800
33500,0,700,"sd","13:01:12",284500
33550,50,200,"sd","13:01:16",284700
33500,0,18800,"bu","13:04:45",303500
33500,0,31300,"sd","13:04:46",334800
33500,0,10000,"bu","13:05:27",344800
33500,0,1700,"sd","13:05:56",346500
33550,50,200,"sd","13:06:21",346700
33550,50,100,"bu","13:08:13",346800
33550,50,2800,"sd","13:13:59",349600
33550,50,3400,"bu","13:14:45",353000
33550,50,100,"bu","13:15:53",353100
33550,50,4600,"sd","13:19:32",357700
33550,50,4900,"bu","13:20:02",362600
33500,0,2500,"sd","13:20:16",365100
33500,0,2000,"bu","13:20:20",367100
33500,0,2600,"bu","13:26:16",369700
33500,0,100,"sd","13:26:28",369800
33550,50,200,"bu","13:27:33",370000
33500,0,1100,"sd","13:27:44",371100
33550,50,4100,"bu","13:29:19",375200
33550,50,5900,"sd","13:29:35",381100
33550,50,300,"sd","13:31:33",381400
33600,100,500,"sd","13:31:44",381900
33550,50,8700,"bu","13:32:54",390600
33550,50,700,"bu","13:33:54",391300
33550,50,1000,"sd","13:34:30",392300
33550,50,200,"bu","13:34:41",392500
33550,50,5400,"sd","13:34:55",397900
33550,50,14200,"sd","13:35:14",412100
33550,50,17500,"bu","13:36:06",429600
33550,50,300,"sd","13:36:50",429900
33550,50,100,"bu","13:37:28",430000
33550,50,13500,"bu","13:37:52",443500
33550,50,200,"sd","13:38:21",443700
33550,50,31300,"bu","13:39:17",475000
33550,50,500,"sd","13:39:33",475500
33500,0,5000,"bu","13:39:48",480500
33550,50,3000,"bu","13:39:54",483500
33550,50,500,"bu","13:39:59",484000
33500,0,400,"sd","13:40:43",484400
33500,0,400,"bu","13:41:12",484800
33500,0,200,"sd","13:41:14",485000
33500,0,300,"sd","13:41:19",485300
33500,0,200,"bu","13:41:29",485500
33500,0,800,"bu","13:42:15",486300
33550,50,100,"sd","13:44:57",486400
33550,50,11200,"bu","13:45:03",497600
33550,50,2000,"sd","13:45:45",499600
33550,50,2800,"bu","13:46:43",502400
33550,50,100,"bu","13:48:15",502500
33500,0,1000,"sd","13:50:07",503500
33550,50,2000,"bu","13:51:06",505500
33550,50,400,"sd","13:51:12",505900
33550,50,3000,"sd","13:51:14",508900
33550,50,1000,"bu","13:51:17",509900
33550,50,400,"bu","13:51:22",510300
33550,50,2500,"sd","13:51:25",512800
33550,50,6000,"bu","13:51:37",518800
33550,50,500,"bu","13:51:42",519300
33550,50,400,"sd","13:51:44",519700
33550,50,15000,"bu","13:51:46",534700
33550,50,100,"bu","13:51:47",534800
33600,100,5000,"bu","13:51:58",539800
33600,100,1200,"bu","13:52:02",541000
33600,100,400,"bu","13:52:08",541400
33600,100,2400,"bu","13:52:22",543800
33600,100,400,"sd","13:52:29",544200
33600,100,2400,"sd","13:52:42",546600
33650,150,600,"sd","13:52:50",547200
33650,150,400,"bu","13:53:18",547600
33650,150,21200,"sd","13:54:05",568800
33650,150,3000,"bu","13:54:14",571800
33650,150,400,"bu","13:54:18",572200
33650,150,1000,"bu","13:54:31",573200
33650,150,5000,"sd","13:54:32",578200
33650,150,3100,"bu","13:54:37",581300
33650,150,1900,"sd","13:54:43",583200
33650,150,200,"bu","13:54:57",583400
33650,150,800,"bu","13:55:57",584200
33600,100,400,"bu","13:56:03",584600
33650,150,300,"sd","13:56:46",584900
33650,150,2000,"bu","13:56:50",586900
33700,200,5400,"sd","13:58:06",592300
33700,200,1000,"bu","13:59:00",593300
33700,200,500,"bu","13:59:02",593800
33700,200,100,"bu","13:59:13",593900
33700,200,3800,"bu","13:59:24",597700
33700,200,200,"bu","13:59:26",597900
33700,200,700,"sd","13:59:28",598600
33700,200,300,"bu","13:59:29",598900
33700,200,1200,"bu","13:59:35",600100
33700,200,100,"bu","13:59:37",600200
33700,200,700,"sd","13:59:41",600900
33700,200,200,"bu","13:59:43",601100
33700,200,900,"sd","13:59:48",602000
33700,200,300,"sd","13:59:50",602300
33700,200,200,"bu","13:59:52",602500
33700,200,1400,"bu","14:00:03",603900
33700,200,100,"bu","14:00:05",604000
33800,300,21800,"sd","14:00:22",625800
33800,300,200,"sd","14:00:23",626000
33800,300,300,"bu","14:00:27",626300
33800,300,200,"sd","14:00:29",626500
33800,300,1300,"bu","14:00:39",627800
33800,300,700,"sd","14:00:41",628500
33800,300,300,"sd","14:00:44",628800
33800,300,200,"sd","14:00:45",629000
33800,300,1600,"sd","14:00:47",630600
33800,300,700,"sd","14:00:51",631300
33800,300,600,"sd","14:00:54",631900
33800,300,200,"bu","14:00:56",632100
33800,300,100,"bu","14:00:58",632200
33800,300,3000,"sd","14:01:00",635200
33800,300,10000,"sd","14:01:09",645200
33800,300,200,"sd","14:01:11",645400
33800,300,200,"bu","14:02:33",645600
33800,300,15000,"sd","14:02:40",660600
33800,300,10000,"bu","14:02:44",670600
33800,300,5000,"bu","14:02:48",675600
33850,350,18300,"sd","14:03:47",693900
33800,300,5000,"bu","14:04:07",698900
33850,350,300,"sd","14:04:52",699200
33850,350,800,"sd","14:05:32",700000
33850,350,500,"sd","14:05:36",700500
33800,300,4800,"sd","14:05:38",705300
33750,250,400,"sd","14:05:57",705700
33750,250,600,"bu","14:06:09",706300
33700,200,22000,"sd","14:06:53",728300
33700,200,1000,"sd","14:06:54",729300
33700,200,100,"bu","14:07:42",729400
33700,200,1200,"bu","14:08:22",730600
33700,200,400,"bu","14:09:00",731000
33750,250,400,"sd","14:09:36",731400
33750,250,3000,"sd","14:11:30",734400
33700,200,500,"bu","14:11:34",734900
33700,200,700,"bu","14:11:46",735600
33700,200,400,"bu","14:11:50",736000
33700,200,200,"sd","14:11:53",736200
33700,200,3700,"bu","14:12:38",739900
33750,250,3000,"bu","14:13:52",742900
33750,250,300,"bu","14:14:06",743200
33750,250,500,"bu","14:14:14",743700
33750,250,200,"sd","14:14:32",743900
33750,250,5000,"sd","14:16:56",748900
33750,250,1000,"sd","14:17:26",749900
33650,150,100,"sd","14:19:03",750000
33750,250,5300,"bu","14:19:29",755300
33750,250,300,"bu","14:19:31",755600
33750,250,200,"bu","14:19:34",755800
33750,250,300,"bu","14:19:35",756100
33750,250,200,"sd","14:19:37",756300
33750,250,200,"sd","14:19:39",756500
33750,250,3000,"bu","14:19:59",759500
33750,250,400,"bu","14:20:01",759900
33750,250,200,"sd","14:20:03",760100
33750,250,900,"bu","14:20:15",761000
33750,250,300,"sd","14:20:17",761300
33750,250,8300,"bu","14:20:32",769600
33750,250,200,"bu","14:20:34",769800
33750,250,15700,"bu","14:20:39",785500
33750,250,200,"bu","14:20:41",785700
33750,250,400,"sd","14:20:43",786100
33750,250,800,"sd","14:20:45",786900
33750,250,200,"bu","14:20:48",787100
33750,250,300,"sd","14:20:50",787400
33750,250,4500,"sd","14:20:55",791900
33800,300,300,"bu","14:20:57",792200
33800,300,300,"bu","14:20:59",792500
33800,300,1000,"bu","14:21:21",793500
33800,300,10000,"sd","14:21:30",803500
33800,300,1900,"bu","14:21:32",805400
33800,300,1000,"bu","14:21:36",806400
33850,350,2500,"bu","14:21:57",808900
33800,300,100,"bu","14:21:59",809000
33800,300,900,"sd","14:22:08",809900
33850,350,11000,"sd","14:22:38",820900
33850,350,100,"bu","14:23:01",821000
33850,350,7400,"bu","14:23:09",828400
33850,350,300,"sd","14:23:16",828700
33800,300,4400,"bu","14:23:25",833100
33750,250,2700,"sd","14:23:54",835800
33800,300,100,"sd","14:24:48",835900
33800,300,3000,"sd","14:24:54",838900
33800,300,1000,"bu","14:25:30",839900
33800,300,2000,"bu","14:25:39",841900
33800,300,2700,"bu","14:25:43",844600
33800,300,100,"sd","14:25:55",844700
33750,250,15200,"bu","14:26:46",859900
33800,300,1000,"sd","14:26:53",860900
33750,250,2000,"sd","14:27:09",862900
33750,250,100,"sd","14:27:29",863000
33750,250,3400,"bu","14:27:45",866400
33750,250,10000,"bu","14:28:13",876400
33700,200,14800,"bu","14:28:15",891200
33750,250,1500,"sd","14:28:18",892700
33750,250,100,"bu","14:29:32",892800
33750,250,300,"bu","14:29:43",893100
33800,300,17800,"bu","14:45:09",910900
