"price","change","match_qtty","side","time","total_vol"
12350,100,6600,"sd","09:15:06",6600
12350,100,1000,"bu","09:15:21",7600
12350,100,5700,"bu","09:16:08",13300
12350,100,1000,"sd","09:17:00",14300
12350,100,1700,"sd","09:17:20",16000
12350,100,800,"sd","09:17:20",16800
12350,100,500,"sd","09:17:27",17300
12350,100,6000,"sd","09:17:31",23300
12350,100,100,"sd","09:18:58",23400
12350,100,2000,"sd","09:19:01",25400
12350,100,2000,"bu","09:19:45",27400
12350,100,5800,"sd","09:20:45",33200
12350,100,1100,"bu","09:21:15",34300
12350,100,300,"bu","09:21:32",34600
12350,100,100,"sd","09:21:33",34700
12300,50,1900,"bu","09:23:30",36600
12250,0,2500,"sd","09:23:46",39100
12250,0,300,"bu","09:24:14",39400
12300,50,1000,"sd","09:24:37",40400
12250,0,4200,"sd","09:27:17",44600
12300,50,4900,"sd","09:28:58",49500
12300,50,100,"bu","09:29:05",49600
12300,50,500,"bu","09:29:13",50100
12300,50,400,"bu","09:29:21",50500
12300,50,600,"sd","09:31:45",51100
12300,50,200,"sd","09:33:24",51300
12250,0,300,"sd","09:36:34",51600
12250,0,1000,"bu","09:37:01",52600
12250,0,12100,"bu","09:37:09",64700
12200,-50,8500,"bu","09:37:28",73200
12150,-100,2600,"bu","09:37:39",75800
12150,-100,1000,"bu","09:37:54",76800
12200,-50,500,"sd","09:38:07",77300
12150,-100,3000,"sd","09:38:33",80300
12150,-100,3000,"sd","09:39:02",83300
12150,-100,10500,"sd","09:39:29",93800
12150,-100,500,"sd","09:39:40",94300
12150,-100,100,"sd","09:39:46",94400
12150,-100,300,"sd","09:39:50",94700
12100,-150,3000,"bu","09:39:57",97700
12150,-100,3000,"sd","09:40:07",100700
12150,-100,100,"bu","09:40:17",100800
12150,-100,500,"sd","09:40:58",101300
12150,-100,200,"sd","09:41:34",101500
12150,-100,800,"bu","09:41:35",102300
12150,-100,200,"bu","09:43:22",102500
12200,-50,5000,"bu","09:43:56",107500
12200,-50,1200,"bu","09:44:23",108700
12200,-50,400,"bu","09:44:38",109100
12200,-50,500,"bu","09:44:55",109600
12200,-50,1100,"bu","09:45:22",110700
12250,0,100,"sd","09:47:08",110800
12200,-50,1100,"bu","09:48:24",111900
12250,0,13300,"bu","09:48:30",125200
12300,50,2000,"sd","09:49:42",127200
12300,50,500,"sd","09:50:05",127700
12300,50,4300,"sd","09:50:20",132000
12300,50,6100,"bu","09:50:53",138100
12300,50,1000,"sd","09:50:54",139100
12300,50,10000,"bu","09:51:30",149100
12300,50,2500,"bu","09:51:39",151600
12300,50,300,"bu","09:51:50",151900
12300,50,200,"bu","09:52:19",152100
12300,50,100,"sd","09:52:27",152200
12350,100,300,"bu","09:54:01",152500
12300,50,2200,"bu","09:54:59",154700
12300,50,7800,"bu","09:55:00",162500
12350,100,1000,"sd","09:55:22",163500
12300,50,100,"sd","09:55:49",163600
12300,50,400,"sd","09:55:55",164000
12300,50,100,"bu","09:56:00",164100
12300,50,4400,"sd","09:56:33",168500
12300,50,100,"bu","09:57:22",168600
12250,0,1000,"sd","09:58:38",169600
12250,0,100,"bu","09:59:07",169700
12250,0,4300,"bu","09:59:14",174000
12250,0,800,"sd","09:59:20",174800
12250,0,10000,"bu","10:00:26",184800
12250,0,200,"sd","10:00:35",185000
12250,0,4700,"sd","10:00:57",189700
12250,0,2900,"bu","10:01:49",192600
12250,0,200,"bu","10:01:52",192800
12250,0,3200,"sd","10:06:41",196000
12250,0,1000,"sd","10:06:49",197000
12250,0,1500,"sd","10:07:04",198500
12250,0,1000,"bu","10:07:44",199500
12250,0,1800,"sd","10:09:51",201300
12250,0,1200,"sd","10:10:42",202500
12250,0,200,"bu","10:14:48",202700
12200,-50,600,"bu","10:17:16",203300
12200,-50,1400,"bu","10:18:40",204700
12200,-50,700,"bu","10:24:24",205400
12200,-50,1000,"bu","10:30:45",206400
12200,-50,100,"sd","10:34:26",206500
12200,-50,200,"sd","10:34:31",206700
12200,-50,100,"sd","10:35:57",206800
12200,-50,200,"bu","10:36:58",207000
12150,-100,5200,"bu","10:41:03",212200
12200,-50,2000,"sd","10:42:33",214200
12150,-100,2000,"sd","10:42:38",216200
12250,0,1000,"bu","10:43:24",217200
12250,0,11000,"sd","10:45:32",228200
12250,0,4500,"sd","10:45:52",232700
12250,0,600,"sd","10:46:53",233300
12250,0,900,"bu","10:48:03",234200
12250,0,300,"sd","10:48:05",234500
12250,0,100,"sd","10:49:06",234600
12250,0,800,"sd","10:49:31",235400
12250,0,200,"bu","10:49:57",235600
12250,0,1000,"sd","10:51:01",236600
12250,0,1000,"bu","10:51:25",237600
12250,0,1600,"sd","10:51:37",239200
12250,0,2000,"bu","10:51:46",241200
12250,0,1600,"sd","10:52:06",242800
12200,-50,800,"sd","10:52:33",243600
12200,-50,200,"sd","10:52:34",243800
12200,-50,1000,"bu","10:52:59",244800
12200,-50,100,"sd","10:54:48",244900
12150,-100,3000,"bu","10:55:47",247900
12150,-100,1000,"bu","10:57:02",248900
12100,-150,26000,"bu","10:58:55",274900
12100,-150,3000,"sd","11:01:39",277900
12100,-150,100,"sd","11:02:51",278000
12100,-150,9600,"bu","11:06:06",287600
12200,-50,100,"bu","11:07:28",287700
12200,-50,500,"bu","11:13:49",288200
12100,-150,2000,"sd","11:19:32",290200
12100,-150,4300,"bu","11:20:06",294500
12050,-200,5700,"bu","11:22:10",300200
12050,-200,100,"sd","11:24:57",300300
12050,-200,1100,"sd","11:28:10",301400
12100,-150,200,"sd","11:29:43",301600
12050,-200,11800,"sd","13:00:30",313400
12050,-200,4000,"sd","13:00:33",317400
12050,-200,5400,"bu","13:00:34",322800
12050,-200,500,"sd","13:00:35",323300
12050,-200,600,"bu","13:00:46",323900
12000,-250,15000,"bu","13:00:48",338900
12000,-250,11000,"bu","13:00:58",349900
12050,-200,10000,"bu","13:01:02",359900
12050,-200,30000,"bu","13:01:04",389900
11950,-300,4700,"bu","13:01:07",394600
12050,-200,100,"sd","13:01:08",394700
12000,-250,1000,"sd","13:01:13",395700
12000,-250,500,"bu","13:01:18",396200
12000,-250,10000,"sd","13:01:24",406200
11950,-300,5000,"sd","13:01:28",411200
12000,-250,5000,"bu","13:01:31",416200
11900,-350,2000,"bu","13:01:32",418200
11900,-350,800,"sd","13:01:34",419000
11900,-350,2000,"sd","13:01:48",421000
11900,-350,3000,"sd","13:01:52",424000
11900,-350,400,"sd","13:01:54",424400
11900,-350,200,"bu","13:02:06",424600
11900,-350,100,"sd","13:02:10",424700
11900,-350,3600,"sd","13:02:12",428300
11900,-350,1500,"bu","13:02:16",429800
11900,-350,2000,"bu","13:02:43",431800
11950,-300,500,"sd","13:03:46",432300
11950,-300,1000,"sd","13:04:08",433300
11950,-300,300,"sd","13:04:29",433600
11900,-350,15000,"bu","13:04:45",448600
11900,-350,13200,"bu","13:04:56",461800
11900,-350,500,"bu","13:05:18",462300
11900,-350,1300,"bu","13:05:27",463600
11900,-350,3000,"sd","13:05:40",466600
11900,-350,2000,"bu","13:05:51",468600
11900,-350,700,"sd","13:06:29",469300
11900,-350,400,"sd","13:06:37",469700
11950,-300,300,"bu","13:06:52",470000
11950,-300,4700,"sd","13:07:01",474700
11900,-350,6100,"bu","13:07:07",480800
11950,-300,200,"bu","13:07:13",481000
11950,-300,1000,"bu","13:07:22",482000
11900,-350,2600,"bu","13:07:28",484600
11950,-300,5000,"sd","13:07:31",489600
11950,-300,200,"sd","13:07:41",489800
11950,-300,2500,"bu","13:07:43",492300
12000,-250,100,"bu","13:08:24",492400
11950,-300,1000,"sd","13:10:21",493400
11900,-350,11000,"bu","13:10:27",504400
11900,-350,100,"sd","13:10:52",504500
11900,-350,1200,"bu","13:11:37",505700
11900,-350,1000,"bu","13:12:20",506700
11900,-350,10000,"sd","13:12:23",516700
11900,-350,2800,"bu","13:12:24",519500
11900,-350,8000,"sd","13:12:43",527500
11900,-350,3000,"sd","13:13:02",530500
11900,-350,2100,"bu","13:13:14",532600
11900,-350,1000,"sd","13:13:17",533600
11900,-350,2200,"sd","13:13:25",535800
11900,-350,3000,"bu","13:13:27",538800
11900,-350,1000,"bu","13:13:33",539800
11900,-350,600,"bu","13:13:37",540400
11900,-350,2000,"sd","13:13:49",542400
11900,-350,1000,"sd","13:13:50",543400
11850,-400,6000,"bu","13:14:03",549400
11900,-350,200,"bu","13:14:06",549600
11900,-350,700,"sd","13:14:12",550300
11950,-300,20000,"sd","13:14:23",570300
11900,-350,600,"bu","13:15:00",570900
11900,-350,500,"sd","13:15:02",571400
11900,-350,4600,"bu","13:15:11",576000
11900,-350,800,"sd","13:15:25",576800
11900,-350,100,"sd","13:15:58",576900
11900,-350,500,"bu","13:16:02",577400
11900,-350,3500,"sd","13:16:27",580900
11900,-350,1100,"sd","13:16:38",582000
11900,-350,1000,"bu","13:17:03",583000
11900,-350,9900,"bu","13:17:04",592900
11900,-350,1000,"bu","13:17:23",593900
11900,-350,1800,"bu","13:18:30",595700
11900,-350,1200,"sd","13:18:43",596900
11900,-350,700,"sd","13:18:46",597600
11900,-350,1000,"bu","13:18:52",598600
11900,-350,800,"sd","13:19:26",599400
11900,-350,500,"bu","13:19:30",599900
11900,-350,200,"sd","13:19:45",600100
11900,-350,3000,"bu","13:20:14",603100
11950,-300,1200,"sd","13:20:32",604300
11900,-350,100,"bu","13:20:33",604400
11950,-300,20100,"sd","13:21:26",624500
11900,-350,100,"sd","13:21:56",624600
11900,-350,500,"bu","13:22:19",625100
11900,-350,7900,"sd","13:22:51",633000
11900,-350,400,"bu","13:23:02",633400
11900,-350,200,"sd","13:23:10",633600
11900,-350,6000,"sd","13:23:15",639600
11850,-400,35800,"bu","13:23:39",675400
11850,-400,100,"bu","13:23:43",675500
11850,-400,500,"sd","13:23:56",676000
11850,-400,10100,"bu","13:24:10",686100
11850,-400,700,"bu","13:24:14",686800
11850,-400,2900,"bu","13:24:21",689700
11850,-400,2000,"sd","13:24:25",691700
11850,-400,1000,"bu","13:25:04",692700
11850,-400,8400,"sd","13:25:09",701100
11800,-450,800,"bu","13:25:27",701900
11800,-450,500,"sd","13:25:38",702400
11850,-400,800,"bu","13:25:44",703200
11800,-450,50800,"sd","13:25:59",754000
11850,-400,10000,"sd","13:26:08",764000
11850,-400,400,"bu","13:26:11",764400
11850,-400,1000,"bu","13:26:31",765400
11800,-450,1100,"sd","13:27:05",766500
11800,-450,16300,"sd","13:27:12",782800
11800,-450,2000,"bu","13:27:23",784800
11800,-450,1700,"bu","13:27:25",786500
11800,-450,1400,"bu","13:27:47",787900
11850,-400,300,"bu","13:27:54",788200
11850,-400,800,"bu","13:28:11",789000
11850,-400,100,"sd","13:28:29",789100
11850,-400,400,"sd","13:28:30",789500
11850,-400,5000,"bu","13:28:32",794500
11850,-400,200,"sd","13:28:35",794700
11850,-400,1500,"bu","13:28:53",796200
11900,-350,1000,"sd","13:29:28",797200
11900,-350,6000,"bu","13:29:45",803200
11900,-350,10000,"sd","13:29:57",813200
11900,-350,5000,"sd","13:30:03",818200
11900,-350,2000,"bu","13:30:06",820200
11900,-350,100,"bu","13:30:10",820300
11900,-350,500,"sd","13:30:38",820800
11950,-300,10000,"sd","13:31:20",830800
11950,-300,4100,"bu","13:31:25",834900
11950,-300,100,"bu","13:31:43",835000
12000,-250,300,"sd","13:32:33",835300
12000,-250,1400,"bu","13:32:53",836700
12000,-250,2000,"bu","13:33:10",838700
12000,-250,1400,"bu","13:33:14",840100
12000,-250,400,"bu","13:33:40",840500
12000,-250,2000,"bu","13:33:57",842500
12000,-250,200,"bu","13:34:08",842700
12000,-250,2200,"sd","13:34:44",844900
12000,-250,2700,"sd","13:34:46",847600
12000,-250,100,"bu","13:35:03",847700
12000,-250,7100,"bu","13:35:11",854800
12000,-250,1000,"sd","13:35:18",855800
12000,-250,100,"bu","13:35:34",855900
12000,-250,400,"bu","13:36:01",856300
12000,-250,100,"sd","13:36:03",856400
12000,-250,1400,"sd","13:36:18",857800
12000,-250,1000,"bu","13:36:26",858800
12000,-250,500,"sd","13:36:31",859300
12000,-250,600,"bu","13:37:13",859900
12000,-250,5000,"bu","13:37:37",864900
11900,-350,19200,"bu","13:38:04",884100
11900,-350,100,"bu","13:38:23",884200
11900,-350,3800,"bu","13:38:26",888000
11900,-350,200,"sd","13:38:50",888200
11900,-350,2500,"sd","13:39:00",890700
11950,-300,300,"sd","13:39:18",891000
11900,-350,1700,"bu","13:39:36",892700
11900,-350,2000,"bu","13:39:45",894700
11900,-350,200,"bu","13:39:48",894900
11900,-350,3700,"sd","13:39:52",898600
11900,-350,3900,"bu","13:40:04",902500
11850,-400,3800,"sd","13:40:21",906300
11850,-400,23000,"sd","13:40:30",929300
11850,-400,10000,"bu","13:40:45",939300
11800,-450,50000,"sd","13:41:00",989300
11850,-400,200,"sd","13:41:12",989500
11850,-400,500,"bu","13:41:18",990000
11800,-450,10000,"bu","13:41:19",1000000
11850,-400,2000,"sd","13:41:21",1002000
11850,-400,3200,"sd","13:41:51",1005200
11850,-400,500,"sd","13:41:56",1005700
11800,-450,500,"sd","13:42:04",1006200
11850,-400,1000,"bu","13:42:07",1007200
11850,-400,3500,"bu","13:43:29",1010700
11850,-400,1000,"sd","13:43:32",1011700
11850,-400,5000,"bu","13:43:48",1016700
11850,-400,700,"bu","13:43:49",1017400
11850,-400,500,"bu","13:44:06",1017900
11850,-400,200,"bu","13:44:15",1018100
11850,-400,300,"sd","13:44:26",1018400
11850,-400,1000,"sd","13:44:30",1019400
11850,-400,300,"bu","13:45:11",1019700
11850,-400,700,"bu","13:45:16",1020400
11850,-400,6300,"sd","13:45:27",1026700
11850,-400,5100,"bu","13:45:29",1031800
11850,-400,4400,"bu","13:45:32",1036200
11850,-400,18000,"sd","13:47:15",1054200
11850,-400,7000,"sd","13:47:25",1061200
11850,-400,1000,"bu","13:47:34",1062200
11850,-400,1500,"bu","13:48:23",1063700
11850,-400,700,"sd","13:48:26",1064400
11850,-400,100,"sd","13:48:39",1064500
11850,-400,10000,"bu","13:48:55",1074500
11850,-400,700,"sd","13:49:04",1075200
11900,-350,100,"sd","13:50:00",1075300
11850,-400,1100,"sd","13:50:12",1076400
11900,-350,200,"sd","13:50:19",1076600
11850,-400,10000,"bu","13:51:20",1086600
11900,-350,200,"bu","13:51:22",1086800
11850,-400,17800,"sd","13:51:32",1104600
11850,-400,100,"bu","13:51:34",1104700
11850,-400,200,"sd","13:52:07",1104900
11850,-400,3000,"bu","13:52:12",1107900
11850,-400,200,"bu","13:52:24",1108100
11850,-400,500,"bu","13:52:27",1108600
11850,-400,5000,"bu","13:52:29",1113600
11850,-400,100,"sd","13:52:33",1113700
11850,-400,3600,"bu","13:52:34",1117300
11900,-350,300,"sd","13:54:27",1117600
11900,-350,100,"bu","13:54:37",1117700
11900,-350,500,"sd","13:54:43",1118200
11900,-350,200,"bu","13:55:02",1118400
11900,-350,600,"sd","13:55:05",1119000
11900,-350,1000,"sd","13:55:13",1120000
11900,-350,6000,"sd","13:55:15",1126000
11900,-350,1000,"bu","13:55:21",1127000
11900,-350,3000,"bu","13:55:26",1130000
11850,-400,6500,"bu","13:55:40",1136500
11850,-400,11800,"bu","13:56:44",1148300
11850,-400,11800,"bu","13:56:52",1160100
11850,-400,1500,"bu","13:57:02",1161600
11850,-400,1700,"sd","13:57:26",1163300
11850,-400,1600,"bu","13:58:28",1164900
11900,-350,20000,"sd","13:59:09",1184900
11900,-350,3100,"bu","13:59:24",1188000
11900,-350,2700,"bu","13:59:50",1190700
11900,-350,1900,"bu","14:00:44",1192600
11900,-350,1000,"bu","14:01:25",1193600
11900,-350,1000,"sd","14:02:29",1194600
11900,-350,4000,"bu","14:02:38",1198600
11900,-350,800,"bu","14:02:50",1199400
11900,-350,500,"bu","14:03:19",1199900
11850,-400,4600,"bu","14:03:23",1204500
11850,-400,400,"bu","14:03:35",1204900
11900,-350,1800,"sd","14:03:47",1206700
11900,-350,200,"bu","14:04:01",1206900
11850,-400,8100,"bu","14:06:09",1215000
11850,-400,1900,"sd","14:06:17",1216900
11850,-400,500,"sd","14:06:51",1217400
11850,-400,1600,"sd","14:07:05",1219000
11850,-400,1000,"sd","14:07:15",1220000
11850,-400,1500,"bu","14:07:22",1221500
11850,-400,300,"bu","14:08:01",1221800
11850,-400,10000,"sd","14:08:39",1231800
11850,-400,1300,"sd","14:09:30",1233100
11850,-400,2600,"sd","14:09:36",1235700
11850,-400,300,"sd","14:09:38",1236000
11850,-400,1100,"sd","14:10:56",1237100
11900,-350,400,"sd","14:11:24",1237500
11800,-450,30000,"bu","14:11:55",1267500
11850,-400,5000,"sd","14:13:31",1272500
11800,-450,8600,"bu","14:14:26",1281100
11850,-400,1000,"bu","14:15:16",1282100
11850,-400,100,"sd","14:15:18",1282200
11850,-400,5000,"bu","14:15:26",1287200
11850,-400,2000,"sd","14:15:48",1289200
11850,-400,100,"sd","14:15:52",1289300
11850,-400,1000,"sd","14:16:15",1290300
11850,-400,2500,"bu","14:16:27",1292800
11900,-350,3000,"bu","14:17:36",1295800
11900,-350,1000,"bu","14:17:52",1296800
11900,-350,200,"sd","14:19:09",1297000
11900,-350,1400,"sd","14:19:34",1298400
11900,-350,100,"sd","14:20:37",1298500
11900,-350,1400,"bu","14:20:39",1299900
11900,-350,200,"bu","14:20:41",1300100
11850,-400,5000,"sd","14:20:50",1305100
11900,-350,1000,"bu","14:20:55",1306100
11900,-350,200,"bu","14:21:01",1306300
11900,-350,600,"bu","14:21:23",1306900
11900,-350,1200,"sd","14:22:33",1308100
11900,-350,2200,"bu","14:23:16",1310300
11900,-350,1000,"sd","14:23:30",1311300
11900,-350,700,"sd","14:23:52",1312000
11900,-350,4000,"sd","14:24:03",1316000
11900,-350,200,"sd","14:24:17",1316200
11900,-350,500,"bu","14:24:33",1316700
11900,-350,200,"sd","14:24:45",1316900
11850,-400,1700,"bu","14:25:06",1318600
11900,-350,200,"sd","14:25:57",1318800
11900,-350,800,"sd","14:26:04",1319600
11950,-300,3000,"sd","14:26:16",1322600
11950,-300,100,"sd","14:26:35",1322700
11950,-300,200,"bu","14:26:42",1322900
11950,-300,3000,"bu","14:26:48",1325900
11950,-300,1000,"sd","14:26:58",1326900
11950,-300,500,"sd","14:27:00",1327400
11950,-300,2700,"bu","14:27:02",1330100
12000,-250,1300,"sd","14:27:43",1331400
12000,-250,10000,"sd","14:27:53",1341400
12000,-250,10300,"bu","14:27:57",1351700
12000,-250,2900,"bu","14:28:11",1354600
12050,-200,5000,"sd","14:28:22",1359600
12000,-250,2000,"sd","14:28:55",1361600
12000,-250,100,"sd","14:29:00",1361700
12000,-250,3000,"bu","14:29:24",1364700
11950,-300,1000,"bu","14:29:43",1365700
12000,-250,4200,"sd","14:29:46",1369900
12000,-250,4500,"bu","14:29:51",1374400
12400,150,290600,"bu","14:45:12",1665000
