"price","change","match_qtty","side","time","total_vol"
32800,400,225900,"sd","09:15:05",225900
32750,350,100,"bu","09:15:27",226000
32800,400,4900,"sd","09:15:27",230900
32800,400,200,"sd","09:15:28",231100
32700.000000000004,300,1000,"sd","09:15:30",232100
32700.000000000004,300,2300,"bu","09:15:35",234400
32700.000000000004,300,8700,"sd","09:15:35",243100
32700.000000000004,300,3000,"bu","09:15:41",246100
32700.000000000004,300,600,"bu","09:15:45",246700
32750,350,1000,"bu","09:15:46",247700
32750,350,600,"sd","09:15:48",248300
32750,350,15800,"bu","09:15:55",264100
32750,350,5100,"sd","09:15:57",269200
32750,350,200,"bu","09:15:57",269400
32750,350,1100,"sd","09:16:02",270500
32750,350,200,"bu","09:16:05",270700
32750,350,8100,"bu","09:16:05",278800
32700.000000000004,300,2000,"sd","09:16:08",280800
32700.000000000004,300,1600,"bu","09:16:12",282400
32700.000000000004,300,7400,"sd","09:16:12",289800
32750,350,3000,"sd","09:16:13",292800
32750,350,300,"bu","09:16:14",293100
32750,350,1000,"bu","09:16:15",294100
32750,350,1600,"sd","09:16:22",295700
32800,400,100,"bu","09:16:25",295800
32750,350,1800,"sd","09:16:25",297600
32750,350,10000,"sd","09:16:27",307600
32750,350,8000,"sd","09:16:29",315600
32750,350,200,"sd","09:16:32",315800
32750,350,5000,"bu","09:16:33",320800
32800,400,200,"sd","09:16:39",321000
32750,350,500,"bu","09:16:40",321500
32750,350,2000,"bu","09:16:45",323500
32800,400,34000,"sd","09:16:45",357500
32800,400,64000,"sd","09:16:46",421500
32750,350,100,"bu","09:16:46",421600
32800,400,1000,"sd","09:16:49",422600
32750,350,3400,"bu","09:16:49",426000
32750,350,200,"bu","09:16:49",426200
32750,350,1000,"sd","09:16:52",427200
32750,350,2500,"sd","09:16:53",429700
32800,400,10000,"sd","09:16:53",439700
32750,350,500,"sd","09:16:55",440200
32750,350,100,"bu","09:16:55",440300
32750,350,44100,"sd","09:17:01",484400
32750,350,100,"sd","09:17:01",484500
32700.000000000004,300,500,"bu","09:17:02",485000
32750,350,900,"sd","09:17:04",485900
32750,350,300,"bu","09:17:07",486200
32750,350,1000,"sd","09:17:08",487200
32750,350,2500,"sd","09:17:10",489700
32750,350,1000,"bu","09:17:12",490700
32750,350,3500,"sd","09:17:13",494200
32800,400,200,"bu","09:17:14",494400
32750,350,500,"bu","09:17:14",494900
32750,350,2000,"sd","09:17:15",496900
32750,350,4200,"sd","09:17:18",501100
32750,350,2800,"bu","09:17:21",503900
32800,400,2000,"sd","09:17:23",505900
32750,350,100,"sd","09:17:26",506000
32750,350,5100,"bu","09:17:30",511100
32750,350,500,"sd","09:17:31",511600
32750,350,100,"bu","09:17:33",511700
32800,400,1900,"bu","09:17:39",513600
32750,350,600,"bu","09:17:39",514200
32800,400,3000,"bu","09:17:39",517200
32750,350,100,"sd","09:17:40",517300
32750,350,5000,"bu","09:17:41",522300
32800,400,1000,"bu","09:17:46",523300
32800,400,3000,"bu","09:17:54",526300
32800,400,1500,"bu","09:17:54",527800
32750,350,10000,"bu","09:17:56",537800
32800,400,1000,"bu","09:18:05",538800
32800,400,4000,"sd","09:18:05",542800
32800,400,15000,"bu","09:18:12",557800
32800,400,800,"sd","09:18:18",558600
32800,400,100,"bu","09:18:19",558700
32750,350,5100,"sd","09:18:20",563800
32750,350,1000,"sd","09:18:23",564800
32750,350,500,"bu","09:18:29",565300
32750,350,100,"bu","09:18:38",565400
32750,350,1000,"bu","09:18:39",566400
32750,350,5000,"sd","09:18:39",571400
32800,400,2000,"sd","09:18:46",573400
32750,350,100,"sd","09:18:46",573500
32750,350,200,"bu","09:18:46",573700
32800,400,500,"sd","09:18:47",574200
32750,350,10000,"sd","09:18:47",584200
32750,350,200,"sd","09:18:50",584400
32750,350,100,"sd","09:18:50",584500
32750,350,10000,"sd","09:18:56",594500
32750,350,5000,"bu","09:18:57",599500
32800,400,100,"sd","09:18:58",599600
32750,350,3100,"bu","09:18:58",602700
32750,350,100,"bu","09:18:59",602800
32750,350,2000,"sd","09:19:00",604800
32750,350,5000,"bu","09:19:01",609800
32750,350,10000,"sd","09:19:04",619800
32750,350,300,"bu","09:19:05",620100
32750,350,13000,"bu","09:19:07",633100
32750,350,300,"bu","09:19:07",633400
32750,350,500,"bu","09:19:08",633900
32750,350,10900,"bu","09:19:08",644800
32750,350,3100,"bu","09:19:08",647900
32750,350,1000,"bu","09:19:09",648900
32750,350,10000,"sd","09:19:09",658900
32750,350,900,"bu","09:19:10",659800
32750,350,8300,"sd","09:19:11",668100
32750,350,13300,"sd","09:19:12",681400
32750,350,7800,"bu","09:19:12",689200
32750,350,300,"sd","09:19:16",689500
32750,350,100,"sd","09:19:27",689600
32700.000000000004,300,5000,"bu","09:19:29",694600
32750,350,100,"bu","09:19:30",694700
32700.000000000004,300,2300,"sd","09:19:36",697000
32750,350,600,"bu","09:19:46",697600
32700.000000000004,300,1000,"sd","09:19:46",698600
32700.000000000004,300,100,"bu","09:19:47",698700
32700.000000000004,300,5000,"sd","09:19:50",703700
32700.000000000004,300,1000,"sd","09:19:51",704700
32700.000000000004,300,100,"sd","09:19:53",704800
32700.000000000004,300,200,"bu","09:19:56",705000
32750,350,1000,"sd","09:20:02",706000
32750,350,100,"bu","09:20:04",706100
32750,350,700,"sd","09:20:05",706800
32750,350,100,"sd","09:20:06",706900
32750,350,15200,"bu","09:20:07",722100
32700.000000000004,300,100,"sd","09:20:10",722200
32750,350,500,"bu","09:20:16",722700
32750,350,100,"sd","09:20:20",722800
32700.000000000004,300,1000,"sd","09:20:22",723800
32700.000000000004,300,5100,"sd","09:20:25",728900
32750,350,200,"sd","09:20:27",729100
32750,350,1000,"sd","09:20:34",730100
32700.000000000004,300,5000,"bu","09:20:36",735100
32700.000000000004,300,2000,"bu","09:20:40",737100
32750,350,7000,"sd","09:20:41",744100
32700.000000000004,300,100,"sd","09:20:43",744200
32700.000000000004,300,1700,"sd","09:20:47",745900
32750,350,1000,"sd","09:20:47",746900
32700.000000000004,300,5000,"sd","09:20:48",751900
32700.000000000004,300,200,"sd","09:20:49",752100
32750,350,600,"sd","09:20:49",752700
32750,350,400,"sd","09:20:51",753100
32700.000000000004,300,10000,"sd","09:20:53",763100
32700.000000000004,300,5000,"sd","09:20:56",768100
32750,350,10000,"sd","09:20:57",778100
32750,350,5000,"sd","09:21:05",783100
32700.000000000004,300,2000,"sd","09:21:10",785100
32750,350,100,"sd","09:21:11",785200
32750,350,4000,"bu","09:21:12",789200
32700.000000000004,300,19300,"sd","09:21:12",808500
32700.000000000004,300,500,"sd","09:21:14",809000
32700.000000000004,300,100000,"bu","09:21:19",909000
32700.000000000004,300,100,"bu","09:21:20",909100
32700.000000000004,300,2500,"bu","09:21:22",911600
32750,350,20000,"bu","09:21:25",931600
32700.000000000004,300,500,"sd","09:21:25",932100
32700.000000000004,300,2200,"sd","09:21:25",934300
32700.000000000004,300,13700,"bu","09:21:25",948000
32700.000000000004,300,2000,"sd","09:21:27",950000
32700.000000000004,300,2100,"bu","09:21:29",952100
32700.000000000004,300,1000,"sd","09:21:29",953100
32700.000000000004,300,500,"bu","09:21:31",953600
32700.000000000004,300,15200,"sd","09:21:33",968800
32700.000000000004,300,11000,"bu","09:21:37",979800
32700.000000000004,300,700,"bu","09:21:44",980500
32650,250,4500,"bu","09:21:48",985000
32700.000000000004,300,4000,"bu","09:21:51",989000
32650,250,200,"sd","09:21:58",989200
32650,250,3000,"sd","09:22:00",992200
32650,250,1100,"bu","09:22:01",993300
32650,250,100,"sd","09:22:01",993400
32650,250,500,"bu","09:22:06",993900
32650,250,7900,"bu","09:22:12",1001800
32650,250,5000,"sd","09:22:15",1006800
32650,250,100,"bu","09:22:16",1006900
32650,250,10000,"sd","09:22:20",1016900
32650,250,200,"sd","09:22:31",1017100
32650,250,300,"sd","09:22:34",1017400
32650,250,3500,"sd","09:22:34",1020900
32650,250,2000,"bu","09:22:37",1022900
32650,250,100,"sd","09:22:44",1023000
32650,250,6000,"bu","09:22:50",1029000
32650,250,1900,"bu","09:22:51",1030900
32650,250,3000,"bu","09:22:52",1033900
32650,250,500,"sd","09:22:54",1034400
32650,250,200,"sd","09:22:56",1034600
32650,250,2500,"bu","09:22:57",1037100
32650,250,1000,"sd","09:22:59",1038100
32650,250,100,"sd","09:23:01",1038200
32650,250,2000,"bu","09:23:08",1040200
32650,250,4700,"bu","09:23:10",1044900
32650,250,400,"bu","09:23:11",1045300
32650,250,2000,"sd","09:23:19",1047300
32700.000000000004,300,15000,"bu","09:23:20",1062300
32600,200,500,"sd","09:23:21",1062800
32600,200,1000,"sd","09:23:21",1063800
32650,250,100,"bu","09:23:28",1063900
32600,200,2300,"sd","09:23:33",1066200
32600,200,1300,"sd","09:23:39",1067500
32650,250,1500,"sd","09:23:46",1069000
32600,200,200,"bu","09:23:47",1069200
32650,250,10400,"bu","09:23:52",1079600
32650,250,1000,"bu","09:23:53",1080600
32650,250,2500,"bu","09:23:59",1083100
32650,250,400,"sd","09:24:00",1083500
32650,250,300,"bu","09:24:00",1083800
32650,250,30000,"sd","09:24:04",1113800
32650,250,1000,"bu","09:24:06",1114800
32700.000000000004,300,400,"bu","09:24:10",1115200
32700.000000000004,300,1000,"sd","09:24:17",1116200
32700.000000000004,300,500,"sd","09:24:24",1116700
32650,250,25000,"sd","09:24:30",1141700
32650,250,1000,"bu","09:24:30",1142700
32650,250,2500,"sd","09:24:34",1145200
32650,250,5000,"bu","09:24:36",1150200
32650,250,100,"sd","09:24:41",1150300
32650,250,200,"bu","09:24:41",1150500
32650,250,9200,"sd","09:24:47",1159700
32600,200,5000,"sd","09:24:49",1164700
32650,250,500,"sd","09:24:49",1165200
32600,200,10000,"sd","09:24:49",1175200
32650,250,1000,"sd","09:24:54",1176200
32650,250,200,"sd","09:24:59",1176400
32650,250,2700,"sd","09:25:00",1179100
32650,250,2000,"bu","09:25:01",1181100
32650,250,700,"sd","09:25:04",1181800
32650,250,2000,"sd","09:25:07",1183800
32650,250,400,"bu","09:25:09",1184200
32650,250,2200,"bu","09:25:10",1186400
32650,250,1000,"sd","09:25:24",1187400
32650,250,1900,"bu","09:25:40",1189300
32600,200,1800,"bu","09:25:41",1191100
32650,250,500,"sd","09:25:47",1191600
32650,250,200,"sd","09:25:49",1191800
32650,250,2000,"bu","09:25:55",1193800
32650,250,1900,"bu","09:26:08",1195700
32650,250,200,"sd","09:26:10",1195900
32600,200,1000,"sd","09:26:12",1196900
32650,250,100,"bu","09:26:15",1197000
32650,250,600,"sd","09:26:17",1197600
32650,250,100,"sd","09:26:24",1197700
32650,250,3000,"sd","09:26:26",1200700
32650,250,500,"sd","09:26:28",1201200
32650,250,300,"sd","09:26:31",1201500
32650,250,1200,"sd","09:26:36",1202700
32650,250,1100,"bu","09:26:41",1203800
32650,250,1500,"sd","09:26:43",1205300
32650,250,300,"bu","09:26:49",1205600
32600,200,500,"sd","09:26:50",1206100
32650,250,200,"bu","09:26:59",1206300
32600,200,900,"bu","09:27:10",1207200
32600,200,500,"sd","09:27:11",1207700
32600,200,1000,"sd","09:27:13",1208700
32650,250,100,"sd","09:27:15",1208800
32650,250,3200,"sd","09:27:19",1212000
32600,200,5000,"bu","09:27:24",1217000
32600,200,500,"sd","09:27:24",1217500
32650,250,100,"sd","09:27:28",1217600
32650,250,1800,"sd","09:27:31",1219400
32650,250,100,"sd","09:27:38",1219500
32600,200,2000,"bu","09:27:47",1221500
32650,250,500,"sd","09:27:49",1222000
32650,250,100,"bu","09:27:51",1222100
32600,200,8800,"bu","09:28:08",1230900
32600,200,1000,"sd","09:28:10",1231900
32600,200,4000,"sd","09:28:17",1235900
32650,250,10000,"sd","09:28:17",1245900
32600,200,100,"bu","09:28:18",1246000
32600,200,1900,"sd","09:28:27",1247900
32650,250,47300,"sd","09:28:27",1295200
32650,250,600,"sd","09:28:35",1295800
32650,250,100,"bu","09:28:35",1295900
32650,250,2000,"bu","09:28:42",1297900
32700.000000000004,300,100,"sd","09:28:46",1298000
32650,250,1300,"bu","09:28:53",1299300
32650,250,100,"bu","09:28:55",1299400
32700.000000000004,300,1000,"bu","09:28:56",1300400
32650,250,2000,"bu","09:28:59",1302400
32700.000000000004,300,4000,"sd","09:29:03",1306400
32700.000000000004,300,2000,"sd","09:29:13",1308400
32700.000000000004,300,20000,"bu","09:29:17",1328400
32650,250,2000,"bu","09:29:20",1330400
32700.000000000004,300,1000,"sd","09:29:27",1331400
32700.000000000004,300,200,"sd","09:29:30",1331600
32700.000000000004,300,3500,"sd","09:29:35",1335100
32700.000000000004,300,3100,"sd","09:29:37",1338200
32700.000000000004,300,200,"bu","09:29:53",1338400
32700.000000000004,300,500,"bu","09:29:55",1338900
32700.000000000004,300,100,"bu","09:29:57",1339000
32700.000000000004,300,1000,"bu","09:30:00",1340000
32700.000000000004,300,2600,"sd","09:30:01",1342600
32700.000000000004,300,1000,"bu","09:30:05",1343600
32700.000000000004,300,50100,"sd","09:30:08",1393700
32700.000000000004,300,1100,"bu","09:30:12",1394800
32700.000000000004,300,3000,"bu","09:30:14",1397800
32700.000000000004,300,1000,"bu","09:30:15",1398800
32700.000000000004,300,500,"bu","09:30:16",1399300
32700.000000000004,300,400,"bu","09:30:20",1399700
32700.000000000004,300,10000,"sd","09:30:20",1409700
32700.000000000004,300,100,"sd","09:30:22",1409800
32700.000000000004,300,64900,"bu","09:30:27",1474700
32700.000000000004,300,12500,"bu","09:30:31",1487200
32700.000000000004,300,100,"sd","09:30:41",1487300
32700.000000000004,300,20000,"bu","09:30:57",1507300
32700.000000000004,300,3900,"bu","09:31:06",1511200
32700.000000000004,300,500,"sd","09:31:25",1511700
32700.000000000004,300,2700,"sd","09:31:25",1514400
32700.000000000004,300,300,"bu","09:31:33",1514700
32700.000000000004,300,500,"sd","09:31:36",1515200
32700.000000000004,300,200,"sd","09:31:37",1515400
32750,350,2100,"bu","09:31:37",1517500
32700.000000000004,300,12000,"sd","09:31:40",1529500
32700.000000000004,300,100,"bu","09:31:50",1529600
32750,350,400,"bu","09:31:57",1530000
32750,350,1200,"bu","09:32:17",1531200
32700.000000000004,300,200,"bu","09:32:21",1531400
32750,350,1000,"sd","09:32:22",1532400
32700.000000000004,300,6900,"sd","09:32:31",1539300
32700.000000000004,300,100,"bu","09:32:33",1539400
32750,350,500,"bu","09:32:34",1539900
32700.000000000004,300,100,"sd","09:32:40",1540000
32750,350,2200,"bu","09:32:42",1542200
32700.000000000004,300,200,"sd","09:32:52",1542400
32750,350,8300,"sd","09:32:54",1550700
32700.000000000004,300,5600,"bu","09:32:56",1556300
32750,350,1000,"bu","09:33:06",1557300
32700.000000000004,300,4100,"sd","09:33:13",1561400
32750,350,5000,"sd","09:33:15",1566400
32700.000000000004,300,100,"sd","09:33:19",1566500
32750,350,600,"bu","09:33:21",1567100
32750,350,2000,"sd","09:33:22",1569100
32700.000000000004,300,3000,"bu","09:33:32",1572100
32750,350,2400,"bu","09:33:34",1574500
32750,350,2600,"bu","09:33:35",1577100
32750,350,9900,"bu","09:33:36",1587000
32750,350,100,"sd","09:33:37",1587100
32750,350,500,"sd","09:33:41",1587600
32750,350,5500,"sd","09:33:43",1593100
32700.000000000004,300,10000,"bu","09:33:44",1603100
32750,350,3000,"sd","09:33:45",1606100
32700.000000000004,300,4000,"sd","09:33:49",1610100
32750,350,300,"sd","09:33:51",1610400
32700.000000000004,300,500,"bu","09:34:03",1610900
32700.000000000004,300,700,"bu","09:34:22",1611600
32750,350,2000,"sd","09:34:24",1613600
32700.000000000004,300,100,"bu","09:34:26",1613700
32750,350,500,"bu","09:34:27",1614200
32750,350,9300,"sd","09:34:31",1623500
32750,350,200,"bu","09:34:34",1623700
32750,350,500,"sd","09:34:36",1624200
32750,350,400,"sd","09:34:43",1624600
32700.000000000004,300,800,"bu","09:34:47",1625400
32750,350,10000,"bu","09:34:47",1635400
32750,350,100,"bu","09:34:56",1635500
32750,350,20000,"bu","09:35:13",1655500
32750,350,20000,"bu","09:35:31",1675500
32750,350,100,"sd","09:35:32",1675600
32750,350,3200,"bu","09:35:33",1678800
32750,350,10000,"bu","09:35:40",1688800
32750,350,200,"sd","09:35:41",1689000
32750,350,2700,"bu","09:35:54",1691700
32750,350,500,"bu","09:36:03",1692200
32700.000000000004,300,2100,"bu","09:36:04",1694300
32700.000000000004,300,5100,"bu","09:36:05",1699400
32700.000000000004,300,200,"sd","09:36:10",1699600
32750,350,100,"sd","09:36:12",1699700
32750,350,1800,"sd","09:36:16",1701500
32700.000000000004,300,1700,"bu","09:36:17",1703200
32700.000000000004,300,1000,"sd","09:36:17",1704200
32700.000000000004,300,10000,"bu","09:36:20",1714200
32700.000000000004,300,1000,"bu","09:36:26",1715200
32700.000000000004,300,1700,"sd","09:36:29",1716900
32700.000000000004,300,1700,"bu","09:36:30",1718600
32700.000000000004,300,100,"sd","09:36:31",1718700
32700.000000000004,300,2200,"sd","09:36:33",1720900
32700.000000000004,300,5100,"sd","09:36:37",1726000
32750,350,200,"sd","09:36:37",1726200
32700.000000000004,300,500,"sd","09:36:39",1726700
32700.000000000004,300,700,"bu","09:36:41",1727400
32700.000000000004,300,127500,"bu","09:36:42",1854900
32700.000000000004,300,500,"bu","09:37:08",1855400
32700.000000000004,300,400,"sd","09:37:08",1855800
32700.000000000004,300,100,"bu","09:37:09",1855900
32650,250,1700,"bu","09:37:12",1857600
32650,250,300,"sd","09:37:29",1857900
32650,250,3000,"bu","09:37:30",1860900
32650,250,1700,"sd","09:37:34",1862600
32650,250,500,"bu","09:37:36",1863100
32700.000000000004,300,1000,"sd","09:37:50",1864100
32700.000000000004,300,2000,"sd","09:38:11",1866100
32650,250,1700,"sd","09:38:14",1867800
32650,250,2000,"sd","09:38:15",1869800
32650,250,3900,"bu","09:38:22",1873700
32650,250,5000,"sd","09:38:36",1878700
32650,250,5100,"sd","09:38:37",1883800
32650,250,3000,"bu","09:38:39",1886800
32650,250,1000,"bu","09:38:40",1887800
32650,250,76000,"sd","09:38:44",1963800
32650,250,700,"sd","09:38:45",1964500
32600,200,1000,"bu","09:38:49",1965500
32650,250,100,"bu","09:38:55",1965600
32600,200,2000,"bu","09:39:07",1967600
32600,200,500,"sd","09:39:08",1968100
32650,250,1000,"sd","09:39:10",1969100
32650,250,300,"sd","09:39:14",1969400
32650,250,500,"sd","09:39:19",1969900
32600,200,200,"sd","09:39:26",1970100
32650,250,500,"bu","09:39:27",1970600
32600,200,100,"bu","09:39:28",1970700
32650,250,500,"bu","09:39:37",1971200
32600,200,2000,"bu","09:39:40",1973200
32600,200,5000,"sd","09:39:42",1978200
32600,200,6700,"sd","09:39:47",1984900
32600,200,100,"bu","09:39:55",1985000
32600,200,1000,"sd","09:39:57",1986000
32600,200,30000,"bu","09:39:58",2016000
32600,200,1000,"bu","09:40:00",2017000
32650,250,3700,"bu","09:40:00",2020700
32600,200,3000,"sd","09:40:02",2023700
32600,200,1100,"sd","09:40:02",2024800
32600,200,500,"sd","09:40:03",2025300
32600,200,1700,"sd","09:40:14",2027000
32600,200,300,"bu","09:40:19",2027300
32650,250,3000,"sd","09:40:24",2030300
32600,200,100,"bu","09:40:25",2030400
32600,200,200,"bu","09:40:26",2030600
32600,200,300,"sd","09:40:28",2030900
32650,250,2600,"bu","09:40:35",2033500
32600,200,100,"sd","09:40:42",2033600
32600,200,1000,"sd","09:40:58",2034600
32600,200,500,"bu","09:41:10",2035100
32600,200,1500,"bu","09:41:14",2036600
32600,200,1000,"sd","09:41:17",2037600
32600,200,100,"bu","09:41:24",2037700
32600,200,500,"sd","09:41:25",2038200
32600,200,400,"sd","09:41:27",2038600
32600,200,70000,"bu","09:41:35",2108600
32600,200,300,"sd","09:41:35",2108900
32650,250,10000,"bu","09:41:38",2118900
32600,200,1000,"sd","09:41:41",2119900
32600,200,300,"sd","09:41:43",2120200
32600,200,1100,"bu","09:41:47",2121300
32600,200,200,"bu","09:41:48",2121500
32600,200,4100,"sd","09:41:49",2125600
32600,200,1600,"sd","09:41:50",2127200
32600,200,5000,"sd","09:42:00",2132200
32600,200,200,"bu","09:42:05",2132400
32549.999999999996,150,500,"bu","09:42:08",2132900
32549.999999999996,150,1000,"bu","09:42:14",2133900
32600,200,300,"bu","09:42:17",2134200
32549.999999999996,150,100,"sd","09:42:20",2134300
32549.999999999996,150,500,"sd","09:42:27",2134800
32549.999999999996,150,1700,"bu","09:42:29",2136500
32549.999999999996,150,100,"sd","09:42:34",2136600
32549.999999999996,150,30000,"sd","09:42:42",2166600
32549.999999999996,150,4500,"sd","09:42:44",2171100
32549.999999999996,150,10000,"sd","09:42:44",2181100
32549.999999999996,150,6300,"bu","09:42:45",2187400
32549.999999999996,150,100,"sd","09:42:47",2187500
32549.999999999996,150,10000,"bu","09:42:50",2197500
32500,100,1500,"sd","09:42:54",2199000
32549.999999999996,150,1500,"sd","09:43:00",2200500
32549.999999999996,150,10000,"bu","09:43:01",2210500
32549.999999999996,150,2000,"sd","09:43:03",2212500
32500,100,2800,"sd","09:43:04",2215300
32549.999999999996,150,500,"bu","09:43:17",2215800
32549.999999999996,150,5000,"sd","09:43:29",2220800
32500,100,200,"bu","09:43:34",2221000
32549.999999999996,150,300,"sd","09:43:35",2221300
32500,100,10000,"bu","09:44:05",2231300
32500,100,500,"sd","09:44:09",2231800
32500,100,300,"bu","09:44:11",2232100
32500,100,500,"sd","09:44:14",2232600
32500,100,100,"sd","09:44:19",2232700
32549.999999999996,150,1000,"bu","09:44:25",2233700
32500,100,300,"sd","09:44:26",2234000
32500,100,30000,"sd","09:44:33",2264000
32549.999999999996,150,2500,"sd","09:44:34",2266500
32500,100,3000,"bu","09:44:36",2269500
32500,100,600,"bu","09:44:36",2270100
32549.999999999996,150,100,"sd","09:44:39",2270200
32549.999999999996,150,10100,"bu","09:44:43",2280300
32500,100,800,"sd","09:44:43",2281100
32500,100,400,"sd","09:44:47",2281500
32549.999999999996,150,100,"bu","09:44:54",2281600
32500,100,1000,"sd","09:44:55",2282600
32500,100,5300,"bu","09:45:04",2287900
32500,100,100,"bu","09:45:12",2288000
32500,100,500,"sd","09:45:18",2288500
32500,100,900,"bu","09:45:28",2289400
32500,100,400,"bu","09:45:29",2289800
32549.999999999996,150,100,"bu","09:45:39",2289900
32549.999999999996,150,55800,"bu","09:45:52",2345700
32549.999999999996,150,1700,"bu","09:45:53",2347400
32500,100,200,"sd","09:45:53",2347600
32500,100,2800,"sd","09:45:54",2350400
32549.999999999996,150,9700,"bu","09:45:59",2360100
32549.999999999996,150,600,"sd","09:46:04",2360700
32549.999999999996,150,1000,"bu","09:46:12",2361700
32549.999999999996,150,600,"sd","09:46:17",2362300
32549.999999999996,150,1000,"bu","09:46:23",2363300
32549.999999999996,150,100,"bu","09:46:25",2363400
32549.999999999996,150,1700,"bu","09:46:30",2365100
32549.999999999996,150,500,"sd","09:46:32",2365600
32549.999999999996,150,4000,"sd","09:46:32",2369600
32549.999999999996,150,500,"bu","09:46:33",2370100
32549.999999999996,150,300,"sd","09:46:34",2370400
32549.999999999996,150,3800,"sd","09:46:35",2374200
32549.999999999996,150,200,"sd","09:46:37",2374400
32549.999999999996,150,500,"bu","09:46:38",2374900
32549.999999999996,150,1700,"sd","09:46:39",2376600
32549.999999999996,150,50300,"bu","09:46:44",2426900
32549.999999999996,150,4600,"bu","09:46:45",2431500
32549.999999999996,150,3000,"sd","09:46:52",2434500
32500,100,2800,"sd","09:46:54",2437300
32500,100,2300,"bu","09:46:55",2439600
32500,100,600,"sd","09:46:57",2440200
32549.999999999996,150,15100,"bu","09:46:58",2455300
32549.999999999996,150,3000,"bu","09:46:59",2458300
32549.999999999996,150,3200,"sd","09:46:59",2461500
32549.999999999996,150,1700,"bu","09:47:02",2463200
32549.999999999996,150,1000,"bu","09:47:03",2464200
32549.999999999996,150,1400,"sd","09:47:04",2465600
32549.999999999996,150,3400,"sd","09:47:05",2469000
32549.999999999996,150,1700,"bu","09:47:10",2470700
32549.999999999996,150,100,"sd","09:47:11",2470800
32549.999999999996,150,3900,"bu","09:47:14",2474700
32549.999999999996,150,30700,"sd","09:47:15",2505400
32500,100,1700,"bu","09:47:19",2507100
32549.999999999996,150,100,"bu","09:47:21",2507200
32500,100,1800,"sd","09:47:24",2509000
32500,100,5000,"sd","09:47:27",2514000
32500,100,2000,"bu","09:47:34",2516000
32500,100,100,"sd","09:47:44",2516100
32549.999999999996,150,3600,"sd","09:48:06",2519700
32549.999999999996,150,1000,"bu","09:48:13",2520700
32500,100,200,"bu","09:48:14",2520900
32549.999999999996,150,100,"bu","09:48:15",2521000
32500,100,2000,"sd","09:48:22",2523000
32500,100,100,"sd","09:48:24",2523100
32549.999999999996,150,10000,"sd","09:48:30",2533100
32549.999999999996,150,800,"bu","09:48:31",2533900
32500,100,1000,"sd","09:48:32",2534900
32500,100,500,"sd","09:48:34",2535400
32500,100,500,"bu","09:48:37",2535900
32500,100,3500,"bu","09:48:49",2539400
32500,100,100,"sd","09:48:54",2539500
32500,100,1000,"sd","09:48:59",2540500
32500,100,200,"bu","09:49:09",2540700
32500,100,500,"bu","09:49:10",2541200
32500,100,300,"bu","09:49:16",2541500
32549.999999999996,150,500,"sd","09:49:17",2542000
32549.999999999996,150,1500,"bu","09:49:18",2543500
32500,100,100,"bu","09:49:24",2543600
32549.999999999996,150,4000,"bu","09:49:25",2547600
32500,100,1000,"bu","09:49:29",2548600
32500,100,3500,"sd","09:49:29",2552100
32500,100,1000,"sd","09:49:30",2553100
32500,100,500,"bu","09:49:33",2553600
32500,100,400,"sd","09:49:34",2554000
32500,100,1000,"bu","09:49:37",2555000
32549.999999999996,150,5000,"sd","09:49:37",2560000
32500,100,100,"sd","09:49:43",2560100
32500,100,300,"bu","09:49:44",2560400
32549.999999999996,150,1000,"bu","09:49:51",2561400
32500,100,3000,"bu","09:49:53",2564400
32500,100,100,"bu","09:49:54",2564500
32500,100,800,"sd","09:50:12",2565300
32549.999999999996,150,37000,"bu","09:50:13",2602300
32500,100,1500,"bu","09:50:19",2603800
32500,100,1900,"sd","09:50:24",2605700
32549.999999999996,150,5000,"bu","09:50:32",2610700
32500,100,300,"sd","09:50:34",2611000
32500,100,20000,"bu","09:50:35",2631000
32500,100,5000,"sd","09:50:38",2636000
32500,100,1200,"sd","09:50:44",2637200
32500,100,2900,"sd","09:50:44",2640100
32500,100,5000,"sd","09:50:53",2645100
32500,100,400,"bu","09:50:54",2645500
32500,100,47700,"bu","09:50:56",2693200
32500,100,2400,"sd","09:51:04",2695600
32549.999999999996,150,20000,"sd","09:51:07",2715600
32500,100,5000,"bu","09:51:08",2720600
32549.999999999996,150,1000,"sd","09:51:12",2721600
32500,100,1400,"bu","09:51:14",2723000
32500,100,50000,"bu","09:51:27",2773000
32500,100,1600,"sd","09:51:30",2774600
32500,100,2500,"sd","09:51:34",2777100
32500,100,100,"bu","09:51:44",2777200
32500,100,18800,"sd","09:51:56",2796000
32500,100,1400,"bu","09:51:57",2797400
32500,100,6300,"bu","09:51:59",2803700
32500,100,1400,"sd","09:52:04",2805100
32549.999999999996,150,15000,"bu","09:52:06",2820100
32500,100,800,"sd","09:52:14",2820900
32549.999999999996,150,100,"bu","09:52:18",2821000
32549.999999999996,150,200,"bu","09:52:22",2821200
32500,100,300,"bu","09:52:24",2821500
32500,100,1000,"sd","09:52:28",2822500
32500,100,4000,"bu","09:52:35",2826500
32500,100,1000,"sd","09:52:38",2827500
32500,100,200,"bu","09:52:44",2827700
32500,100,2800,"sd","09:52:46",2830500
32500,100,400,"sd","09:52:47",2830900
32500,100,10000,"sd","09:52:49",2840900
32549.999999999996,150,2000,"bu","09:52:53",2842900
32500,100,700,"bu","09:52:54",2843600
32549.999999999996,150,15000,"sd","09:52:54",2858600
32500,100,700,"bu","09:53:04",2859300
32549.999999999996,150,600,"bu","09:53:05",2859900
32549.999999999996,150,100,"sd","09:53:08",2860000
32500,100,2000,"bu","09:53:10",2862000
32500,100,100,"bu","09:53:13",2862100
32500,100,6100,"bu","09:53:20",2868200
32500,100,20000,"bu","09:53:22",2888200
32500,100,1300,"sd","09:53:24",2889500
32500,100,5000,"bu","09:53:28",2894500
32549.999999999996,150,1000,"bu","09:53:32",2895500
32500,100,300,"sd","09:53:34",2895800
32500,100,6300,"sd","09:53:39",2902100
32500,100,8100,"bu","09:53:43",2910200
32500,100,700,"bu","09:53:44",2910900
32500,100,2500,"bu","09:53:49",2913400
32500,100,34300,"bu","09:53:51",2947700
32500,100,10000,"sd","09:53:53",2957700
32500,100,2300,"sd","09:53:54",2960000
32500,100,7100,"sd","09:53:55",2967100
32549.999999999996,150,100,"bu","09:53:56",2967200
32500,100,700,"sd","09:53:57",2967900
32500,100,2300,"bu","09:53:57",2970200
32500,100,10900,"bu","09:53:59",2981100
32450.000000000004,50,1100,"bu","09:54:04",2982200
32500,100,1700,"bu","09:54:06",2983900
32450.000000000004,50,100,"bu","09:54:14",2984000
32450.000000000004,50,200,"sd","09:54:21",2984200
32450.000000000004,50,7200,"sd","09:54:28",2991400
32450.000000000004,50,300,"sd","09:54:34",2991700
32450.000000000004,50,500,"sd","09:54:36",2992200
32450.000000000004,50,5100,"sd","09:55:11",2997300
32450.000000000004,50,100,"sd","09:55:13",2997400
32450.000000000004,50,200,"sd","09:55:14",2997600
32450.000000000004,50,5000,"sd","09:55:19",3002600
32450.000000000004,50,200,"sd","09:55:24",3002800
32450.000000000004,50,30000,"bu","09:55:25",3032800
32450.000000000004,50,1000,"sd","09:55:26",3033800
32450.000000000004,50,300,"bu","09:55:26",3034100
32450.000000000004,50,5100,"bu","09:55:33",3039200
32450.000000000004,50,1800,"sd","09:55:34",3041000
32450.000000000004,50,15000,"sd","09:55:36",3056000
32450.000000000004,50,200,"sd","09:55:36",3056200
32450.000000000004,50,1000,"bu","09:55:42",3057200
32450.000000000004,50,900,"bu","09:55:44",3058100
32450.000000000004,50,9400,"bu","09:55:45",3067500
32450.000000000004,50,1000,"bu","09:55:49",3068500
32400,0,500,"bu","09:55:54",3069000
32400,0,300,"bu","09:55:55",3069300
32400,0,700,"bu","09:56:11",3070000
32450.000000000004,50,200,"bu","09:56:13",3070200
32400,0,1000,"bu","09:56:15",3071200
32450.000000000004,50,100,"bu","09:56:21",3071300
32400,0,5100,"bu","09:56:28",3076400
32400,0,2500,"bu","09:56:28",3078900
32400,0,300,"sd","09:56:34",3079200
32400,0,2000,"sd","09:56:37",3081200
32400,0,200,"sd","09:56:42",3081400
32400,0,100,"bu","09:56:44",3081500
32450.000000000004,50,700,"bu","09:56:49",3082200
32450.000000000004,50,1000,"bu","09:56:58",3083200
32400,0,200,"sd","09:57:04",3083400
32450.000000000004,50,20200,"bu","09:57:11",3103600
32450.000000000004,50,4800,"sd","09:57:14",3108400
32450.000000000004,50,100,"bu","09:57:15",3108500
32450.000000000004,50,10000,"bu","09:57:15",3118500
32400,0,5100,"bu","09:57:16",3123600
32450.000000000004,50,500,"bu","09:57:20",3124100
32400,0,1000,"bu","09:57:24",3125100
32450.000000000004,50,1500,"sd","09:57:26",3126600
32450.000000000004,50,8600,"sd","09:57:29",3135200
32450.000000000004,50,46400,"bu","09:57:30",3181600
32450.000000000004,50,2800,"sd","09:57:34",3184400
32500,100,20000,"sd","09:57:37",3204400
32450.000000000004,50,1100,"sd","09:57:44",3205500
32450.000000000004,50,3000,"sd","09:57:52",3208500
32450.000000000004,50,200,"bu","09:57:54",3208700
32500,100,1000,"bu","09:57:59",3209700
32500,100,300,"bu","09:58:16",3210000
32500,100,900,"bu","09:58:17",3210900
32500,100,23000,"bu","09:58:18",3233900
32500,100,18800,"bu","09:58:22",3252700
32500,100,600,"bu","09:58:22",3253300
32500,100,10000,"sd","09:58:23",3263300
32500,100,42600,"sd","09:58:26",3305900
32500,100,7900,"sd","09:58:28",3313800
32500,100,10000,"sd","09:58:30",3323800
32500,100,10000,"sd","09:58:32",3333800
32500,100,12900,"bu","09:58:33",3346700
32500,100,1000,"sd","09:58:34",3347700
32450.000000000004,50,4100,"bu","09:58:34",3351800
32500,100,200,"sd","09:58:35",3352000
32500,100,15200,"bu","09:58:36",3367200
32500,100,18800,"bu","09:58:36",3386000
32500,100,300,"bu","09:58:38",3386300
32500,100,3000,"bu","09:58:39",3389300
32500,100,1000,"sd","09:58:40",3390300
32500,100,11000,"sd","09:58:42",3401300
32500,100,100,"sd","09:58:43",3401400
32500,100,38300,"sd","09:58:43",3439700
32500,100,4600,"bu","09:58:44",3444300
32500,100,2000,"bu","09:58:47",3446300
32500,100,300,"sd","09:58:48",3446600
32549.999999999996,150,10000,"sd","09:58:51",3456600
32500,100,800,"sd","09:58:54",3457400
32549.999999999996,150,10000,"sd","09:59:04",3467400
32549.999999999996,150,900,"sd","09:59:11",3468300
32500,100,1000,"bu","09:59:14",3469300
32500,100,500,"sd","09:59:14",3469800
32549.999999999996,150,10000,"sd","09:59:16",3479800
32500,100,500,"sd","09:59:24",3480300
32500,100,3000,"bu","09:59:34",3483300
32500,100,300,"sd","09:59:35",3483600
32500,100,200,"sd","09:59:38",3483800
32500,100,1000,"sd","09:59:40",3484800
32500,100,200,"bu","09:59:44",3485000
32500,100,1000,"bu","09:59:53",3486000
32500,100,5000,"sd","10:00:01",3491000
32500,100,200,"bu","10:00:04",3491200
32500,100,30000,"sd","10:00:05",3521200
32500,100,5000,"bu","10:00:06",3526200
32500,100,100,"bu","10:00:09",3526300
32500,100,10000,"bu","10:00:10",3536300
32500,100,3000,"bu","10:00:12",3539300
32500,100,1400,"sd","10:00:14",3540700
32500,100,5000,"bu","10:00:15",3545700
32500,100,4000,"bu","10:00:17",3549700
32500,100,700,"sd","10:00:20",3550400
32500,100,1000,"sd","10:00:24",3551400
32500,100,200,"sd","10:00:25",3551600
32500,100,500,"sd","10:00:27",3552100
32500,100,9700,"bu","10:00:28",3561800
32500,100,300,"bu","10:00:29",3562100
32500,100,700,"bu","10:00:32",3562800
32500,100,3400,"bu","10:00:34",3566200
32500,100,200,"bu","10:00:39",3566400
32500,100,100,"bu","10:00:46",3566500
32500,100,500,"bu","10:00:47",3567000
32500,100,2400,"bu","10:01:03",3569400
32500,100,1000,"sd","10:01:12",3570400
32549.999999999996,150,20000,"sd","10:01:13",3590400
32549.999999999996,150,100,"sd","10:01:24",3590500
32500,100,15000,"bu","10:01:25",3605500
32500,100,1800,"sd","10:01:59",3607300
32500,100,2000,"bu","10:02:01",3609300
32549.999999999996,150,3100,"bu","10:02:26",3612400
32500,100,800,"bu","10:02:33",3613200
32500,100,2400,"sd","10:02:40",3615600
32500,100,2000,"bu","10:02:48",3617600
32500,100,2500,"bu","10:02:53",3620100
32500,100,2700,"bu","10:03:06",3622800
32500,100,2300,"bu","10:03:07",3625100
32500,100,1000,"bu","10:03:14",3626100
32500,100,400,"bu","10:03:22",3626500
32500,100,3500,"bu","10:03:22",3630000
32549.999999999996,150,600,"bu","10:03:23",3630600
32549.999999999996,150,300,"bu","10:04:32",3630900
32549.999999999996,150,5000,"bu","10:04:54",3635900
32549.999999999996,150,20000,"bu","10:04:57",3655900
32549.999999999996,150,100,"bu","10:05:00",3656000
32549.999999999996,150,2000,"bu","10:05:01",3658000
32500,100,5000,"bu","10:05:02",3663000
32549.999999999996,150,10000,"sd","10:05:28",3673000
32549.999999999996,150,8000,"sd","10:05:34",3681000
32549.999999999996,150,15000,"bu","10:05:42",3696000
32549.999999999996,150,500,"sd","10:05:46",3696500
32549.999999999996,150,10000,"bu","10:05:57",3706500
32549.999999999996,150,1000,"bu","10:06:03",3707500
32500,100,1000,"sd","10:06:04",3708500
32549.999999999996,150,300,"sd","10:06:22",3708800
32549.999999999996,150,10000,"sd","10:06:26",3718800
32549.999999999996,150,20000,"sd","10:06:27",3738800
32549.999999999996,150,3500,"sd","10:06:27",3742300
32549.999999999996,150,3000,"sd","10:06:30",3745300
32549.999999999996,150,5000,"sd","10:06:31",3750300
32549.999999999996,150,16100,"bu","10:06:33",3766400
32549.999999999996,150,3000,"sd","10:06:35",3769400
32549.999999999996,150,6100,"bu","10:06:40",3775500
32549.999999999996,150,100,"bu","10:06:43",3775600
32549.999999999996,150,300,"sd","10:06:47",3775900
32549.999999999996,150,5000,"bu","10:06:48",3780900
32500,100,300,"sd","10:06:49",3781200
32549.999999999996,150,20000,"sd","10:06:51",3801200
32549.999999999996,150,11000,"sd","10:06:56",3812200
32549.999999999996,150,5000,"bu","10:06:57",3817200
32549.999999999996,150,2000,"bu","10:07:03",3819200
32549.999999999996,150,5500,"bu","10:07:07",3824700
32549.999999999996,150,1600,"bu","10:07:08",3826300
32549.999999999996,150,10900,"bu","10:07:10",3837200
32549.999999999996,150,100,"bu","10:07:13",3837300
32600,200,50000,"bu","10:07:23",3887300
32600,200,300,"bu","10:07:34",3887600
32600,200,6000,"bu","10:07:43",3893600
32549.999999999996,150,5000,"bu","10:07:52",3898600
32600,200,100,"sd","10:07:56",3898700
32600,200,400,"bu","10:08:26",3899100
32600,200,3000,"bu","10:08:38",3902100
32600,200,10000,"bu","10:08:43",3912100
32549.999999999996,150,1000,"sd","10:08:47",3913100
32549.999999999996,150,1500,"bu","10:08:48",3914600
32600,200,4000,"sd","10:08:49",3918600
32600,200,500,"sd","10:08:55",3919100
32600,200,10000,"sd","10:08:57",3929100
32600,200,3700,"sd","10:09:12",3932800
32600,200,400,"bu","10:09:13",3933200
32600,200,5000,"bu","10:09:31",3938200
32549.999999999996,150,200,"sd","10:09:49",3938400
32549.999999999996,150,800,"sd","10:09:50",3939200
32549.999999999996,150,500,"bu","10:09:54",3939700
32600,200,100,"bu","10:09:56",3939800
32549.999999999996,150,2000,"bu","10:09:57",3941800
32600,200,5000,"bu","10:10:04",3946800
32549.999999999996,150,800,"bu","10:10:05",3947600
32549.999999999996,150,900,"sd","10:10:06",3948500
32600,200,500,"bu","10:10:17",3949000
32549.999999999996,150,100,"sd","10:10:28",3949100
32600,200,6000,"sd","10:11:01",3955100
32549.999999999996,150,400,"bu","10:11:07",3955500
32549.999999999996,150,3000,"sd","10:11:23",3958500
32549.999999999996,150,100,"bu","10:11:43",3958600
32549.999999999996,150,1000,"bu","10:11:48",3959600
32549.999999999996,150,900,"bu","10:11:49",3960500
32549.999999999996,150,1000,"sd","10:11:52",3961500
32549.999999999996,150,50000,"bu","10:12:10",4011500
32549.999999999996,150,23300,"bu","10:12:12",4034800
32549.999999999996,150,1000,"sd","10:12:24",4035800
32549.999999999996,150,200,"sd","10:12:38",4036000
32549.999999999996,150,6800,"sd","10:12:45",4042800
32549.999999999996,150,500,"bu","10:12:47",4043300
32549.999999999996,150,42400,"sd","10:12:48",4085700
32500,100,600,"sd","10:12:49",4086300
32500,100,1200,"bu","10:13:27",4087500
32500,100,1000,"sd","10:13:35",4088500
32500,100,100,"bu","10:13:40",4088600
32500,100,7600,"bu","10:13:54",4096200
32500,100,200,"sd","10:13:59",4096400
32500,100,400,"bu","10:14:03",4096800
32500,100,15000,"bu","10:14:13",4111800
32549.999999999996,150,1200,"bu","10:14:17",4113000
32549.999999999996,150,200,"bu","10:14:18",4113200
32500,100,3700,"sd","10:14:21",4116900
32500,100,30000,"bu","10:14:22",4146900
32549.999999999996,150,2800,"bu","10:14:24",4149700
32500,100,5000,"sd","10:14:30",4154700
32500,100,1400,"sd","10:14:50",4156100
32500,100,1100,"bu","10:15:04",4157200
32500,100,5000,"sd","10:15:04",4162200
32500,100,2000,"sd","10:15:07",4164200
32500,100,10100,"bu","10:15:31",4174300
32500,100,30000,"bu","10:15:33",4204300
32500,100,3000,"bu","10:15:51",4207300
32450.000000000004,50,3500,"sd","10:16:07",4210800
32500,100,3800,"sd","10:16:08",4214600
32450.000000000004,50,2900,"sd","10:16:15",4217500
32450.000000000004,50,3600,"sd","10:16:22",4221100
32450.000000000004,50,500,"sd","10:16:27",4221600
32450.000000000004,50,1000,"bu","10:16:31",4222600
32450.000000000004,50,200,"sd","10:16:36",4222800
32450.000000000004,50,4100,"bu","10:16:39",4226900
32500,100,1000,"bu","10:16:41",4227900
32450.000000000004,50,400,"sd","10:16:56",4228300
32450.000000000004,50,1000,"sd","10:16:59",4229300
32450.000000000004,50,5200,"sd","10:17:17",4234500
32450.000000000004,50,300,"bu","10:17:18",4234800
32450.000000000004,50,2600,"sd","10:17:22",4237400
32450.000000000004,50,1000,"sd","10:17:27",4238400
32450.000000000004,50,500,"bu","10:17:32",4238900
32450.000000000004,50,1000,"sd","10:17:33",4239900
32450.000000000004,50,500,"sd","10:17:34",4240400
32450.000000000004,50,300,"sd","10:18:10",4240700
32450.000000000004,50,200,"sd","10:18:18",4240900
32450.000000000004,50,400,"sd","10:18:23",4241300
32450.000000000004,50,1400,"bu","10:18:28",4242700
32450.000000000004,50,1700,"sd","10:18:33",4244400
32450.000000000004,50,100,"bu","10:18:39",4244500
32450.000000000004,50,1300,"bu","10:18:52",4245800
32450.000000000004,50,600,"bu","10:19:00",4246400
32500,100,9400,"bu","10:19:04",4255800
32500,100,300,"bu","10:19:06",4256100
32450.000000000004,50,400,"bu","10:19:12",4256500
32450.000000000004,50,1000,"bu","10:19:23",4257500
32450.000000000004,50,100,"bu","10:20:01",4257600
32450.000000000004,50,2000,"bu","10:20:35",4259600
32500,100,6000,"sd","10:20:37",4265600
32500,100,1000,"sd","10:20:56",4266600
32500,100,600,"sd","10:21:00",4267200
32500,100,3000,"sd","10:21:03",4270200
32500,100,1000,"bu","10:21:05",4271200
32500,100,100,"bu","10:21:09",4271300
32500,100,1000,"bu","10:21:12",4272300
32500,100,400,"sd","10:21:17",4272700
32500,100,100,"sd","10:21:19",4272800
32500,100,400,"sd","10:21:23",4273200
32500,100,100,"bu","10:21:33",4273300
32500,100,3800,"sd","10:21:40",4277100
32450.000000000004,50,100,"bu","10:21:43",4277200
32500,100,200,"sd","10:21:51",4277400
32500,100,100,"sd","10:21:53",4277500
32450.000000000004,50,1700,"sd","10:21:55",4279200
32500,100,400,"sd","10:22:02",4279600
32500,100,500,"sd","10:22:16",4280100
32500,100,400,"sd","10:22:18",4280500
32500,100,30000,"sd","10:22:21",4310500
32500,100,100,"sd","10:22:25",4310600
32500,100,1000,"bu","10:22:30",4311600
32500,100,100,"sd","10:22:31",4311700
32500,100,30300,"bu","10:22:36",4342000
32500,100,300,"sd","10:22:43",4342300
32450.000000000004,50,100,"sd","10:22:45",4342400
32500,100,4000,"sd","10:22:47",4346400
32500,100,3800,"bu","10:22:47",4350200
32450.000000000004,50,10100,"bu","10:22:55",4360300
32500,100,4600,"sd","10:22:58",4364900
32500,100,1000,"sd","10:23:11",4365900
32450.000000000004,50,500,"bu","10:23:16",4366400
32500,100,100,"bu","10:23:19",4366500
32500,100,20000,"sd","10:23:25",4386500
32450.000000000004,50,200,"bu","10:23:28",4386700
32500,100,800,"bu","10:23:41",4387500
32450.000000000004,50,3000,"sd","10:23:42",4390500
32450.000000000004,50,3000,"bu","10:23:48",4393500
32450.000000000004,50,4000,"sd","10:23:55",4397500
32450.000000000004,50,114200,"bu","10:24:23",4511700
32450.000000000004,50,300,"sd","10:24:35",4512000
32450.000000000004,50,200,"sd","10:24:37",4512200
32400,0,32000,"bu","10:24:44",4544200
32450.000000000004,50,94800,"bu","10:24:47",4639000
32450.000000000004,50,100,"bu","10:24:55",4639100
32450.000000000004,50,600,"sd","10:25:21",4639700
32450.000000000004,50,7100,"bu","10:25:25",4646800
32450.000000000004,50,3000,"bu","10:25:28",4649800
32450.000000000004,50,500,"bu","10:25:34",4650300
32450.000000000004,50,100,"bu","10:25:35",4650400
32500,100,300,"sd","10:25:38",4650700
32450.000000000004,50,100,"sd","10:25:44",4650800
32450.000000000004,50,3100,"sd","10:26:24",4653900
32450.000000000004,50,5000,"sd","10:26:35",4658900
32500,100,3000,"bu","10:26:40",4661900
32500,100,30000,"bu","10:26:56",4691900
32500,100,30000,"sd","10:26:58",4721900
32500,100,100,"sd","10:27:00",4722000
32500,100,9100,"sd","10:27:03",4731100
32500,100,500,"bu","10:27:04",4731600
32500,100,100,"sd","10:27:10",4731700
32500,100,41400,"sd","10:27:32",4773100
32500,100,10000,"sd","10:27:36",4783100
32500,100,400,"sd","10:27:45",4783500
32500,100,300,"sd","10:27:57",4783800
32500,100,10000,"bu","10:28:07",4793800
32450.000000000004,50,300,"sd","10:28:07",4794100
32500,100,46500,"bu","10:28:17",4840600
32500,100,500,"bu","10:28:21",4841100
32500,100,5000,"sd","10:28:22",4846100
32500,100,2300,"sd","10:28:27",4848400
32450.000000000004,50,5700,"bu","10:28:40",4854100
32500,100,1500,"bu","10:29:02",4855600
32500,100,2500,"bu","10:29:03",4858100
32500,100,2000,"sd","10:29:10",4860100
32500,100,600,"sd","10:29:16",4860700
32500,100,400,"bu","10:29:19",4861100
32500,100,100,"bu","10:29:21",4861200
32500,100,200,"sd","10:29:23",4861400
32500,100,4900,"sd","10:29:29",4866300
32500,100,200,"bu","10:29:31",4866500
32500,100,9000,"bu","10:29:37",4875500
32500,100,400,"bu","10:29:38",4875900
32500,100,4000,"sd","10:29:45",4879900
32500,100,17600,"bu","10:29:52",4897500
32500,100,2000,"bu","10:29:58",4899500
32500,100,500,"bu","10:30:13",4900000
32500,100,800,"sd","10:30:16",4900800
32500,100,500,"sd","10:30:19",4901300
32450.000000000004,50,300,"bu","10:30:31",4901600
32500,100,100,"sd","10:30:32",4901700
32500,100,3800,"sd","10:30:34",4905500
32500,100,100,"bu","10:30:40",4905600
32500,100,700,"sd","10:30:42",4906300
32500,100,23000,"sd","10:30:44",4929300
32500,100,100,"bu","10:30:49",4929400
32500,100,300,"bu","10:31:00",4929700
32500,100,4900,"sd","10:31:03",4934600
32450.000000000004,50,5100,"sd","10:31:16",4939700
32450.000000000004,50,6300,"bu","10:31:32",4946000
32450.000000000004,50,500,"bu","10:31:47",4946500
32500,100,1000,"bu","10:32:02",4947500
32500,100,50000,"sd","10:32:17",4997500
32450.000000000004,50,1800,"sd","10:32:17",4999300
32500,100,4000,"bu","10:32:18",5003300
32450.000000000004,50,10000,"sd","10:32:26",5013300
32450.000000000004,50,200,"bu","10:32:37",5013500
32450.000000000004,50,100,"sd","10:32:44",5013600
32450.000000000004,50,2400,"bu","10:33:01",5016000
32450.000000000004,50,500,"bu","10:33:10",5016500
32450.000000000004,50,1300,"bu","10:33:25",5017800
32450.000000000004,50,100,"sd","10:33:29",5017900
32500,100,5100,"bu","10:33:46",5023000
32450.000000000004,50,100,"bu","10:33:53",5023100
32500,100,2000,"bu","10:33:56",5025100
32500,100,4400,"sd","10:34:20",5029500
32500,100,27100,"sd","10:34:32",5056600
32500,100,5000,"sd","10:34:33",5061600
32450.000000000004,50,100,"bu","10:34:38",5061700
32500,100,200,"bu","10:34:43",5061900
32500,100,3000,"bu","10:34:45",5064900
32500,100,10000,"sd","10:34:53",5074900
32500,100,500,"sd","10:34:55",5075400
32500,100,3800,"bu","10:35:02",5079200
32500,100,100,"sd","10:35:03",5079300
32500,100,3500,"bu","10:35:25",5082800
32450.000000000004,50,1500,"bu","10:35:54",5084300
32500,100,2000,"bu","10:36:08",5086300
32500,100,10000,"sd","10:36:14",5096300
32500,100,200,"sd","10:36:21",5096500
32500,100,7000,"bu","10:36:25",5103500
32500,100,10000,"bu","10:36:26",5113500
32500,100,4000,"sd","10:36:32",5117500
32500,100,10000,"sd","10:36:34",5127500
32500,100,600,"bu","10:36:40",5128100
32500,100,10000,"bu","10:36:49",5138100
32500,100,300,"bu","10:36:50",5138400
32500,100,1800,"sd","10:36:59",5140200
32500,100,1200,"bu","10:37:01",5141400
32500,100,100,"sd","10:37:04",5141500
32500,100,3000,"bu","10:37:05",5144500
32500,100,5000,"bu","10:37:06",5149500
32500,100,2000,"sd","10:37:09",5151500
32500,100,5000,"bu","10:37:13",5156500
32500,100,4100,"sd","10:37:14",5160600
32450.000000000004,50,400,"bu","10:37:18",5161000
32500,100,20000,"bu","10:37:19",5181000
32500,100,11600,"sd","10:37:20",5192600
32500,100,1000,"sd","10:37:25",5193600
32549.999999999996,150,100,"bu","10:37:35",5193700
32500,100,5500,"bu","10:37:38",5199200
32500,100,100,"sd","10:37:47",5199300
32500,100,500,"bu","10:37:54",5199800
32500,100,200,"bu","10:38:09",5200000
32500,100,100,"sd","10:38:14",5200100
32500,100,2000,"bu","10:38:51",5202100
32500,100,100,"bu","10:38:55",5202200
32500,100,3900,"bu","10:39:04",5206100
32500,100,100,"bu","10:39:07",5206200
32500,100,900,"sd","10:39:12",5207100
32500,100,800,"sd","10:39:23",5207900
32500,100,100,"bu","10:39:36",5208000
32500,100,2000,"sd","10:39:48",5210000
32500,100,700,"sd","10:40:01",5210700
32500,100,500,"bu","10:40:20",5211200
32500,100,100,"bu","10:40:22",5211300
32549.999999999996,150,1000,"sd","10:40:30",5212300
32549.999999999996,150,100,"bu","10:40:35",5212400
32549.999999999996,150,30000,"bu","10:41:01",5242400
32549.999999999996,150,1500,"bu","10:41:03",5243900
32549.999999999996,150,300,"bu","10:41:09",5244200
32549.999999999996,150,20100,"sd","10:41:19",5264300
32549.999999999996,150,30000,"sd","10:41:23",5294300
32549.999999999996,150,3000,"sd","10:41:45",5297300
32549.999999999996,150,200,"sd","10:41:49",5297500
32549.999999999996,150,3500,"sd","10:41:50",5301000
32549.999999999996,150,1000,"bu","10:41:52",5302000
32549.999999999996,150,2600,"sd","10:41:53",5304600
32549.999999999996,150,900,"bu","10:41:58",5305500
32549.999999999996,150,10000,"bu","10:42:01",5315500
32549.999999999996,150,2000,"bu","10:42:07",5317500
32549.999999999996,150,1000,"bu","10:42:17",5318500
32549.999999999996,150,1800,"sd","10:42:22",5320300
32549.999999999996,150,9900,"sd","10:42:35",5330200
32549.999999999996,150,900,"bu","10:42:39",5331100
32549.999999999996,150,100,"sd","10:42:42",5331200
32500,100,600,"sd","10:43:08",5331800
32500,100,3000,"sd","10:43:10",5334800
32500,100,200,"sd","10:43:35",5335000
32549.999999999996,150,2100,"bu","10:43:50",5337100
32549.999999999996,150,1000,"bu","10:44:01",5338100
32500,100,1400,"bu","10:44:07",5339500
32549.999999999996,150,1000,"bu","10:44:16",5340500
32500,100,66700,"sd","10:44:19",5407200
32549.999999999996,150,15000,"sd","10:44:23",5422200
32549.999999999996,150,300,"bu","10:44:37",5422500
32549.999999999996,150,500,"bu","10:44:42",5423000
32549.999999999996,150,100,"sd","10:45:08",5423100
32549.999999999996,150,1000,"bu","10:45:13",5424100
32600,200,800,"bu","10:45:27",5424900
32600,200,1600,"sd","10:45:33",5426500
32600,200,500,"bu","10:45:38",5427000
32600,200,1000,"bu","10:45:42",5428000
32600,200,6000,"bu","10:45:45",5434000
32549.999999999996,150,100,"sd","10:45:47",5434100
32600,200,2200,"sd","10:46:00",5436300
32600,200,500,"sd","10:46:08",5436800
32600,200,1600,"sd","10:46:19",5438400
32549.999999999996,150,11500,"sd","10:46:20",5449900
32600,200,3400,"sd","10:46:38",5453300
32549.999999999996,150,2000,"sd","10:46:52",5455300
32600,200,3400,"bu","10:46:57",5458700
32600,200,5000,"sd","10:47:01",5463700
32600,200,50000,"sd","10:47:07",5513700
32600,200,2300,"sd","10:47:17",5516000
32549.999999999996,150,500,"bu","10:47:18",5516500
32600,200,1000,"sd","10:47:21",5517500
32600,200,3400,"sd","10:47:22",5520900
32600,200,300,"sd","10:47:25",5521200
32600,200,2000,"sd","10:47:29",5523200
32549.999999999996,150,4800,"bu","10:47:42",5528000
32549.999999999996,150,10000,"sd","10:47:56",5538000
32600,200,100,"bu","10:47:57",5538100
32600,200,10000,"bu","10:48:03",5548100
32600,200,800,"sd","10:48:03",5548900
32549.999999999996,150,1000,"bu","10:48:04",5549900
32600,200,1600,"sd","10:48:12",5551500
32600,200,200,"sd","10:48:34",5551700
32600,200,100,"sd","10:48:43",5551800
32600,200,1500,"bu","10:48:44",5553300
32600,200,1000,"sd","10:48:46",5554300
32549.999999999996,150,8000,"bu","10:48:54",5562300
32600,200,200,"bu","10:48:59",5562500
32600,200,3400,"bu","10:49:06",5565900
32600,200,7000,"bu","10:49:10",5572900
32600,200,2000,"sd","10:49:12",5574900
32600,200,20000,"sd","10:49:17",5594900
32600,200,2000,"bu","10:49:18",5596900
32600,200,6000,"sd","10:49:22",5602900
32600,200,500,"bu","10:49:22",5603400
32600,200,12000,"sd","10:49:27",5615400
32600,200,1000,"sd","10:49:28",5616400
32600,200,1200,"sd","10:49:35",5617600
32600,200,2000,"sd","10:49:37",5619600
32600,200,5000,"bu","10:49:38",5624600
32600,200,2000,"sd","10:49:42",5626600
32600,200,3000,"bu","10:49:48",5629600
32600,200,11200,"sd","10:49:52",5640800
32600,200,2100,"bu","10:49:53",5642900
32600,200,36200,"sd","10:49:54",5679100
32600,200,3000,"sd","10:49:57",5682100
32600,200,300,"bu","10:49:59",5682400
32600,200,5100,"sd","10:50:00",5687500
32600,200,79300,"sd","10:50:01",5766800
32650,250,4100,"sd","10:50:02",5770900
32650,250,2700,"sd","10:50:10",5773600
32600,200,600,"bu","10:50:20",5774200
32600,200,1200,"bu","10:50:24",5775400
32600,200,1000,"bu","10:50:31",5776400
32600,200,2000,"sd","10:50:43",5778400
32600,200,200,"sd","10:50:44",5778600
32650,250,1000,"bu","10:50:52",5779600
32650,250,1500,"sd","10:51:20",5781100
32600,200,70000,"bu","10:51:27",5851100
32600,200,2000,"bu","10:51:40",5853100
32600,200,100,"sd","10:51:49",5853200
32600,200,500,"bu","10:51:54",5853700
32600,200,1100,"sd","10:52:05",5854800
32600,200,800,"sd","10:52:15",5855600
32650,250,2000,"bu","10:52:18",5857600
32600,200,50000,"bu","10:52:23",5907600
32600,200,10000,"bu","10:52:30",5917600
32600,200,54800,"bu","10:52:32",5972400
32600,200,5000,"sd","10:52:34",5977400
32600,200,1500,"sd","10:52:49",5978900
32549.999999999996,150,100,"sd","10:53:03",5979000
32600,200,1300,"bu","10:53:36",5980300
32600,200,5000,"sd","10:54:15",5985300
32600,200,500,"sd","10:54:24",5985800
32549.999999999996,150,11400,"sd","10:54:29",5997200
32600,200,500,"sd","10:54:33",5997700
32600,200,5000,"bu","10:54:39",6002700
32549.999999999996,150,8600,"sd","10:55:11",6011300
32600,200,100,"sd","10:55:12",6011400
32600,200,300,"bu","10:55:56",6011700
32600,200,10100,"bu","10:56:03",6021800
32600,200,11000,"sd","10:56:36",6032800
32549.999999999996,150,1000,"bu","10:56:38",6033800
32549.999999999996,150,42000,"bu","10:56:50",6075800
32549.999999999996,150,1000,"bu","10:56:54",6076800
32549.999999999996,150,1200,"bu","10:56:56",6078000
32549.999999999996,150,5000,"bu","10:56:57",6083000
32549.999999999996,150,1000,"sd","10:57:01",6084000
32549.999999999996,150,7400,"sd","10:57:09",6091400
32500,100,2500,"sd","10:57:11",6093900
32549.999999999996,150,1100,"sd","10:57:19",6095000
32549.999999999996,150,800,"bu","10:57:41",6095800
32549.999999999996,150,600,"bu","10:57:56",6096400
32549.999999999996,150,200,"sd","10:58:04",6096600
32549.999999999996,150,400,"bu","10:58:06",6097000
32549.999999999996,150,600,"bu","10:58:24",6097600
32549.999999999996,150,400,"bu","10:58:30",6098000
32549.999999999996,150,1000,"bu","10:58:37",6099000
32500,100,15000,"bu","10:58:40",6114000
32549.999999999996,150,500,"sd","10:58:45",6114500
32549.999999999996,150,1000,"bu","10:58:47",6115500
32549.999999999996,150,700,"bu","10:58:53",6116200
32549.999999999996,150,100,"bu","10:58:55",6116300
32549.999999999996,150,1000,"bu","10:59:10",6117300
32549.999999999996,150,1500,"bu","10:59:17",6118800
32549.999999999996,150,5000,"sd","10:59:24",6123800
32549.999999999996,150,500,"sd","10:59:33",6124300
32500,100,2200,"sd","10:59:49",6126500
32549.999999999996,150,100,"sd","11:00:13",6126600
32500,100,200,"sd","11:00:29",6126800
32549.999999999996,150,500,"sd","11:00:35",6127300
32549.999999999996,150,2400,"sd","11:01:10",6129700
32549.999999999996,150,100,"sd","11:01:16",6129800
32549.999999999996,150,300,"sd","11:01:29",6130100
32549.999999999996,150,500,"sd","11:01:31",6130600
32549.999999999996,150,3000,"bu","11:01:43",6133600
32549.999999999996,150,2000,"bu","11:01:57",6135600
32549.999999999996,150,500,"bu","11:02:19",6136100
32500,100,200,"bu","11:03:02",6136300
32549.999999999996,150,100,"bu","11:03:05",6136400
32500,100,10000,"sd","11:03:30",6146400
32549.999999999996,150,1000,"sd","11:03:59",6147400
32549.999999999996,150,3000,"bu","11:04:03",6150400
32500,100,2000,"sd","11:04:13",6152400
32500,100,100,"sd","11:04:28",6152500
32500,100,1000,"sd","11:04:31",6153500
32500,100,5000,"sd","11:04:34",6158500
32549.999999999996,150,10000,"sd","11:04:41",6168500
32500,100,100,"bu","11:04:49",6168600
32500,100,300,"sd","11:04:53",6168900
32500,100,200,"sd","11:04:56",6169100
32500,100,2500,"bu","11:05:35",6171600
32500,100,1000,"bu","11:05:36",6172600
32500,100,200,"sd","11:05:44",6172800
32500,100,5000,"bu","11:06:02",6177800
32500,100,20000,"sd","11:06:05",6197800
32500,100,5000,"sd","11:06:23",6202800
32500,100,1000,"bu","11:06:32",6203800
32500,100,2000,"sd","11:06:40",6205800
32500,100,5000,"sd","11:07:12",6210800
32500,100,3000,"bu","11:07:16",6213800
32500,100,500,"bu","11:07:28",6214300
32500,100,11000,"bu","11:07:37",6225300
32500,100,200,"sd","11:07:54",6225500
32500,100,16200,"bu","11:08:11",6241700
32500,100,150000,"bu","11:08:29",6391700
32500,100,200,"bu","11:08:30",6391900
32500,100,8200,"sd","11:08:33",6400100
32500,100,300,"sd","11:08:56",6400400
32450.000000000004,50,5000,"bu","11:09:19",6405400
32450.000000000004,50,2000,"sd","11:09:46",6407400
32500,100,3400,"sd","11:10:07",6410800
32450.000000000004,50,8000,"bu","11:10:09",6418800
32450.000000000004,50,100,"bu","11:10:26",6418900
32450.000000000004,50,4000,"sd","11:10:37",6422900
32450.000000000004,50,300,"sd","11:10:49",6423200
32450.000000000004,50,103000,"bu","11:11:12",6526200
32450.000000000004,50,1300,"sd","11:11:17",6527500
32450.000000000004,50,10000,"sd","11:11:38",6537500
32450.000000000004,50,4500,"bu","11:11:39",6542000
32450.000000000004,50,10000,"sd","11:11:51",6552000
32450.000000000004,50,300,"sd","11:11:55",6552300
32450.000000000004,50,8000,"bu","11:11:57",6560300
32450.000000000004,50,5000,"bu","11:12:05",6565300
32400,0,26800,"bu","11:12:10",6592100
32450.000000000004,50,7000,"bu","11:12:12",6599100
32450.000000000004,50,5100,"bu","11:12:18",6604200
32450.000000000004,50,300,"bu","11:12:26",6604500
32450.000000000004,50,3000,"bu","11:12:28",6607500
32450.000000000004,50,200,"bu","11:12:33",6607700
32450.000000000004,50,300,"sd","11:12:34",6608000
32450.000000000004,50,7100,"sd","11:12:50",6615100
32450.000000000004,50,100,"bu","11:12:52",6615200
32450.000000000004,50,1300,"bu","11:12:55",6616500
32450.000000000004,50,1000,"bu","11:12:59",6617500
32450.000000000004,50,1500,"bu","11:13:00",6619000
32450.000000000004,50,200,"bu","11:13:10",6619200
32450.000000000004,50,400,"bu","11:13:16",6619600
32450.000000000004,50,200,"bu","11:13:22",6619800
32450.000000000004,50,500,"bu","11:13:25",6620300
32450.000000000004,50,200,"bu","11:13:29",6620500
32400,0,8200,"bu","11:13:36",6628700
32400,0,170500,"bu","11:13:37",6799200
32400,0,29500,"sd","11:13:38",6828700
32400,0,2300,"bu","11:13:46",6831000
32400,0,5100,"bu","11:13:49",6836100
32450.000000000004,50,500,"sd","11:13:50",6836600
32400,0,10900,"bu","11:13:51",6847500
32400,0,500,"sd","11:13:55",6848000
32450.000000000004,50,4700,"sd","11:13:58",6852700
32350,-50,4000,"sd","11:14:03",6856700
32350,-50,3700,"bu","11:14:12",6860400
32400,0,200,"sd","11:14:15",6860600
32400,0,100,"sd","11:14:21",6860700
32400,0,1000,"sd","11:14:27",6861700
32400,0,4300,"bu","11:14:28",6866000
32400,0,100,"bu","11:14:39",6866100
32400,0,1200,"bu","11:14:50",6867300
32400,0,200,"sd","11:14:56",6867500
32400,0,4400,"bu","11:14:59",6871900
32400,0,1200,"bu","11:15:02",6873100
32400,0,4200,"sd","11:15:04",6877300
32400,0,500,"bu","11:15:05",6877800
32400,0,1200,"bu","11:15:09",6879000
32400,0,6600,"sd","11:15:16",6885600
32450.000000000004,50,5000,"sd","11:15:53",6890600
32450.000000000004,50,4500,"bu","11:15:58",6895100
32400,0,2000,"sd","11:16:01",6897100
32450.000000000004,50,3000,"sd","11:16:22",6900100
32450.000000000004,50,2500,"sd","11:16:25",6902600
32450.000000000004,50,3600,"sd","11:16:27",6906200
32450.000000000004,50,1900,"bu","11:16:27",6908100
32450.000000000004,50,800,"bu","11:16:32",6908900
32500,100,2000,"bu","11:16:33",6910900
32450.000000000004,50,1000,"sd","11:16:38",6911900
32450.000000000004,50,100,"bu","11:16:59",6912000
32450.000000000004,50,600,"sd","11:17:19",6912600
32450.000000000004,50,500,"sd","11:17:22",6913100
32450.000000000004,50,10500,"sd","11:17:23",6923600
32450.000000000004,50,5100,"sd","11:17:24",6928700
32450.000000000004,50,6400,"bu","11:17:27",6935100
32450.000000000004,50,2000,"bu","11:17:41",6937100
32450.000000000004,50,10000,"sd","11:17:42",6947100
32450.000000000004,50,100,"sd","11:17:57",6947200
32450.000000000004,50,4400,"sd","11:18:19",6951600
32450.000000000004,50,200,"bu","11:18:35",6951800
32450.000000000004,50,300,"bu","11:18:41",6952100
32450.000000000004,50,2600,"bu","11:19:03",6954700
32450.000000000004,50,2000,"sd","11:19:12",6956700
32450.000000000004,50,5000,"bu","11:19:15",6961700
32450.000000000004,50,1000,"bu","11:19:22",6962700
32450.000000000004,50,4400,"sd","11:19:26",6967100
32450.000000000004,50,10000,"bu","11:19:37",6977100
32450.000000000004,50,500,"sd","11:19:49",6977600
32450.000000000004,50,2000,"bu","11:19:57",6979600
32450.000000000004,50,2000,"sd","11:20:05",6981600
32450.000000000004,50,200,"bu","11:20:07",6981800
32450.000000000004,50,500,"bu","11:20:33",6982300
32450.000000000004,50,4100,"bu","11:20:39",6986400
32450.000000000004,50,6200,"sd","11:20:41",6992600
32450.000000000004,50,200,"sd","11:20:42",6992800
32450.000000000004,50,100,"sd","11:20:58",6992900
32450.000000000004,50,600,"sd","11:21:09",6993500
32450.000000000004,50,21200,"bu","11:21:23",7014700
32450.000000000004,50,400,"bu","11:21:24",7015100
32450.000000000004,50,100,"sd","11:21:30",7015200
32450.000000000004,50,2000,"bu","11:21:42",7017200
32450.000000000004,50,100,"sd","11:21:43",7017300
32500,100,1200,"sd","11:21:54",7018500
32500,100,100,"sd","11:22:15",7018600
32450.000000000004,50,600,"bu","11:22:36",7019200
32450.000000000004,50,9000,"bu","11:22:42",7028200
32450.000000000004,50,5100,"bu","11:22:57",7033300
32450.000000000004,50,1000,"sd","11:23:10",7034300
32500,100,100,"sd","11:23:17",7034400
32450.000000000004,50,20000,"bu","11:23:33",7054400
32450.000000000004,50,300,"sd","11:23:42",7054700
32450.000000000004,50,5000,"bu","11:23:52",7059700
32500,100,100,"bu","11:24:15",7059800
32450.000000000004,50,4100,"bu","11:24:29",7063900
32450.000000000004,50,3200,"sd","11:24:40",7067100
32450.000000000004,50,3400,"bu","11:24:49",7070500
32450.000000000004,50,100,"sd","11:24:50",7070600
32450.000000000004,50,5200,"bu","11:24:56",7075800
32450.000000000004,50,72800,"bu","11:24:59",7148600
32450.000000000004,50,1500,"sd","11:25:04",7150100
32400,0,5100,"bu","11:25:16",7155200
32400,0,200,"bu","11:25:37",7155400
32400,0,300,"sd","11:25:43",7155700
32400,0,200,"bu","11:25:45",7155900
32400,0,100,"bu","11:25:57",7156000
32400,0,5200,"sd","11:26:08",7161200
32400,0,500,"bu","11:26:09",7161700
32400,0,50000,"bu","11:26:12",7211700
32450.000000000004,50,200,"bu","11:26:14",7211900
32400,0,300,"sd","11:26:15",7212200
32400,0,6200,"bu","11:26:16",7218400
32400,0,50000,"sd","11:26:28",7268400
32450.000000000004,50,50000,"bu","11:26:33",7318400
32400,0,215800,"bu","11:26:35",7534200
32400,0,25200,"bu","11:26:37",7559400
32350,-50,5000,"sd","11:26:38",7564400
32400,0,700,"sd","11:26:58",7565100
32350,-50,100,"bu","11:27:05",7565200
32350,-50,46000,"sd","11:27:13",7611200
32350,-50,200,"sd","11:27:15",7611400
32350,-50,2400,"sd","11:27:20",7613800
32350,-50,5000,"bu","11:27:21",7618800
32350,-50,200,"sd","11:27:29",7619000
32350,-50,100,"sd","11:27:42",7619100
32350,-50,3000,"bu","11:27:45",7622100
32350,-50,1000,"bu","11:27:48",7623100
32350,-50,100,"bu","11:27:49",7623200
32350,-50,1000,"bu","11:27:53",7624200
32350,-50,100,"sd","11:27:54",7624300
32400,0,4000,"bu","11:27:55",7628300
32400,0,4400,"sd","11:28:19",7632700
32400,0,1500,"bu","11:28:29",7634200
32400,0,200,"bu","11:28:33",7634400
32400,0,100,"sd","11:28:38",7634500
32400,0,1900,"bu","11:28:44",7636400
32400,0,900,"sd","11:29:10",7637300
32400,0,5700,"bu","11:29:12",7643000
32400,0,1400,"sd","11:29:13",7644400
32400,0,100,"bu","11:29:18",7644500
32450.000000000004,50,700,"sd","11:29:32",7645200
32400,0,1500,"sd","11:29:39",7646700
32400,0,1000,"bu","11:29:55",7647700
32450.000000000004,50,1500,"sd","11:30:01",7649200
32400,0,1000,"bu","11:30:04",7650200
32450.000000000004,50,8300,"bu","13:00:30",7658500
32400,0,2100,"sd","13:00:32",7660600
32400,0,2300,"bu","13:00:33",7662900
32400,0,600,"bu","13:00:34",7663500
32400,0,5600,"bu","13:00:37",7669100
32400,0,7100,"bu","13:00:39",7676200
32400,0,100,"sd","13:00:40",7676300
32400,0,6000,"bu","13:00:41",7682300
32400,0,10000,"bu","13:00:43",7692300
32400,0,100,"sd","13:00:43",7692400
32400,0,15400,"bu","13:00:47",7707800
32400,0,1200,"sd","13:00:48",7709000
32400,0,30000,"sd","13:00:49",7739000
32400,0,100,"sd","13:00:50",7739100
32400,0,1000,"sd","13:00:51",7740100
32400,0,13200,"bu","13:00:52",7753300
32400,0,15800,"bu","13:00:53",7769100
32400,0,500,"bu","13:00:54",7769600
32400,0,10000,"bu","13:00:55",7779600
32400,0,200,"sd","13:00:55",7779800
32400,0,1000,"bu","13:00:56",7780800
32400,0,10700,"bu","13:00:58",7791500
32400,0,10000,"bu","13:00:59",7801500
32400,0,5000,"sd","13:01:00",7806500
32400,0,300,"bu","13:01:02",7806800
32400,0,16300,"bu","13:01:02",7823100
32400,0,1000,"sd","13:01:03",7824100
32400,0,1000,"sd","13:01:05",7825100
32400,0,500,"sd","13:01:06",7825600
32400,0,900,"bu","13:01:08",7826500
32400,0,11700,"sd","13:01:09",7838200
32400,0,3000,"bu","13:01:10",7841200
32400,0,11100,"bu","13:01:11",7852300
32400,0,2000,"sd","13:01:12",7854300
32400,0,3700,"bu","13:01:13",7858000
32400,0,1100,"sd","13:01:14",7859100
32400,0,500,"sd","13:01:17",7859600
32400,0,1000,"bu","13:01:18",7860600
32400,0,900,"sd","13:01:18",7861500
32400,0,21000,"sd","13:01:20",7882500
32400,0,16000,"sd","13:01:22",7898500
32400,0,1000,"sd","13:01:23",7899500
32400,0,24000,"sd","13:01:24",7923500
32400,0,1000,"bu","13:01:27",7924500
32400,0,6500,"bu","13:01:28",7931000
32400,0,6000,"sd","13:01:31",7937000
32400,0,700,"sd","13:01:32",7937700
32350,-50,2000,"sd","13:01:34",7939700
32350,-50,100,"sd","13:01:37",7939800
32350,-50,1000,"bu","13:01:47",7940800
32350,-50,700,"bu","13:01:50",7941500
32350,-50,1000,"bu","13:01:57",7942500
32350,-50,200,"sd","13:02:01",7942700
32350,-50,1500,"sd","13:02:03",7944200
32350,-50,1000,"sd","13:02:05",7945200
32350,-50,100,"sd","13:02:07",7945300
32350,-50,7400,"sd","13:02:22",7952700
32350,-50,5000,"bu","13:02:23",7957700
32350,-50,5200,"sd","13:02:24",7962900
32350,-50,200,"bu","13:02:26",7963100
32400,0,10500,"sd","13:02:27",7973600
32350,-50,28600,"bu","13:02:32",8002200
32299.999999999996,-100,300,"sd","13:02:33",8002500
32350,-50,1000,"bu","13:02:34",8003500
32299.999999999996,-100,700,"bu","13:02:37",8004200
32350,-50,1000,"sd","13:02:39",8005200
32350,-50,500,"bu","13:02:42",8005700
32350,-50,14800,"sd","13:02:43",8020500
32350,-50,3200,"sd","13:02:44",8023700
32350,-50,200,"sd","13:02:47",8023900
32350,-50,10300,"sd","13:02:54",8034200
32350,-50,5000,"bu","13:02:55",8039200
32350,-50,20400,"sd","13:02:59",8059600
32350,-50,2500,"sd","13:03:01",8062100
32350,-50,3100,"bu","13:03:02",8065200
32350,-50,7800,"sd","13:03:06",8073000
32350,-50,6100,"sd","13:03:08",8079100
32350,-50,6700,"bu","13:03:10",8085800
32350,-50,5000,"sd","13:03:11",8090800
32350,-50,8800,"bu","13:03:13",8099600
32350,-50,200,"bu","13:03:14",8099800
32350,-50,2100,"bu","13:03:15",8101900
32350,-50,1500,"sd","13:03:17",8103400
32350,-50,1400,"sd","13:03:19",8104800
32350,-50,400,"bu","13:03:20",8105200
32350,-50,4200,"sd","13:03:21",8109400
32350,-50,300,"bu","13:03:23",8109700
32350,-50,100,"bu","13:03:25",8109800
32350,-50,6200,"sd","13:03:30",8116000
32350,-50,1700,"sd","13:03:34",8117700
32350,-50,500,"sd","13:03:36",8118200
32350,-50,8000,"bu","13:03:38",8126200
32350,-50,100,"bu","13:03:40",8126300
32350,-50,500,"sd","13:03:42",8126800
32350,-50,300,"bu","13:03:49",8127100
32350,-50,100,"sd","13:03:54",8127200
32350,-50,500,"sd","13:03:58",8127700
32350,-50,1300,"bu","13:04:00",8129000
32350,-50,3000,"sd","13:04:02",8132000
32400,0,100000,"bu","13:04:05",8232000
32400,0,4100,"sd","13:04:06",8236100
32400,0,700,"sd","13:04:12",8236800
32400,0,6000,"sd","13:04:15",8242800
32400,0,2000,"sd","13:04:17",8244800
32400,0,500,"sd","13:04:18",8245300
32350,-50,100,"bu","13:04:19",8245400
32400,0,500,"sd","13:04:21",8245900
32400,0,2500,"sd","13:04:23",8248400
32400,0,28000,"sd","13:04:25",8276400
32400,0,100,"bu","13:04:27",8276500
32400,0,21900,"sd","13:04:28",8298400
32450.000000000004,50,2600,"sd","13:04:29",8301000
32400,0,100,"bu","13:04:33",8301100
32400,0,5000,"bu","13:04:36",8306100
32400,0,1500,"bu","13:04:43",8307600
32400,0,1000,"sd","13:04:46",8308600
32400,0,2000,"bu","13:04:52",8310600
32400,0,300,"bu","13:04:56",8310900
32400,0,29000,"sd","13:05:00",8339900
32400,0,300,"sd","13:05:02",8340200
32400,0,100,"bu","13:05:05",8340300
32400,0,1000,"bu","13:05:07",8341300
32400,0,400,"bu","13:05:11",8341700
32400,0,200,"sd","13:05:14",8341900
32450.000000000004,50,300,"sd","13:05:23",8342200
32450.000000000004,50,50100,"bu","13:05:28",8392300
32400,0,1000,"bu","13:05:30",8393300
32450.000000000004,50,1200,"bu","13:05:36",8394500
32450.000000000004,50,25100,"sd","13:05:38",8419600
32450.000000000004,50,1200,"bu","13:05:39",8420800
32450.000000000004,50,100,"sd","13:05:40",8420900
32450.000000000004,50,200,"sd","13:05:42",8421100
32450.000000000004,50,100,"bu","13:05:46",8421200
32450.000000000004,50,200,"bu","13:05:48",8421400
32450.000000000004,50,2000,"sd","13:05:49",8423400
32450.000000000004,50,2400,"bu","13:05:59",8425800
32450.000000000004,50,100,"bu","13:06:08",8425900
32450.000000000004,50,600,"bu","13:06:30",8426500
32450.000000000004,50,30000,"bu","13:06:33",8456500
32450.000000000004,50,500,"sd","13:06:37",8457000
32450.000000000004,50,18400,"bu","13:06:59",8475400
32450.000000000004,50,30000,"bu","13:07:01",8505400
32450.000000000004,50,1300,"sd","13:07:03",8506700
32450.000000000004,50,500,"sd","13:07:06",8507200
32450.000000000004,50,4400,"bu","13:07:13",8511600
32400,0,200,"bu","13:07:15",8511800
32450.000000000004,50,100,"bu","13:07:18",8511900
32450.000000000004,50,2800,"sd","13:07:26",8514700
32450.000000000004,50,16700,"bu","13:07:31",8531400
32450.000000000004,50,5300,"sd","13:07:32",8536700
32450.000000000004,50,100,"bu","13:07:34",8536800
32450.000000000004,50,4600,"bu","13:07:35",8541400
32450.000000000004,50,500,"sd","13:07:36",8541900
32500,100,9900,"bu","13:07:43",8551800
32500,100,2500,"bu","13:08:06",8554300
32500,100,9800,"bu","13:08:10",8564100
32450.000000000004,50,6600,"bu","13:08:15",8570700
32500,100,4800,"sd","13:08:19",8575500
32500,100,1000,"sd","13:08:22",8576500
32450.000000000004,50,2000,"sd","13:08:26",8578500
32450.000000000004,50,1000,"sd","13:08:38",8579500
32450.000000000004,50,200,"sd","13:08:43",8579700
32450.000000000004,50,3100,"sd","13:08:44",8582800
32450.000000000004,50,10000,"bu","13:08:47",8592800
32450.000000000004,50,200,"sd","13:08:49",8593000
32450.000000000004,50,10700,"sd","13:09:09",8603700
32450.000000000004,50,20000,"bu","13:09:10",8623700
32500,100,20000,"sd","13:09:12",8643700
32450.000000000004,50,1000,"bu","13:09:13",8644700
32450.000000000004,50,100,"bu","13:09:20",8644800
32450.000000000004,50,10500,"bu","13:09:28",8655300
32450.000000000004,50,30000,"bu","13:09:29",8685300
32450.000000000004,50,200,"bu","13:09:32",8685500
32450.000000000004,50,50000,"bu","13:09:40",8735500
32500,100,200,"bu","13:09:50",8735700
32450.000000000004,50,100,"bu","13:09:55",8735800
32500,100,30000,"bu","13:10:01",8765800
32500,100,500,"sd","13:10:10",8766300
32500,100,13000,"sd","13:10:13",8779300
32500,100,10000,"sd","13:10:18",8789300
32500,100,100,"bu","13:10:22",8789400
32500,100,108000,"bu","13:10:27",8897400
32500,100,12500,"bu","13:10:32",8909900
32500,100,500,"sd","13:10:36",8910400
32500,100,1000,"bu","13:10:44",8911400
32500,100,1300,"sd","13:10:46",8912700
32549.999999999996,150,20000,"sd","13:10:49",8932700
32549.999999999996,150,1000,"bu","13:10:55",8933700
32549.999999999996,150,200,"sd","13:10:59",8933900
32549.999999999996,150,10200,"sd","13:11:08",8944100
32549.999999999996,150,1000,"sd","13:11:10",8945100
32549.999999999996,150,3800,"bu","13:11:11",8948900
32500,100,400,"sd","13:11:12",8949300
32549.999999999996,150,10000,"bu","13:11:16",8959300
32549.999999999996,150,1500,"sd","13:11:18",8960800
32549.999999999996,150,10600,"bu","13:11:23",8971400
32549.999999999996,150,4000,"sd","13:11:25",8975400
32549.999999999996,150,6000,"bu","13:11:28",8981400
32549.999999999996,150,20300,"bu","13:11:36",9001700
32549.999999999996,150,1000,"sd","13:11:37",9002700
32549.999999999996,150,2300,"bu","13:11:39",9005000
32549.999999999996,150,3000,"bu","13:11:40",9008000
32549.999999999996,150,100,"bu","13:11:44",9008100
32549.999999999996,150,1300,"sd","13:11:46",9009400
32500,100,2000,"sd","13:11:49",9011400
32549.999999999996,150,100,"sd","13:11:52",9011500
32549.999999999996,150,9400,"bu","13:11:53",9020900
32549.999999999996,150,1300,"sd","13:11:57",9022200
32549.999999999996,150,800,"sd","13:12:00",9023000
32549.999999999996,150,500,"sd","13:12:04",9023500
32549.999999999996,150,1000,"bu","13:12:07",9024500
32549.999999999996,150,400,"bu","13:12:08",9024900
32549.999999999996,150,6500,"bu","13:12:13",9031400
32549.999999999996,150,10000,"bu","13:12:17",9041400
32549.999999999996,150,1000,"bu","13:12:18",9042400
32549.999999999996,150,1000,"bu","13:12:19",9043400
32549.999999999996,150,1500,"bu","13:12:23",9044900
32549.999999999996,150,6000,"sd","13:12:24",9050900
32549.999999999996,150,10000,"bu","13:12:26",9060900
32549.999999999996,150,6000,"bu","13:12:30",9066900
32549.999999999996,150,8700,"bu","13:12:32",9075600
32549.999999999996,150,2000,"sd","13:12:36",9077600
32549.999999999996,150,800,"bu","13:12:38",9078400
32549.999999999996,150,200,"bu","13:12:39",9078600
32549.999999999996,150,700,"sd","13:12:46",9079300
32549.999999999996,150,10000,"bu","13:12:49",9089300
32549.999999999996,150,100,"sd","13:12:58",9089400
32500,100,1500,"sd","13:13:00",9090900
32549.999999999996,150,4100,"sd","13:13:05",9095000
32500,100,2000,"bu","13:13:08",9097000
32549.999999999996,150,500,"bu","13:13:10",9097500
32500,100,100,"bu","13:13:12",9097600
32549.999999999996,150,8000,"sd","13:13:22",9105600
32549.999999999996,150,50000,"sd","13:13:28",9155600
32549.999999999996,150,2000,"sd","13:13:34",9157600
32549.999999999996,150,100,"bu","13:13:36",9157700
32549.999999999996,150,1100,"sd","13:13:46",9158800
32549.999999999996,150,500,"sd","13:13:49",9159300
32549.999999999996,150,1000,"sd","13:13:57",9160300
32549.999999999996,150,154500,"bu","13:14:00",9314800
32450.000000000004,50,10000,"sd","13:14:04",9324800
32500,100,100,"bu","13:14:14",9324900
32500,100,1000,"bu","13:14:36",9325900
32450.000000000004,50,600,"sd","13:14:39",9326500
32500,100,200,"bu","13:14:41",9326700
32450.000000000004,50,1400,"bu","13:14:45",9328100
32500,100,100,"sd","13:14:46",9328200
32500,100,4400,"sd","13:14:58",9332600
32450.000000000004,50,200,"sd","13:15:00",9332800
32500,100,3800,"bu","13:15:04",9336600
32500,100,300,"bu","13:15:06",9336900
32500,100,7900,"bu","13:15:07",9344800
32450.000000000004,50,2000,"bu","13:15:13",9346800
32450.000000000004,50,1000,"sd","13:15:14",9347800
32450.000000000004,50,600,"sd","13:15:35",9348400
32450.000000000004,50,1000,"sd","13:15:39",9349400
32450.000000000004,50,2000,"bu","13:15:40",9351400
32450.000000000004,50,500,"bu","13:15:43",9351900
32500,100,1000,"bu","13:15:44",9352900
32450.000000000004,50,500,"bu","13:15:59",9353400
32450.000000000004,50,100,"bu","13:16:04",9353500
32450.000000000004,50,5000,"bu","13:16:15",9358500
32450.000000000004,50,1000,"sd","13:16:18",9359500
32450.000000000004,50,16500,"bu","13:16:21",9376000
32450.000000000004,50,1200,"bu","13:16:23",9377200
32450.000000000004,50,2100,"bu","13:16:24",9379300
32450.000000000004,50,3000,"sd","13:16:27",9382300
32450.000000000004,50,9000,"sd","13:16:29",9391300
32450.000000000004,50,2600,"sd","13:16:31",9393900
32450.000000000004,50,19600,"bu","13:16:32",9413500
32400,0,200,"bu","13:16:39",9413700
32450.000000000004,50,3400,"bu","13:16:40",9417100
32450.000000000004,50,100,"sd","13:16:54",9417200
32400,0,1600,"sd","13:17:05",9418800
32400,0,20000,"sd","13:17:07",9438800
32400,0,1000,"bu","13:17:08",9439800
32450.000000000004,50,5500,"bu","13:17:12",9445300
32450.000000000004,50,100,"bu","13:17:18",9445400
32400,0,11600,"sd","13:17:23",9457000
32450.000000000004,50,1000,"bu","13:17:27",9458000
32450.000000000004,50,1300,"bu","13:17:28",9459300
32450.000000000004,50,1800,"bu","13:17:30",9461100
32400,0,100,"sd","13:17:31",9461200
32400,0,1000,"sd","13:17:41",9462200
32450.000000000004,50,10000,"bu","13:17:45",9472200
32400,0,1600,"sd","13:18:04",9473800
32400,0,5100,"sd","13:18:10",9478900
32400,0,100,"sd","13:18:18",9479000
32400,0,1000,"sd","13:18:24",9480000
32400,0,1200,"sd","13:18:30",9481200
32400,0,7000,"sd","13:18:39",9488200
32450.000000000004,50,200,"bu","13:18:43",9488400
32450.000000000004,50,500,"sd","13:18:52",9488900
32450.000000000004,50,100,"bu","13:19:00",9489000
32450.000000000004,50,200,"bu","13:19:01",9489200
32400,0,100,"sd","13:19:07",9489300
32400,0,2000,"sd","13:19:15",9491300
32400,0,1000,"bu","13:19:21",9492300
32400,0,500,"bu","13:19:23",9492800
32400,0,100,"sd","13:19:26",9492900
32400,0,1000,"sd","13:19:32",9493900
32400,0,7000,"sd","13:19:33",9500900
32450.000000000004,50,10000,"sd","13:19:36",9510900
32450.000000000004,50,1600,"sd","13:19:40",9512500
32450.000000000004,50,2000,"bu","13:19:45",9514500
32450.000000000004,50,200,"sd","13:19:57",9514700
32450.000000000004,50,1300,"bu","13:20:00",9516000
32450.000000000004,50,3000,"sd","13:20:06",9519000
32450.000000000004,50,100,"sd","13:20:07",9519100
32450.000000000004,50,2000,"bu","13:20:10",9521100
32450.000000000004,50,300,"sd","13:20:13",9521400
32450.000000000004,50,1100,"bu","13:20:14",9522500
32450.000000000004,50,100,"sd","13:20:16",9522600
32400,0,7100,"sd","13:20:19",9529700
32450.000000000004,50,1600,"sd","13:20:36",9531300
32400,0,40000,"sd","13:20:39",9571300
32400,0,1700,"sd","13:20:46",9573000
32400,0,1000,"sd","13:20:52",9574000
32400,0,5000,"bu","13:20:54",9579000
32400,0,96500,"sd","13:20:58",9675500
32400,0,1000,"sd","13:21:01",9676500
32400,0,2000,"sd","13:21:03",9678500
32350,-50,4500,"sd","13:21:04",9683000
32350,-50,400,"sd","13:21:06",9683400
32400,0,100,"sd","13:21:07",9683500
32400,0,15000,"bu","13:21:09",9698500
32400,0,2000,"sd","13:21:13",9700500
32400,0,5000,"bu","13:21:21",9705500
32400,0,3000,"bu","13:21:31",9708500
32400,0,900,"bu","13:21:34",9709400
32400,0,12400,"sd","13:21:37",9721800
32400,0,4400,"bu","13:21:38",9726200
32400,0,1000,"bu","13:21:40",9727200
32400,0,28100,"sd","13:21:43",9755300
32400,0,200,"bu","13:21:44",9755500
32400,0,6000,"bu","13:21:47",9761500
32400,0,500,"bu","13:21:49",9762000
32400,0,1300,"sd","13:21:50",9763300
32400,0,5000,"sd","13:21:52",9768300
32450.000000000004,50,800,"sd","13:21:59",9769100
32400,0,6500,"sd","13:22:00",9775600
32400,0,6000,"sd","13:22:13",9781600
32400,0,38900,"bu","13:22:15",9820500
32400,0,400,"sd","13:22:16",9820900
32400,0,1000,"sd","13:22:18",9821900
32400,0,3000,"sd","13:22:27",9824900
32400,0,31100,"sd","13:22:30",9856000
32400,0,15000,"sd","13:22:36",9871000
32400,0,5000,"bu","13:22:40",9876000
32400,0,500,"sd","13:22:43",9876500
32400,0,5000,"sd","13:22:46",9881500
32400,0,11800,"sd","13:22:49",9893300
32400,0,9000,"sd","13:22:52",9902300
32400,0,1000,"bu","13:22:54",9903300
32400,0,6300,"bu","13:23:11",9909600
32400,0,200,"bu","13:23:13",9909800
32400,0,300,"sd","13:23:15",9910100
32400,0,5000,"sd","13:23:21",9915100
32400,0,25200,"sd","13:23:26",9940300
32400,0,1000,"sd","13:23:28",9941300
32400,0,2300,"bu","13:23:29",9943600
32400,0,200,"bu","13:23:40",9943800
32400,0,500,"bu","13:23:47",9944300
32400,0,2500,"sd","13:23:49",9946800
32400,0,10000,"sd","13:23:50",9956800
32400,0,3000,"bu","13:23:52",9959800
32400,0,5000,"bu","13:23:53",9964800
32400,0,100,"bu","13:24:03",9964900
32400,0,200,"bu","13:24:07",9965100
32450.000000000004,50,600,"sd","13:24:14",9965700
32400,0,12000,"bu","13:24:15",9977700
32400,0,700,"sd","13:24:22",9978400
32400,0,300,"bu","13:24:31",9978700
32400,0,30200,"sd","13:24:45",10008900
32400,0,2000,"bu","13:24:49",10010900
32400,0,5000,"bu","13:24:51",10015900
32450.000000000004,50,1600,"bu","13:24:55",10017500
32400,0,35200,"sd","13:24:57",10052700
32400,0,17200,"bu","13:25:00",10069900
32400,0,1100,"sd","13:25:04",10071000
32400,0,10000,"sd","13:25:07",10081000
32400,0,1000,"bu","13:25:09",10082000
32400,0,500,"bu","13:25:12",10082500
32400,0,1100,"bu","13:25:20",10083600
32400,0,5600,"bu","13:25:23",10089200
32400,0,2000,"bu","13:25:26",10091200
32400,0,200,"sd","13:25:34",10091400
32400,0,1100,"sd","13:25:35",10092500
32400,0,4800,"sd","13:25:40",10097300
32400,0,2000,"sd","13:25:44",10099300
32400,0,400,"bu","13:25:46",10099700
32400,0,2000,"sd","13:25:56",10101700
32400,0,1000,"sd","13:26:06",10102700
32400,0,7500,"bu","13:26:21",10110200
32400,0,200,"sd","13:26:23",10110400
32400,0,5100,"sd","13:26:25",10115500
32400,0,200,"sd","13:26:28",10115700
32400,0,5000,"bu","13:26:33",10120700
32400,0,200,"bu","13:26:35",10120900
32400,0,100,"bu","13:26:36",10121000
32400,0,700,"bu","13:26:47",10121700
32400,0,2000,"bu","13:26:53",10123700
32400,0,50000,"sd","13:26:59",10173700
32400,0,5100,"sd","13:27:02",10178800
32450.000000000004,50,2000,"bu","13:27:04",10180800
32450.000000000004,50,500,"sd","13:27:05",10181300
32400,0,16200,"sd","13:27:08",10197500
32400,0,4200,"bu","13:27:12",10201700
32400,0,100,"sd","13:27:19",10201800
32350,-50,18700,"sd","13:27:20",10220500
32350,-50,20200,"bu","13:27:22",10240700
32400,0,100,"bu","13:27:23",10240800
32400,0,2700,"sd","13:27:31",10243500
32400,0,1200,"bu","13:27:34",10244700
32400,0,5000,"bu","13:27:36",10249700
32400,0,100,"sd","13:27:47",10249800
32400,0,600,"bu","13:27:53",10250400
32400,0,200,"sd","13:27:54",10250600
32450.000000000004,50,3100,"bu","13:28:00",10253700
32450.000000000004,50,200,"bu","13:28:06",10253900
32450.000000000004,50,500,"sd","13:28:08",10254400
32450.000000000004,50,300,"sd","13:28:10",10254700
32450.000000000004,50,4000,"bu","13:28:11",10258700
32450.000000000004,50,600,"sd","13:28:14",10259300
32450.000000000004,50,4400,"sd","13:28:18",10263700
32450.000000000004,50,25000,"sd","13:28:20",10288700
32450.000000000004,50,200,"bu","13:28:21",10288900
32450.000000000004,50,43100,"sd","13:28:23",10332000
32500,100,2000,"bu","13:28:27",10334000
32450.000000000004,50,5000,"bu","13:28:34",10339000
32500,100,9000,"sd","13:28:37",10348000
32500,100,2300,"bu","13:28:41",10350300
32500,100,5000,"bu","13:28:43",10355300
32500,100,2500,"sd","13:28:49",10357800
32500,100,5000,"sd","13:28:57",10362800
32500,100,7200,"sd","13:29:02",10370000
32500,100,1000,"bu","13:29:08",10371000
32500,100,19500,"bu","13:29:17",10390500
32450.000000000004,50,1300,"sd","13:29:19",10391800
32450.000000000004,50,13600,"bu","13:29:20",10405400
32500,100,300,"bu","13:29:25",10405700
32500,100,4500,"bu","13:29:26",10410200
32450.000000000004,50,200,"sd","13:29:31",10410400
32500,100,1700,"sd","13:29:41",10412100
32500,100,100,"sd","13:29:48",10412200
32450.000000000004,50,500,"bu","13:29:57",10412700
32500,100,200,"sd","13:30:02",10412900
32500,100,100,"bu","13:30:06",10413000
32500,100,1900,"sd","13:30:11",10414900
32500,100,300,"sd","13:30:18",10415200
32500,100,500,"bu","13:30:21",10415700
32500,100,1000,"bu","13:30:22",10416700
32500,100,10000,"bu","13:30:29",10426700
32500,100,200,"bu","13:30:30",10426900
32500,100,5400,"sd","13:30:32",10432300
32500,100,100,"sd","13:30:36",10432400
32500,100,1700,"sd","13:30:38",10434100
32500,100,2000,"sd","13:30:43",10436100
32500,100,56600,"sd","13:30:47",10492700
32500,100,500,"sd","13:30:49",10493200
32500,100,55200,"sd","13:30:50",10548400
32500,100,8700,"sd","13:30:54",10557100
32500,100,21100,"sd","13:30:56",10578200
32500,100,2200,"sd","13:30:57",10580400
32549.999999999996,150,50000,"sd","13:31:06",10630400
32549.999999999996,150,5000,"sd","13:31:13",10635400
32500,100,4900,"sd","13:31:16",10640300
32549.999999999996,150,6800,"sd","13:31:23",10647100
32549.999999999996,150,2600,"bu","13:31:26",10649700
32549.999999999996,150,5000,"sd","13:31:28",10654700
32549.999999999996,150,200,"sd","13:31:30",10654900
32549.999999999996,150,900,"bu","13:31:33",10655800
32549.999999999996,150,900,"bu","13:31:40",10656700
32600,200,200000,"sd","13:31:43",10856700
32549.999999999996,150,100,"sd","13:31:50",10856800
32549.999999999996,150,2200,"sd","13:31:58",10859000
32549.999999999996,150,1000,"sd","13:32:01",10860000
32549.999999999996,150,1700,"bu","13:32:03",10861700
32549.999999999996,150,200,"sd","13:32:06",10861900
32549.999999999996,150,300,"bu","13:32:08",10862200
32549.999999999996,150,1200,"bu","13:32:10",10863400
32549.999999999996,150,1000,"sd","13:32:16",10864400
32549.999999999996,150,800,"sd","13:32:19",10865200
32549.999999999996,150,34800,"sd","13:32:25",10900000
32549.999999999996,150,3600,"sd","13:32:26",10903600
32549.999999999996,150,5900,"bu","13:32:28",10909500
32549.999999999996,150,100,"bu","13:32:37",10909600
32600,200,10100,"bu","13:32:48",10919700
32600,200,200,"bu","13:32:53",10919900
32600,200,4500,"bu","13:33:00",10924400
32600,200,2000,"bu","13:33:05",10926400
32549.999999999996,150,1900,"bu","13:33:07",10928300
32600,200,2000,"sd","13:33:19",10930300
32549.999999999996,150,2100,"bu","13:33:27",10932400
32549.999999999996,150,1000,"sd","13:33:43",10933400
32549.999999999996,150,10000,"bu","13:33:49",10943400
32549.999999999996,150,27500,"sd","13:33:51",10970900
32549.999999999996,150,1100,"sd","13:33:59",10972000
32549.999999999996,150,500,"bu","13:34:02",10972500
32549.999999999996,150,15000,"bu","13:34:03",10987500
32549.999999999996,150,400,"bu","13:34:11",10987900
32549.999999999996,150,200,"sd","13:34:15",10988100
32549.999999999996,150,10000,"sd","13:34:16",10998100
32549.999999999996,150,2500,"sd","13:34:19",11000600
32549.999999999996,150,32000,"sd","13:34:21",11032600
32549.999999999996,150,14900,"bu","13:34:24",11047500
32549.999999999996,150,2100,"bu","13:34:38",11049600
32600,200,1700,"sd","13:34:41",11051300
32549.999999999996,150,100,"sd","13:34:44",11051400
32549.999999999996,150,13000,"bu","13:34:50",11064400
32549.999999999996,150,5000,"sd","13:34:55",11069400
32600,200,21800,"sd","13:35:00",11091200
32600,200,50000,"bu","13:35:01",11141200
32600,200,63100,"bu","13:35:04",11204300
32600,200,9700,"sd","13:35:06",11214000
32600,200,5000,"sd","13:35:07",11219000
32600,200,100,"bu","13:35:12",11219100
32600,200,1800,"bu","13:35:30",11220900
32600,200,300,"sd","13:35:33",11221200
32650,250,1200,"sd","13:35:36",11222400
32650,250,400,"bu","13:35:38",11222800
32650,250,1700,"sd","13:35:39",11224500
32600,200,1000,"sd","13:35:41",11225500
32600,200,100,"sd","13:35:45",11225600
32650,250,153000,"bu","13:35:46",11378600
32650,250,81500,"bu","13:35:48",11460100
32650,250,100,"sd","13:35:49",11460200
32650,250,4900,"sd","13:35:54",11465100
32700.000000000004,300,1000,"sd","13:35:56",11466100
32700.000000000004,300,300,"bu","13:36:01",11466400
32700.000000000004,300,11000,"bu","13:36:04",11477400
32700.000000000004,300,8000,"bu","13:36:06",11485400
32700.000000000004,300,5100,"bu","13:36:08",11490500
32700.000000000004,300,11000,"bu","13:36:10",11501500
32700.000000000004,300,2000,"sd","13:36:14",11503500
32700.000000000004,300,1000,"sd","13:36:18",11504500
32700.000000000004,300,4000,"sd","13:36:19",11508500
32700.000000000004,300,4400,"bu","13:36:23",11512900
32700.000000000004,300,1500,"bu","13:36:24",11514400
32700.000000000004,300,5000,"bu","13:36:26",11519400
32700.000000000004,300,3000,"bu","13:36:28",11522400
32700.000000000004,300,500,"sd","13:36:29",11522900
32700.000000000004,300,10000,"sd","13:36:31",11532900
32700.000000000004,300,12800,"sd","13:36:33",11545700
32700.000000000004,300,500,"bu","13:36:35",11546200
32700.000000000004,300,1200,"bu","13:36:36",11547400
32700.000000000004,300,6500,"sd","13:36:38",11553900
32700.000000000004,300,15000,"sd","13:36:39",11568900
32700.000000000004,300,2500,"bu","13:36:41",11571400
32700.000000000004,300,38500,"bu","13:36:43",11609900
32700.000000000004,300,16300,"bu","13:36:45",11626200
32700.000000000004,300,27000,"sd","13:36:48",11653200
32700.000000000004,300,8800,"sd","13:36:52",11662000
32700.000000000004,300,3400,"sd","13:36:53",11665400
32700.000000000004,300,8600,"bu","13:36:55",11674000
32700.000000000004,300,1300,"sd","13:37:00",11675300
32700.000000000004,300,400,"bu","13:37:02",11675700
32700.000000000004,300,47000,"bu","13:37:03",11722700
32700.000000000004,300,18700,"bu","13:37:07",11741400
32700.000000000004,300,10900,"sd","13:37:08",11752300
32700.000000000004,300,17400,"bu","13:37:12",11769700
32700.000000000004,300,5000,"bu","13:37:13",11774700
32700.000000000004,300,6200,"sd","13:37:15",11780900
32700.000000000004,300,7000,"sd","13:37:17",11787900
32700.000000000004,300,3500,"sd","13:37:19",11791400
32700.000000000004,300,1100,"sd","13:37:20",11792500
32700.000000000004,300,47400,"bu","13:37:23",11839900
32700.000000000004,300,22900,"sd","13:37:25",11862800
32700.000000000004,300,6300,"sd","13:37:26",11869100
32700.000000000004,300,11200,"bu","13:37:30",11880300
32700.000000000004,300,2100,"sd","13:37:32",11882400
32700.000000000004,300,27100,"bu","13:37:33",11909500
32650,250,100,"bu","13:37:35",11909600
32700.000000000004,300,2000,"sd","13:37:39",11911600
32700.000000000004,300,5500,"bu","13:37:42",11917100
32700.000000000004,300,19100,"bu","13:37:46",11936200
32700.000000000004,300,2000,"sd","13:37:47",11938200
32700.000000000004,300,4800,"sd","13:37:51",11943000
32700.000000000004,300,33000,"bu","13:37:52",11976000
32700.000000000004,300,1000,"bu","13:37:54",11977000
32700.000000000004,300,4800,"bu","13:37:56",11981800
32700.000000000004,300,11500,"bu","13:37:57",11993300
32700.000000000004,300,10000,"sd","13:38:00",12003300
32750,350,78800,"sd","13:38:06",12082100
32750,350,14900,"sd","13:38:07",12097000
32700.000000000004,300,200,"bu","13:38:11",12097200
32750,350,300,"sd","13:38:18",12097500
32700.000000000004,300,1000,"sd","13:38:30",12098500
32750,350,35000,"sd","13:38:31",12133500
32700.000000000004,300,3300,"sd","13:38:34",12136800
32750,350,3000,"bu","13:38:36",12139800
32700.000000000004,300,1200,"bu","13:38:39",12141000
32750,350,500,"sd","13:38:41",12141500
32750,350,21700,"sd","13:38:43",12163200
32700.000000000004,300,16100,"bu","13:38:44",12179300
32750,350,10000,"bu","13:38:48",12189300
32700.000000000004,300,3500,"bu","13:38:50",12192800
32700.000000000004,300,50000,"bu","13:38:53",12242800
32700.000000000004,300,1000,"bu","13:38:56",12243800
32700.000000000004,300,900,"bu","13:38:58",12244700
32700.000000000004,300,1800,"bu","13:39:01",12246500
32700.000000000004,300,10000,"sd","13:39:03",12256500
32700.000000000004,300,8000,"bu","13:39:05",12264500
32700.000000000004,300,35300,"sd","13:39:06",12299800
32700.000000000004,300,500,"sd","13:39:08",12300300
32700.000000000004,300,12800,"bu","13:39:10",12313100
32700.000000000004,300,65000,"bu","13:39:12",12378100
32700.000000000004,300,2600,"sd","13:39:13",12380700
32700.000000000004,300,100,"sd","13:39:18",12380800
32700.000000000004,300,1300,"bu","13:39:22",12382100
32700.000000000004,300,1000,"sd","13:39:24",12383100
32700.000000000004,300,13000,"sd","13:39:28",12396100
32650,250,100,"sd","13:39:29",12396200
32700.000000000004,300,2300,"bu","13:39:31",12398500
32650,250,7500,"bu","13:39:34",12406000
32650,250,5500,"sd","13:39:36",12411500
32650,250,7200,"bu","13:39:43",12418700
32650,250,1600,"bu","13:39:47",12420300
32650,250,800,"sd","13:39:48",12421100
32650,250,200,"sd","13:39:50",12421300
32650,250,100,"sd","13:39:52",12421400
32650,250,22500,"sd","13:39:54",12443900
32650,250,12800,"bu","13:39:57",12456700
32650,250,1500,"bu","13:40:01",12458200
32650,250,11900,"bu","13:40:04",12470100
32650,250,5000,"bu","13:40:06",12475100
32700.000000000004,300,500,"bu","13:40:08",12475600
32650,250,3000,"sd","13:40:09",12478600
32650,250,50000,"sd","13:40:11",12528600
32650,250,200,"bu","13:40:13",12528800
32650,250,4800,"sd","13:40:17",12533600
32650,250,6000,"sd","13:40:27",12539600
32600,200,100,"sd","13:40:32",12539700
32650,250,1700,"sd","13:40:35",12541400
32600,200,5200,"sd","13:40:37",12546600
32650,250,1000,"sd","13:40:38",12547600
32600,200,100,"bu","13:40:43",12547700
32650,250,1000,"sd","13:40:45",12548700
32650,250,1000,"sd","13:40:47",12549700
32650,250,1300,"sd","13:40:50",12551000
32650,250,25000,"sd","13:40:55",12576000
32600,200,100,"sd","13:41:00",12576100
32600,200,5000,"bu","13:41:02",12581100
32650,250,2000,"sd","13:41:09",12583100
32600,200,100,"bu","13:41:12",12583200
32600,200,200,"sd","13:41:14",12583400
32650,250,100,"sd","13:41:19",12583500
32600,200,7000,"bu","13:41:24",12590500
32549.999999999996,150,70900,"bu","13:41:28",12661400
32600,200,200,"bu","13:41:36",12661600
32600,200,1000,"sd","13:41:43",12662600
32549.999999999996,150,500,"sd","13:41:48",12663100
32549.999999999996,150,60000,"bu","13:41:50",12723100
32600,200,200,"bu","13:41:51",12723300
32549.999999999996,150,1000,"sd","13:41:54",12724300
32549.999999999996,150,100,"sd","13:41:56",12724400
32549.999999999996,150,500,"bu","13:42:07",12724900
32549.999999999996,150,1600,"bu","13:42:12",12726500
32549.999999999996,150,600,"bu","13:42:17",12727100
32549.999999999996,150,700,"bu","13:42:22",12727800
32549.999999999996,150,200,"sd","13:42:27",12728000
32549.999999999996,150,9000,"sd","13:42:31",12737000
32549.999999999996,150,5600,"bu","13:42:35",12742600
32549.999999999996,150,34300,"sd","13:42:36",12776900
32549.999999999996,150,1000,"sd","13:42:43",12777900
32549.999999999996,150,500,"sd","13:42:54",12778400
32549.999999999996,150,2400,"bu","13:43:02",12780800
32549.999999999996,150,2800,"sd","13:43:10",12783600
32549.999999999996,150,1000,"sd","13:43:27",12784600
32549.999999999996,150,500,"bu","13:43:37",12785100
32549.999999999996,150,600,"sd","13:43:51",12785700
32549.999999999996,150,15300,"bu","13:43:58",12801000
32549.999999999996,150,10500,"bu","13:44:06",12811500
32600,200,2000,"sd","13:44:13",12813500
32549.999999999996,150,500,"sd","13:44:15",12814000
32549.999999999996,150,200,"bu","13:44:17",12814200
32549.999999999996,150,2000,"sd","13:44:24",12816200
32549.999999999996,150,7000,"bu","13:44:36",12823200
32549.999999999996,150,4100,"sd","13:44:37",12827300
32600,200,5300,"bu","13:44:41",12832600
32600,200,2000,"sd","13:44:45",12834600
32600,200,21900,"bu","13:45:02",12856500
32600,200,8800,"sd","13:45:03",12865300
32600,200,500,"sd","13:45:11",12865800
32549.999999999996,150,5000,"sd","13:45:30",12870800
32549.999999999996,150,1000,"sd","13:45:36",12871800
32549.999999999996,150,12000,"sd","13:45:51",12883800
32549.999999999996,150,3100,"bu","13:45:55",12886900
32600,200,8700,"sd","13:45:59",12895600
32600,200,1000,"sd","13:46:06",12896600
32549.999999999996,150,2700,"bu","13:46:07",12899300
32600,200,200,"sd","13:46:09",12899500
32549.999999999996,150,3400,"bu","13:46:11",12902900
32549.999999999996,150,10000,"bu","13:46:14",12912900
32549.999999999996,150,800,"sd","13:46:19",12913700
32549.999999999996,150,500,"bu","13:46:27",12914200
32549.999999999996,150,5100,"bu","13:46:35",12919300
32600,200,8800,"sd","13:46:56",12928100
32549.999999999996,150,5100,"bu","13:46:59",12933200
32600,200,200,"sd","13:47:06",12933400
32600,200,3000,"sd","13:47:16",12936400
32600,200,700,"sd","13:47:22",12937100
32600,200,2500,"bu","13:47:25",12939600
32600,200,100,"bu","13:47:45",12939700
32600,200,8700,"sd","13:47:52",12948400
32600,200,5000,"sd","13:47:54",12953400
32549.999999999996,150,95000,"sd","13:47:59",13048400
32549.999999999996,150,23000,"bu","13:48:05",13071400
32549.999999999996,150,100,"sd","13:48:08",13071500
32549.999999999996,150,500,"sd","13:48:12",13072000
32549.999999999996,150,1500,"bu","13:48:15",13073500
32600,200,500,"sd","13:48:22",13074000
32549.999999999996,150,2600,"bu","13:48:28",13076600
32600,200,8800,"sd","13:48:47",13085400
32600,200,1000,"bu","13:48:48",13086400
32600,200,500,"bu","13:48:52",13086900
32549.999999999996,150,7500,"sd","13:48:56",13094400
32549.999999999996,150,6300,"sd","13:49:09",13100700
32549.999999999996,150,2000,"sd","13:49:13",13102700
32549.999999999996,150,2300,"sd","13:49:14",13105000
32549.999999999996,150,200,"sd","13:49:16",13105200
32549.999999999996,150,600,"sd","13:49:21",13105800
32549.999999999996,150,2000,"bu","13:49:22",13107800
32600,200,300,"bu","13:49:24",13108100
32549.999999999996,150,50000,"bu","13:49:27",13158100
32549.999999999996,150,4800,"sd","13:49:32",13162900
32549.999999999996,150,100,"sd","13:49:36",13163000
32549.999999999996,150,5100,"sd","13:49:42",13168100
32549.999999999996,150,1700,"bu","13:49:44",13169800
32549.999999999996,150,7000,"bu","13:49:46",13176800
32549.999999999996,150,500,"sd","13:49:48",13177300
32549.999999999996,150,300,"sd","13:49:53",13177600
32549.999999999996,150,1000,"bu","13:49:54",13178600
32500,100,1100,"sd","13:50:02",13179700
32500,100,1000,"bu","13:50:11",13180700
32549.999999999996,150,5700,"sd","13:50:12",13186400
32500,100,500,"bu","13:50:17",13186900
32549.999999999996,150,6000,"sd","13:50:24",13192900
32549.999999999996,150,600,"bu","13:50:31",13193500
32549.999999999996,150,8800,"sd","13:50:39",13202300
32549.999999999996,150,17000,"bu","13:50:41",13219300
32549.999999999996,150,5400,"sd","13:50:44",13224700
32549.999999999996,150,1100,"sd","13:50:45",13225800
32549.999999999996,150,4200,"bu","13:50:50",13230000
32549.999999999996,150,700,"bu","13:50:52",13230700
32500,100,2100,"sd","13:50:53",13232800
32549.999999999996,150,11000,"sd","13:51:02",13243800
32500,100,2000,"sd","13:51:04",13245800
32549.999999999996,150,2500,"bu","13:51:08",13248300
32549.999999999996,150,3000,"bu","13:51:10",13251300
32549.999999999996,150,3400,"sd","13:51:12",13254700
32549.999999999996,150,25000,"bu","13:51:14",13279700
32549.999999999996,150,1700,"bu","13:51:15",13281400
32549.999999999996,150,3900,"sd","13:51:22",13285300
32549.999999999996,150,2000,"sd","13:51:23",13287300
32549.999999999996,150,2000,"bu","13:51:25",13289300
32549.999999999996,150,8500,"bu","13:51:27",13297800
32549.999999999996,150,500,"bu","13:51:29",13298300
32600,200,3000,"bu","13:51:32",13301300
32600,200,8700,"sd","13:51:34",13310000
32549.999999999996,150,100,"bu","13:51:38",13310100
32600,200,3400,"bu","13:51:44",13313500
32600,200,19900,"sd","13:51:46",13333400
32549.999999999996,150,1000,"bu","13:51:49",13334400
32549.999999999996,150,12000,"bu","13:51:55",13346400
32549.999999999996,150,1000,"sd","13:51:57",13347400
32600,200,100,"sd","13:51:58",13347500
32600,200,6000,"bu","13:52:02",13353500
32549.999999999996,150,100,"sd","13:52:05",13353600
32600,200,3500,"bu","13:52:08",13357100
32600,200,1000,"sd","13:52:14",13358100
32600,200,3400,"sd","13:52:19",13361500
32549.999999999996,150,100,"bu","13:52:22",13361600
32600,200,500,"sd","13:52:27",13362100
32600,200,3400,"sd","13:52:29",13365500
32600,200,8800,"sd","13:52:31",13374300
32600,200,3400,"sd","13:52:38",13377700
32600,200,3000,"sd","13:52:42",13380700
32600,200,8000,"bu","13:52:46",13388700
32600,200,2000,"sd","13:52:48",13390700
32600,200,3400,"bu","13:52:50",13394100
32600,200,500,"sd","13:52:52",13394600
32600,200,2000,"bu","13:52:54",13396600
32600,200,5100,"sd","13:52:58",13401700
32600,200,8000,"sd","13:52:59",13409700
32600,200,1000,"bu","13:53:01",13410700
32600,200,9800,"bu","13:53:10",13420500
32600,200,8200,"bu","13:53:14",13428700
32600,200,4400,"bu","13:53:16",13433100
32600,200,4000,"bu","13:53:18",13437100
32600,200,20100,"bu","13:53:20",13457200
32600,200,4000,"bu","13:53:22",13461200
32600,200,5000,"bu","13:53:24",13466200
32600,200,68600,"sd","13:53:26",13534800
32650,250,12100,"bu","13:53:27",13546900
32650,250,5300,"bu","13:53:41",13552200
32650,250,5700,"sd","13:53:43",13557900
32600,200,51200,"sd","13:53:45",13609100
32650,250,300,"sd","13:53:47",13609400
32650,250,1400,"bu","13:53:51",13610800
32650,250,3400,"bu","13:53:57",13614200
32650,250,1000,"sd","13:54:01",13615200
32650,250,2000,"bu","13:54:03",13617200
32650,250,13000,"sd","13:54:05",13630200
32650,250,16600,"bu","13:54:06",13646800
32650,250,3000,"bu","13:54:08",13649800
32600,200,5000,"sd","13:54:12",13654800
32650,250,3300,"sd","13:54:16",13658100
32650,250,6400,"sd","13:54:18",13664500
32700.000000000004,300,62000,"sd","13:54:20",13726500
32650,250,9800,"bu","13:54:24",13736300
32700.000000000004,300,2000,"sd","13:54:25",13738300
32700.000000000004,300,500,"sd","13:54:34",13738800
32700.000000000004,300,1000,"bu","13:54:36",13739800
32650,250,500,"bu","13:54:37",13740300
32700.000000000004,300,5000,"bu","13:54:39",13745300
32700.000000000004,300,1800,"sd","13:54:45",13747100
32650,250,2100,"sd","13:54:46",13749200
32650,250,900,"sd","13:55:06",13750100
32650,250,50000,"sd","13:55:13",13800100
32700.000000000004,300,8700,"bu","13:55:19",13808800
32650,250,200,"sd","13:55:26",13809000
32650,250,5200,"bu","13:55:29",13814200
32650,250,3000,"bu","13:55:31",13817200
32650,250,10800,"bu","13:55:33",13828000
32650,250,5000,"bu","13:55:35",13833000
32650,250,600,"sd","13:55:38",13833600
32650,250,100,"sd","13:55:40",13833700
32600,200,200,"bu","13:55:44",13833900
32600,200,80000,"bu","13:55:46",13913900
32600,200,500,"sd","13:55:51",13914400
32600,200,4200,"bu","13:55:55",13918600
32600,200,2700,"bu","13:56:03",13921300
32600,200,3000,"sd","13:56:04",13924300
32600,200,1000,"bu","13:56:06",13925300
32600,200,18900,"bu","13:56:08",13944200
32600,200,7400,"sd","13:56:15",13951600
32650,250,2000,"sd","13:56:19",13953600
32650,250,1200,"sd","13:56:31",13954800
32650,250,8000,"sd","13:56:44",13962800
32650,250,100,"sd","13:56:46",13962900
32650,250,5000,"sd","13:56:48",13967900
32600,200,7900,"bu","13:56:54",13975800
32650,250,6000,"sd","13:56:55",13981800
32600,200,13200,"bu","13:57:02",13995000
32650,250,2100,"bu","13:57:06",13997100
32600,200,200,"bu","13:57:08",13997300
32650,250,8300,"sd","13:57:11",14005600
32650,250,1300,"bu","13:57:13",14006900
32600,200,5000,"sd","13:57:15",14011900
32600,200,89500,"sd","13:57:16",14101400
32600,200,1300,"sd","13:57:20",14102700
32600,200,3000,"bu","13:57:26",14105700
32600,200,5000,"bu","13:57:27",14110700
32600,200,2000,"sd","13:57:33",14112700
32600,200,500,"sd","13:57:35",14113200
32600,200,15000,"bu","13:57:40",14128200
32600,200,200,"bu","13:57:48",14128400
32600,200,20000,"bu","13:57:53",14148400
32600,200,1000,"sd","13:57:55",14149400
32600,200,2100,"sd","13:58:04",14151500
32600,200,10600,"bu","13:58:06",14162100
32549.999999999996,150,300,"bu","13:58:08",14162400
32600,200,1700,"sd","13:58:14",14164100
32600,200,200,"sd","13:58:20",14164300
32600,200,500,"bu","13:58:24",14164800
32600,200,900,"bu","13:58:28",14165700
32600,200,500,"bu","13:58:30",14166200
32600,200,100,"sd","13:58:32",14166300
32600,200,3100,"bu","13:58:41",14169400
32600,200,1000,"bu","13:58:55",14170400
32600,200,7200,"bu","13:59:02",14177600
32600,200,100,"bu","13:59:07",14177700
32600,200,4800,"bu","13:59:41",14182500
32549.999999999996,150,2000,"bu","13:59:52",14184500
