"price","change","match_qtty","side","time","total_vol"
18000,800,30000,"bu","09:00:07",30000
17300,100,12000,"sd","09:02:53",42000
17300,100,8000,"sd","09:03:57",50000
17400,200,2000,"sd","09:04:30",52000
17400,200,12000,"sd","09:05:06",64000
17400,200,5000,"bu","09:05:17",69000
17400,200,11000,"bu","09:05:24",80000
17500,300,1000,"sd","09:07:01",81000
17700,500,10000,"bu","09:09:06",91000
17700,500,1000,"bu","09:09:21",92000
17500,300,8000,"sd","09:15:26",100000
17500,300,5000,"bu","09:16:20",105000
17500,300,87000,"sd","09:16:29",192000
17500,300,10000,"bu","09:17:39",202000
17500,300,15000,"sd","09:17:55",217000
17500,300,10000,"sd","09:18:07",227000
17500,300,5000,"bu","09:18:11",232000
17500,300,10000,"sd","09:19:19",242000
17500,300,10000,"sd","09:19:23",252000
17500,300,20000,"bu","09:19:32",272000
17400,200,18000,"bu","09:21:05",290000
17400,200,10000,"sd","09:22:08",300000
17400,200,14000,"bu","09:22:13",314000
17400,200,4000,"sd","09:27:22",318000
17400,200,6000,"sd","09:27:34",324000
17400,200,5000,"bu","09:27:39",329000
17400,200,5000,"sd","09:29:29",334000
17400,200,7000,"sd","09:29:43",341000
17400,200,5000,"bu","09:29:59",346000
17400,200,6000,"sd","09:30:18",352000
17400,200,15000,"sd","09:30:22",367000
17400,200,10000,"sd","09:31:33",377000
17400,200,7000,"sd","09:31:41",384000
17400,200,2000,"bu","09:32:03",386000
17400,200,26000,"bu","09:34:24",412000
17400,200,2000,"sd","09:35:37",414000
17400,200,2000,"sd","09:37:13",416000
17400,200,16000,"sd","09:39:50",432000
17400,200,2000,"bu","09:41:47",434000
17400,200,10000,"sd","09:42:59",444000
17400,200,1000,"sd","09:43:02",445000
17400,200,1000,"bu","09:43:09",446000
17400,200,10000,"sd","09:43:17",456000
17400,200,6000,"bu","09:43:40",462000
17400,200,30000,"bu","09:44:02",492000
17400,200,50000,"sd","09:44:11",542000
17400,200,32000,"bu","09:44:49",574000
17400,200,2000,"sd","09:45:04",576000
17400,200,20000,"bu","09:45:38",596000
17400,200,20000,"sd","09:46:08",616000
17400,200,5000,"bu","09:46:11",621000
17400,200,25000,"bu","09:46:35",646000
17400,200,32000,"sd","09:47:11",678000
17400,200,1000,"sd","09:48:06",679000
17400,200,2000,"bu","09:49:05",681000
17400,200,1000,"sd","09:49:21",682000
17300,100,13000,"sd","09:50:08",695000
17400,200,4000,"bu","09:50:09",699000
17300,100,100000,"bu","09:50:24",799000
17400,200,6000,"bu","09:51:13",805000
17400,200,1000,"sd","09:51:36",806000
17400,200,5000,"bu","09:51:49",811000
17400,200,2000,"bu","09:51:51",813000
17400,200,9000,"sd","09:53:35",822000
17400,200,17000,"bu","09:54:03",839000
17400,200,18000,"sd","09:58:03",857000
17300,100,10000,"sd","10:01:27",867000
17300,100,5000,"bu","10:04:39",872000
17300,100,19000,"bu","10:05:29",891000
17300,100,100000,"bu","10:06:00",991000
17300,100,12000,"sd","10:06:05",1003000
17200,0,100000,"sd","10:06:29",1103000
17200,0,58000,"bu","10:07:04",1161000
17100,-100,19000,"bu","10:08:28",1180000
17200,0,7000,"sd","10:08:59",1187000
17200,0,40000,"sd","10:10:06",1227000
17200,0,7000,"sd","10:12:12",1234000
17200,0,7000,"bu","10:12:29",1241000
17200,0,1000,"sd","10:13:05",1242000
17200,0,5000,"sd","10:13:26",1247000
17200,0,1000,"sd","10:14:28",1248000
17200,0,10000,"bu","10:17:36",1258000
17200,0,2000,"sd","10:18:27",1260000
17200,0,8000,"bu","10:18:38",1268000
17300,100,1000,"sd","10:21:12",1269000
17300,100,1000,"bu","10:22:35",1270000
17300,100,63000,"sd","10:24:41",1333000
17300,100,64000,"sd","10:25:15",1397000
17200,0,23000,"bu","10:31:13",1420000
17200,0,1000,"bu","10:36:49",1421000
17200,0,5000,"bu","10:39:19",1426000
17200,0,3000,"bu","10:39:33",1429000
17200,0,3000,"bu","10:39:36",1432000
17200,0,19000,"sd","10:40:06",1451000
17200,0,10000,"bu","10:40:55",1461000
17300,100,11000,"bu","10:45:28",1472000
17200,0,40000,"sd","10:45:35",1512000
17300,100,2000,"bu","10:46:46",1514000
17300,100,20000,"sd","10:47:02",1534000
17300,100,7000,"bu","10:47:06",1541000
17300,100,6000,"sd","10:47:13",1547000
17300,100,22000,"bu","10:49:01",1569000
17300,100,8000,"bu","10:50:22",1577000
17400,200,163000,"bu","10:52:59",1740000
17400,200,1000,"bu","10:53:54",1741000
17400,200,4000,"bu","10:55:34",1745000
17400,200,100000,"bu","11:04:00",1845000
17400,200,2000,"sd","11:04:18",1847000
17300,100,1000,"bu","11:08:31",1848000
17300,100,90000,"bu","11:08:32",1938000
17300,100,1000,"sd","11:08:46",1939000
17200,0,130000,"bu","11:10:23",2069000
17200,0,1000,"bu","11:13:49",2070000
17200,0,2000,"bu","11:17:19",2072000
17200,0,22000,"bu","11:26:44",2094000
17100,-100,50000,"sd","13:00:03",2144000
17100,-100,37000,"bu","13:00:05",2181000
17200,0,5000,"sd","13:00:06",2186000
17100,-100,10000,"bu","13:00:07",2196000
17100,-100,3000,"bu","13:00:42",2199000
17100,-100,18000,"bu","13:00:55",2217000
17100,-100,2000,"bu","13:01:08",2219000
17100,-100,15000,"bu","13:01:54",2234000
17100,-100,49000,"bu","13:02:00",2283000
17000,-200,1000,"bu","13:02:43",2284000
17000,-200,1000,"sd","13:02:49",2285000
17000,-200,10000,"sd","13:03:16",2295000
17000,-200,11000,"sd","13:04:01",2306000
17000,-200,2000,"sd","13:04:09",2308000
17000,-200,50000,"sd","13:04:22",2358000
17100,-100,5000,"sd","13:04:36",2363000
17000,-200,31000,"bu","13:05:14",2394000
17000,-200,10000,"sd","13:06:44",2404000
17000,-200,76000,"sd","13:06:46",2480000
17000,-200,24000,"sd","13:07:01",2504000
17000,-200,1000,"sd","13:07:19",2505000
17000,-200,15000,"bu","13:07:25",2520000
17000,-200,37000,"bu","13:07:39",2557000
17000,-200,3000,"bu","13:07:44",2560000
17000,-200,2000,"sd","13:07:45",2562000
17000,-200,10000,"sd","13:08:09",2572000
17000,-200,1000,"bu","13:08:17",2573000
17000,-200,2000,"sd","13:08:23",2575000
17000,-200,30000,"sd","13:08:26",2605000
17000,-200,1000,"bu","13:08:35",2606000
17000,-200,29000,"sd","13:08:37",2635000
17000,-200,1000,"sd","13:08:55",2636000
17000,-200,7000,"sd","13:08:56",2643000
17000,-200,52000,"sd","13:09:00",2695000
17000,-200,2000,"bu","13:09:18",2697000
17000,-200,2000,"bu","13:09:27",2699000
17000,-200,5000,"sd","13:09:42",2704000
17000,-200,1000,"sd","13:09:46",2705000
17000,-200,1000,"sd","13:10:21",2706000
17000,-200,20000,"sd","13:10:32",2726000
17000,-200,10000,"bu","13:10:40",2736000
17000,-200,20000,"sd","13:10:55",2756000
17000,-200,5000,"sd","13:11:26",2761000
17000,-200,2000,"bu","13:11:40",2763000
17000,-200,5000,"sd","13:11:45",2768000
17000,-200,5000,"sd","13:11:49",2773000
17000,-200,4000,"bu","13:11:56",2777000
17000,-200,5000,"sd","13:11:59",2782000
17000,-200,5000,"bu","13:12:07",2787000
16900,-300,175000,"sd","13:19:39",2962000
16900,-300,50000,"bu","13:19:41",3012000
16900,-300,38000,"bu","13:20:32",3050000
16900,-300,4000,"sd","13:22:36",3054000
17000,-200,2000,"sd","13:23:10",3056000
16900,-300,48000,"bu","13:23:12",3104000
16900,-300,2000,"sd","13:23:38",3106000
16900,-300,5000,"bu","13:23:57",3111000
16900,-300,30000,"sd","13:24:24",3141000
16900,-300,2000,"bu","13:24:51",3143000
16900,-300,16000,"sd","13:27:04",3159000
16900,-300,10000,"sd","13:27:07",3169000
16900,-300,1000,"sd","13:27:15",3170000
16900,-300,20000,"bu","13:27:19",3190000
16900,-300,2000,"sd","13:27:24",3192000
16900,-300,18000,"sd","13:27:47",3210000
16900,-300,3000,"bu","13:27:49",3213000
16900,-300,1000,"bu","13:27:56",3214000
16800,-400,10000,"bu","13:28:12",3224000
16900,-300,2000,"sd","13:29:02",3226000
16900,-300,2000,"bu","13:29:16",3228000
16900,-300,6000,"bu","13:29:23",3234000
16900,-300,10000,"sd","13:29:31",3244000
16900,-300,10000,"bu","13:29:44",3254000
17000,-200,5000,"bu","13:32:51",3259000
17000,-200,2000,"sd","13:33:05",3261000
17000,-200,10000,"bu","13:33:37",3271000
17000,-200,22000,"sd","13:33:53",3293000
17000,-200,1000,"bu","13:33:56",3294000
17000,-200,10000,"bu","13:34:03",3304000
17000,-200,2000,"sd","13:34:05",3306000
17000,-200,40000,"sd","13:34:06",3346000
17000,-200,4000,"sd","13:34:16",3350000
17000,-200,5000,"sd","13:34:17",3355000
17000,-200,15000,"bu","13:34:21",3370000
17000,-200,1000,"sd","13:34:31",3371000
17100,-100,5000,"sd","13:34:44",3376000
17100,-100,1000,"sd","13:36:18",3377000
17000,-200,8000,"sd","13:36:30",3385000
17000,-200,1000,"bu","13:36:43",3386000
17000,-200,1000,"bu","13:36:58",3387000
17000,-200,8000,"bu","13:37:53",3395000
17000,-200,3000,"bu","13:38:37",3398000
17000,-200,20000,"bu","13:39:02",3418000
17000,-200,40000,"bu","13:39:41",3458000
17000,-200,1000,"bu","13:39:44",3459000
17000,-200,1000,"bu","13:39:56",3460000
17000,-200,4000,"bu","13:40:04",3464000
17000,-200,20000,"sd","13:40:10",3484000
17000,-200,6000,"sd","13:40:24",3490000
17000,-200,9000,"sd","13:40:37",3499000
17000,-200,1000,"bu","13:40:59",3500000
16900,-300,3000,"bu","13:42:19",3503000
17000,-200,2000,"bu","13:42:29",3505000
17000,-200,2000,"bu","13:42:38",3507000
16900,-300,39000,"bu","13:43:11",3546000
16900,-300,8000,"sd","13:44:30",3554000
16900,-300,12000,"bu","13:44:31",3566000
16900,-300,20000,"bu","13:44:56",3586000
16900,-300,30000,"bu","13:45:04",3616000
16900,-300,15000,"sd","13:46:18",3631000
16900,-300,62000,"sd","13:46:39",3693000
16900,-300,2000,"bu","13:46:43",3695000
16900,-300,5000,"sd","13:48:13",3700000
16900,-300,2000,"sd","13:48:16",3702000
16900,-300,5000,"bu","13:48:25",3707000
16900,-300,10000,"sd","13:48:37",3717000
16900,-300,20000,"sd","13:48:55",3737000
16900,-300,19000,"bu","13:49:18",3756000
16900,-300,1000,"sd","13:49:55",3757000
16900,-300,2000,"sd","13:50:07",3759000
16900,-300,5000,"bu","13:50:29",3764000
16900,-300,1000,"sd","13:51:46",3765000
16900,-300,2000,"sd","13:51:53",3767000
16900,-300,1000,"sd","13:51:59",3768000
16900,-300,1000,"bu","13:52:13",3769000
16900,-300,1000,"bu","13:52:26",3770000
16900,-300,5000,"sd","13:52:48",3775000
16900,-300,1000,"sd","13:53:07",3776000
16900,-300,15000,"bu","13:53:14",3791000
16900,-300,1000,"bu","13:53:20",3792000
16900,-300,20000,"sd","13:53:26",3812000
16900,-300,2000,"bu","13:53:30",3814000
16900,-300,20000,"bu","13:53:35",3834000
16900,-300,1000,"bu","13:53:36",3835000
16900,-300,8000,"bu","13:53:42",3843000
16900,-300,1000,"bu","13:53:44",3844000
16900,-300,1000,"sd","13:53:47",3845000
16900,-300,6000,"bu","13:53:53",3851000
16900,-300,3000,"bu","13:58:35",3854000
16900,-300,10000,"sd","13:59:58",3864000
17000,-200,30000,"bu","14:00:34",3894000
16900,-300,140000,"bu","14:00:35",4034000
16900,-300,4000,"bu","14:01:42",4038000
16900,-300,8000,"sd","14:02:25",4046000
16900,-300,1000,"sd","14:02:46",4047000
16900,-300,56000,"bu","14:03:24",4103000
17000,-200,1000,"bu","14:04:02",4104000
16900,-300,10000,"sd","14:04:28",4114000
16900,-300,10000,"sd","14:05:58",4124000
16900,-300,20000,"bu","14:06:27",4144000
16900,-300,10000,"sd","14:07:31",4154000
16900,-300,17000,"bu","14:08:02",4171000
16900,-300,33000,"sd","14:09:02",4204000
16900,-300,24000,"bu","14:09:14",4228000
16900,-300,6000,"bu","14:09:58",4234000
16900,-300,10000,"sd","14:10:14",4244000
16900,-300,30000,"bu","14:11:24",4274000
16900,-300,20000,"sd","14:12:08",4294000
16900,-300,12000,"bu","14:13:41",4306000
16900,-300,20000,"sd","14:14:09",4326000
16900,-300,29000,"sd","14:14:10",4355000
16900,-300,20000,"bu","14:14:14",4375000
16900,-300,1000,"sd","14:14:16",4376000
16800,-400,7000,"bu","14:15:04",4383000
16800,-400,10000,"bu","14:15:54",4393000
16900,-300,1000,"sd","14:17:49",4394000
16800,-400,52000,"sd","14:18:00",4446000
16900,-300,5000,"sd","14:18:10",4451000
16900,-300,49000,"sd","14:18:21",4500000
16900,-300,18000,"bu","14:18:33",4518000
17000,-200,12000,"sd","14:19:22",4530000
17000,-200,2000,"sd","14:23:26",4532000
17000,-200,50000,"sd","14:24:54",4582000
17000,-200,18000,"bu","14:25:17",4600000
17000,-200,10000,"bu","14:25:30",4610000
17000,-200,10000,"sd","14:25:40",4620000
17000,-200,50000,"sd","14:25:49",4670000
17000,-200,43000,"sd","14:27:03",4713000
17100,-100,5000,"bu","14:27:30",4718000
17000,-200,1000,"bu","14:27:37",4719000
17000,-200,11000,"bu","14:28:03",4730000
17000,-200,94000,"bu","14:28:28",4824000
17100,-100,50000,"bu","14:29:19",4874000
17100,-100,50000,"sd","14:29:26",4924000
17100,-100,50000,"bu","14:29:49",4974000
17100,-100,117000,"sd","14:45:08",5091000
