"price","change","match_qtty","side","time","total_vol"
38000,0,2100,"sd","09:15:02",2100
38000,0,400,"bu","09:15:42",2500
38000,0,600,"sd","09:15:42",3100
38000,0,2000,"sd","09:16:58",5100
38000,0,500,"sd","09:17:40",5600
38000,0,700,"sd","09:18:08",6300
38000,0,300,"bu","09:18:16",6600
38000,0,1000,"sd","09:18:23",7600
38000,0,200,"bu","09:18:31",7800
38000,0,1500,"bu","09:19:07",9300
38000,0,200,"sd","09:19:12",9500
38000,0,1000,"bu","09:19:19",10500
38000,0,500,"bu","09:19:19",11000
38000,0,100,"bu","09:19:37",11100
38000,0,1000,"bu","09:19:43",12100
37900,-100,2000,"bu","09:19:55",14100
37900,-100,500,"sd","09:19:56",14600
38150,150,100,"bu","09:20:41",14700
38000,0,200,"sd","09:23:12",14900
38000,0,300,"bu","09:24:58",15200
38050,50,100,"sd","09:26:10",15300
38150,150,400,"sd","09:26:12",15700
38150,150,2700,"sd","09:26:12",18400
38200,200,100,"sd","09:26:32",18500
38200,200,1000,"sd","09:26:45",19500
38150,150,1500,"bu","09:26:53",21000
38150,150,400,"bu","09:27:08",21400
38150,150,300,"sd","09:27:15",21700
38200,200,200,"bu","09:27:43",21900
38150,150,100,"sd","09:27:57",22000
38200,200,3600,"sd","09:28:56",25600
38200,200,100,"sd","09:29:15",25700
38200,200,500,"bu","09:29:16",26200
38200,200,1400,"bu","09:29:16",27600
38200,200,2000,"bu","09:29:18",29600
38200,200,1600,"sd","09:29:20",31200
38200,200,100,"sd","09:30:01",31300
38300,300,900,"bu","09:31:00",32200
38200,200,3700,"sd","09:32:13",35900
38200,200,500,"sd","09:32:38",36400
38200,200,200,"bu","09:32:47",36600
38150,150,2000,"bu","09:33:06",38600
38150,150,100,"sd","09:34:41",38700
38100,100,1100,"sd","09:35:15",39800
38050,50,200,"sd","09:35:55",40000
38000,0,500,"sd","09:36:13",40500
38050,50,2100,"bu","09:37:35",42600
38000,0,1000,"sd","09:37:42",43600
38000,0,1000,"bu","09:38:01",44600
38000,0,3000,"sd","09:38:15",47600
38000,0,300,"sd","09:38:18",47900
37950,-50,1600,"sd","09:38:52",49500
37950,-50,4300,"bu","09:39:02",53800
37900,-100,700,"sd","09:39:11",54500
37950,-50,100,"bu","09:39:25",54600
37850,-150,1500,"bu","09:40:39",56100
37850,-150,400,"sd","09:41:16",56500
37850,-150,100,"bu","09:41:39",56600
37850,-150,1500,"sd","09:42:04",58100
37850,-150,200,"sd","09:42:08",58300
37800,-200,3500,"bu","09:42:09",61800
37750,-250,300,"sd","09:42:54",62100
37750,-250,100,"sd","09:43:14",62200
37700,-300,1100,"bu","09:43:26",63300
37700,-300,100,"bu","09:43:34",63400
37550,-450,2000,"bu","09:43:42",65400
37500,-500,1000,"bu","09:43:46",66400
37600,-400,4500,"sd","09:43:47",70900
37600,-400,700,"bu","09:43:59",71600
37600,-400,1800,"bu","09:44:04",73400
37550,-450,600,"sd","09:44:14",74000
37600,-400,200,"bu","09:44:16",74200
37600,-400,300,"sd","09:44:19",74500
37550,-450,500,"sd","09:44:20",75000
37600,-400,100,"sd","09:44:21",75100
37600,-400,500,"sd","09:44:30",75600
37600,-400,300,"bu","09:44:56",75900
37600,-400,1900,"sd","09:44:57",77800
37600,-400,500,"sd","09:45:13",78300
37600,-400,200,"sd","09:45:27",78500
37600,-400,100,"bu","09:45:28",78600
37600,-400,500,"sd","09:45:33",79100
37600,-400,1000,"bu","09:45:33",80100
37600,-400,3000,"bu","09:45:48",83100
37600,-400,1000,"sd","09:45:49",84100
37600,-400,100,"sd","09:46:02",84200
37600,-400,200,"sd","09:46:05",84400
37600,-400,300,"bu","09:46:43",84700
37600,-400,200,"sd","09:46:45",84900
37600,-400,700,"sd","09:46:58",85600
37650,-350,100,"bu","09:47:14",85700
37650,-350,200,"sd","09:47:47",85900
37650,-350,300,"sd","09:48:02",86200
37600,-400,500,"bu","09:48:07",86700
37600,-400,300,"sd","09:48:27",87000
37600,-400,2800,"sd","09:48:43",89800
37600,-400,400,"bu","09:48:53",90200
37600,-400,2800,"sd","09:49:35",93000
37600,-400,100,"bu","09:49:39",93100
37650,-350,3000,"bu","09:49:45",96100
37650,-350,100,"bu","09:49:47",96200
37650,-350,400,"sd","09:49:49",96600
37650,-350,1100,"bu","09:50:00",97700
37650,-350,100,"sd","09:50:11",97800
37600,-400,1500,"sd","09:50:20",99300
37650,-350,900,"bu","09:50:21",100200
37650,-350,700,"bu","09:50:36",100900
37700,-300,500,"bu","09:50:46",101400
37700,-300,100,"sd","09:51:01",101500
37700,-300,500,"bu","09:52:07",102000
37650,-350,500,"bu","09:52:53",102500
37650,-350,1000,"bu","09:53:30",103500
37700,-300,200,"sd","09:54:36",103700
37800,-200,600,"sd","09:55:18",104300
37800,-200,100,"sd","09:55:41",104400
37800,-200,1700,"sd","09:55:49",106100
37800,-200,100,"sd","09:56:08",106200
37800,-200,2000,"sd","09:56:24",108200
37800,-200,100,"sd","09:57:15",108300
37800,-200,400,"sd","09:59:16",108700
37700,-300,300,"bu","10:00:33",109000
37700,-300,7400,"bu","10:02:16",116400
37700,-300,2000,"sd","10:03:42",118400
37700,-300,500,"bu","10:03:51",118900
37700,-300,600,"sd","10:06:08",119500
37700,-300,1200,"sd","10:07:23",120700
37700,-300,200,"sd","10:07:38",120900
37650,-350,5000,"sd","10:07:41",125900
37650,-350,1000,"bu","10:08:18",126900
37650,-350,600,"bu","10:08:50",127500
37700,-300,600,"bu","10:09:50",128100
37650,-350,7000,"sd","10:10:40",135100
37650,-350,1500,"bu","10:10:46",136600
37600,-400,500,"sd","10:10:54",137100
37600,-400,700,"sd","10:11:13",137800
37550,-450,4200,"bu","10:11:53",142000
37500,-500,200,"bu","10:12:17",142200
37500,-500,9100,"bu","10:12:21",151300
37500,-500,900,"sd","10:12:21",152200
37500,-500,3000,"sd","10:12:24",155200
37500,-500,1500,"sd","10:12:35",156700
37500,-500,500,"sd","10:12:58",157200
37500,-500,3400,"bu","10:13:22",160600
37450,-550,600,"sd","10:13:36",161200
37450,-550,1200,"sd","10:13:42",162400
37450,-550,500,"sd","10:13:48",162900
37450,-550,200,"sd","10:14:14",163100
37400,-600,5000,"bu","10:14:18",168100
37400,-600,2600,"bu","10:14:48",170700
37400,-600,1500,"sd","10:14:54",172200
37400,-600,900,"sd","10:15:07",173100
37350,-650,600,"bu","10:15:09",173700
37400,-600,1200,"sd","10:16:01",174900
37400,-600,600,"bu","10:16:18",175500
37500,-500,400,"sd","10:16:35",175900
37500,-500,1200,"sd","10:17:25",177100
37600,-400,1000,"sd","10:18:50",178100
37600,-400,3000,"bu","10:19:16",181100
37500,-500,300,"bu","10:19:18",181400
37600,-400,100,"bu","10:20:14",181500
37600,-400,9700,"sd","10:22:55",191200
37650,-350,10200,"bu","10:23:19",201400
37600,-400,100,"bu","10:24:19",201500
37600,-400,300,"sd","10:26:02",201800
37600,-400,300,"bu","10:26:14",202100
37600,-400,1500,"bu","10:27:31",203600
37600,-400,700,"bu","10:27:47",204300
37650,-350,1000,"sd","10:28:14",205300
37650,-350,500,"sd","10:28:36",205800
37600,-400,100,"bu","10:28:54",205900
37600,-400,2900,"sd","10:30:13",208800
37600,-400,500,"sd","10:30:55",209300
37650,-350,300,"bu","10:31:21",209600
37700,-300,1000,"sd","10:32:25",210600
37650,-350,1100,"sd","10:33:39",211700
37650,-350,100,"bu","10:36:30",211800
37650,-350,2000,"sd","10:37:13",213800
37600,-400,1100,"bu","10:37:34",214900
37600,-400,700,"bu","10:37:58",215600
37600,-400,500,"sd","10:39:05",216100
37600,-400,800,"bu","10:39:11",216900
37600,-400,100,"sd","10:40:48",217000
37650,-350,800,"sd","10:41:15",217800
37600,-400,300,"sd","10:42:58",218100
37600,-400,700,"sd","10:43:05",218800
37450,-550,5100,"sd","10:43:53",223900
37450,-550,1500,"bu","10:44:22",225400
37600,-400,300,"sd","10:46:55",225700
37600,-400,600,"sd","10:47:13",226300
37450,-550,1000,"bu","10:48:18",227300
37350,-650,10400,"bu","10:48:32",237700
37350,-650,2000,"sd","10:49:07",239700
37350,-650,15000,"bu","10:50:29",254700
37300,-700,15000,"sd","10:50:41",269700
37300,-700,2000,"sd","10:50:42",271700
37100,-900,15000,"bu","10:50:50",286700
37100,-900,100,"bu","10:51:33",286800
37200,-800,500,"sd","10:51:43",287300
37200,-800,300,"sd","10:51:54",287600
37250,-750,1200,"bu","10:54:19",288800
37250,-750,300,"sd","10:55:08",289100
37300,-700,1000,"sd","10:56:59",290100
37300,-700,1000,"bu","10:57:54",291100
37300,-700,600,"bu","10:57:56",291700
37250,-750,1400,"bu","10:58:25",293100
37250,-750,1900,"bu","10:58:30",295000
37250,-750,100,"sd","10:58:35",295100
37300,-700,900,"sd","10:58:38",296000
37300,-700,1600,"bu","10:59:12",297600
37250,-750,200,"sd","10:59:18",297800
37250,-750,100,"bu","10:59:24",297900
37250,-750,1100,"sd","11:00:01",299000
37250,-750,200,"sd","11:00:06",299200
37250,-750,100,"sd","11:00:53",299300
37050,-950,17500,"sd","11:01:54",316800
37050,-950,100,"sd","11:02:02",316900
37050,-950,400,"sd","11:02:35",317300
37300,-700,100,"bu","11:02:46",317400
37300,-700,600,"bu","11:02:47",318000
37300,-700,500,"bu","11:03:02",318500
37300,-700,800,"sd","11:03:14",319300
37250,-750,2000,"bu","11:05:33",321300
37100,-900,1000,"sd","11:06:03",322300
37150,-850,100,"sd","11:07:18",322400
37100,-900,500,"bu","11:08:52",322900
37150,-850,300,"sd","11:09:41",323200
37150,-850,100,"sd","11:10:16",323300
37150,-850,800,"bu","11:10:43",324100
37150,-850,2000,"bu","11:10:45",326100
37100,-900,200,"bu","11:11:27",326300
37100,-900,400,"sd","11:12:16",326700
37150,-850,500,"sd","11:12:17",327200
37150,-850,200,"bu","11:12:26",327400
37000,-1000,11800,"bu","11:13:04",339200
37000,-1000,300,"bu","11:13:05",339500
37000,-1000,500,"sd","11:13:30",340000
37000,-1000,5000,"sd","11:14:11",345000
37000,-1000,4000,"bu","11:14:27",349000
37000,-1000,3000,"sd","11:14:45",352000
37000,-1000,10000,"bu","11:15:20",362000
37000,-1000,1200,"sd","11:15:24",363200
37000,-1000,5600,"bu","11:15:26",368800
37000,-1000,8000,"bu","11:15:29",376800
37000,-1000,2000,"sd","11:15:33",378800
37000,-1000,100,"sd","11:15:41",378900
37000,-1000,300,"bu","11:16:06",379200
37000,-1000,400,"bu","11:16:14",379600
37000,-1000,1300,"sd","11:16:48",380900
37000,-1000,100,"bu","11:16:52",381000
37000,-1000,700,"sd","11:16:59",381700
37000,-1000,3400,"sd","11:17:32",385100
37000,-1000,1500,"bu","11:17:38",386600
37000,-1000,100,"sd","11:17:57",386700
37050,-950,400,"sd","11:18:39",387100
37050,-950,200,"bu","11:18:45",387300
37100,-900,2000,"bu","11:18:49",389300
37100,-900,2400,"sd","11:19:17",391700
37200,-800,400,"bu","11:20:04",392100
37200,-800,200,"sd","11:20:11",392300
37200,-800,1200,"bu","11:20:15",393500
37200,-800,500,"sd","11:20:24",394000
37300,-700,1100,"sd","11:21:37",395100
37300,-700,800,"sd","11:22:15",395900
37350,-650,100,"bu","11:22:29",396000
37350,-650,800,"bu","11:22:55",396800
37350,-650,100,"bu","11:23:45",396900
37350,-650,1100,"bu","11:23:53",398000
37350,-650,200,"sd","11:24:06",398200
37300,-700,2000,"bu","11:25:07",400200
37250,-750,3000,"bu","11:26:34",403200
37200,-800,1500,"sd","11:26:44",404700
37200,-800,200,"bu","11:27:53",404900
37100,-900,2000,"bu","13:00:48",406900
37200,-800,100,"bu","13:00:49",407000
37200,-800,600,"bu","13:00:51",407600
37100,-900,1200,"bu","13:00:58",408800
37100,-900,1900,"sd","13:01:13",410700
37050,-950,200,"bu","13:01:51",410900
37050,-950,500,"sd","13:02:18",411400
37050,-950,600,"bu","13:02:23",412000
37050,-950,100,"sd","13:02:44",412100
37050,-950,500,"bu","13:03:10",412600
37050,-950,500,"bu","13:03:15",413100
37000,-1000,500,"bu","13:03:21",413600
37050,-950,100,"bu","13:04:12",413700
37050,-950,200,"bu","13:04:34",413900
37050,-950,1000,"sd","13:05:34",414900
37050,-950,100,"bu","13:05:42",415000
37050,-950,500,"sd","13:05:44",415500
37050,-950,100,"bu","13:05:49",415600
37050,-950,1000,"bu","13:06:03",416600
37100,-900,500,"sd","13:06:11",417100
37100,-900,1400,"bu","13:06:23",418500
37100,-900,3000,"bu","13:07:36",421500
37100,-900,1000,"sd","13:07:37",422500
37100,-900,400,"bu","13:07:54",422900
37050,-950,600,"bu","13:08:22",423500
37100,-900,100,"sd","13:08:55",423600
37050,-950,200,"sd","13:09:06",423800
37100,-900,1000,"sd","13:09:08",424800
37100,-900,300,"sd","13:09:15",425100
37050,-950,1000,"bu","13:09:17",426100
37050,-950,1000,"bu","13:09:31",427100
37050,-950,2000,"sd","13:10:02",429100
37100,-900,1600,"sd","13:10:44",430700
37100,-900,300,"sd","13:11:04",431000
37150,-850,500,"sd","13:12:37",431500
37100,-900,500,"sd","13:12:43",432000
37100,-900,7200,"sd","13:13:23",439200
37100,-900,300,"bu","13:13:28",439500
37150,-850,2000,"sd","13:13:33",441500
37150,-850,3000,"sd","13:13:45",444500
37150,-850,600,"bu","13:13:49",445100
37150,-850,400,"sd","13:15:55",445500
37150,-850,100,"sd","13:16:25",445600
37100,-900,1800,"sd","13:17:25",447400
37100,-900,2700,"sd","13:17:48",450100
37100,-900,1000,"bu","13:18:05",451100
37100,-900,200,"bu","13:19:05",451300
37100,-900,6300,"sd","13:19:41",457600
37100,-900,200,"bu","13:20:11",457800
37100,-900,100,"bu","13:20:26",457900
37100,-900,200,"bu","13:20:41",458100
37100,-900,1000,"bu","13:20:52",459100
37100,-900,800,"sd","13:21:05",459900
37100,-900,100,"sd","13:21:18",460000
37100,-900,1100,"sd","13:21:33",461100
37100,-900,500,"bu","13:21:41",461600
37150,-850,200,"sd","13:22:03",461800
37150,-850,1600,"bu","13:22:06",463400
37150,-850,200,"sd","13:22:47",463600
37150,-850,500,"bu","13:22:50",464100
37150,-850,1000,"sd","13:23:01",465100
37200,-800,100,"sd","13:23:12",465200
37200,-800,200,"bu","13:23:17",465400
37200,-800,2000,"sd","13:23:37",467400
37200,-800,1400,"sd","13:23:42",468800
37200,-800,1300,"sd","13:23:52",470100
37300,-700,1000,"bu","13:24:12",471100
37200,-800,200,"bu","13:24:20",471300
37250,-750,2000,"sd","13:24:44",473300
37300,-700,200,"sd","13:24:58",473500
37300,-700,4000,"sd","13:25:04",477500
37300,-700,500,"sd","13:25:20",478000
37300,-700,1500,"bu","13:25:29",479500
37300,-700,5000,"sd","13:25:35",484500
37300,-700,500,"bu","13:25:36",485000
37300,-700,2600,"sd","13:25:38",487600
37350,-650,500,"sd","13:25:46",488100
37350,-650,100,"bu","13:25:49",488200
37300,-700,1000,"bu","13:25:56",489200
37350,-650,300,"sd","13:26:03",489500
37350,-650,200,"bu","13:26:06",489700
37400,-600,1400,"bu","13:26:14",491100
37400,-600,200,"sd","13:26:20",491300
37400,-600,400,"sd","13:26:25",491700
37500,-500,1200,"bu","13:26:38",492900
37500,-500,100,"sd","13:27:26",493000
37400,-600,1200,"sd","13:27:56",494200
37400,-600,3100,"sd","13:28:41",497300
37350,-650,500,"bu","13:28:59",497800
37350,-650,2000,"sd","13:29:31",499800
37350,-650,100,"sd","13:29:37",499900
37350,-650,4700,"sd","13:29:52",504600
37350,-650,100,"sd","13:30:07",504700
37200,-800,1000,"sd","13:31:09",505700
37250,-750,900,"bu","13:32:10",506600
37300,-700,600,"sd","13:32:30",507200
37350,-650,2000,"bu","13:32:41",509200
37350,-650,300,"bu","13:33:25",509500
37200,-800,3100,"bu","13:34:48",512600
37250,-750,500,"bu","13:35:55",513100
37350,-650,1500,"bu","13:36:21",514600
37400,-600,900,"bu","13:36:23",515500
37500,-500,300,"sd","13:36:37",515800
37450,-550,100,"sd","13:36:46",515900
37500,-500,1000,"sd","13:36:49",516900
37500,-500,4100,"bu","13:37:12",521000
37500,-500,4100,"sd","13:37:15",525100
37500,-500,1300,"bu","13:37:22",526400
37500,-500,200,"bu","13:37:24",526600
37600,-400,400,"sd","13:38:26",527000
37600,-400,500,"sd","13:38:33",527500
37600,-400,300,"sd","13:38:40",527800
37650,-350,600,"bu","13:39:05",528400
37650,-350,100,"bu","13:39:11",528500
37650,-350,500,"bu","13:39:24",529000
37650,-350,900,"sd","13:39:26",529900
37600,-400,1300,"bu","13:39:41",531200
37600,-400,1000,"sd","13:39:52",532200
37600,-400,200,"bu","13:39:54",532400
37650,-350,4000,"sd","13:39:57",536400
37650,-350,1000,"sd","13:40:25",537400
37700,-300,500,"bu","13:41:02",537900
37650,-350,2000,"sd","13:41:16",539900
37700,-300,4600,"bu","13:41:40",544500
37800,-200,2100,"bu","13:42:14",546600
37800,-200,300,"bu","13:42:29",546900
37750,-250,400,"sd","13:42:47",547300
37750,-250,500,"bu","13:43:02",547800
37750,-250,4100,"sd","13:43:05",551900
37700,-300,300,"bu","13:43:09",552200
37700,-300,600,"sd","13:43:11",552800
37700,-300,2800,"bu","13:43:15",555600
37700,-300,1200,"sd","13:43:18",556800
37750,-250,2000,"bu","13:43:25",558800
37750,-250,100,"sd","13:43:29",558900
37750,-250,1400,"bu","13:43:35",560300
37900,-100,3100,"bu","13:43:37",563400
37750,-250,600,"bu","13:44:00",564000
37750,-250,100,"bu","13:44:01",564100
37700,-300,2100,"sd","13:44:09",566200
37700,-300,8000,"sd","13:44:19",574200
37700,-300,100,"bu","13:44:23",574300
37600,-400,1400,"bu","13:44:45",575700
37600,-400,5500,"sd","13:45:03",581200
37500,-500,3100,"bu","13:45:08",584300
37500,-500,1900,"sd","13:45:32",586200
37500,-500,100,"bu","13:45:36",586300
37450,-550,1100,"sd","13:45:57",587400
37450,-550,500,"sd","13:46:01",587900
37500,-500,100,"bu","13:46:25",588000
37450,-550,1100,"sd","13:46:41",589100
37450,-550,400,"sd","13:46:51",589500
37450,-550,500,"bu","13:46:55",590000
37400,-600,2300,"sd","13:47:07",592300
37500,-500,3900,"bu","13:47:44",596200
37500,-500,200,"bu","13:48:01",596400
37600,-400,500,"sd","13:48:02",596900
37600,-400,400,"sd","13:48:32",597300
37600,-400,900,"bu","13:48:37",598200
37600,-400,200,"bu","13:49:13",598400
37550,-450,2200,"bu","13:49:34",600600
37550,-450,200,"bu","13:49:57",600800
37600,-400,2000,"sd","13:50:42",602800
37600,-400,1800,"bu","13:51:57",604600
37650,-350,500,"sd","13:52:03",605100
37700,-300,1900,"bu","13:52:26",607000
37700,-300,800,"sd","13:53:44",607800
37700,-300,1100,"bu","13:55:11",608900
37700,-300,1300,"sd","13:55:32",610200
37800,-200,1000,"sd","13:55:48",611200
37850,-150,500,"sd","13:56:08",611700
37850,-150,1000,"sd","13:56:54",612700
37850,-150,100,"bu","13:57:19",612800
37700,-300,300,"sd","13:58:43",613100
37600,-400,5600,"sd","13:59:24",618700
37800,-200,100,"bu","13:59:28",618800
37600,-400,900,"bu","14:00:18",619700
37600,-400,2000,"bu","14:01:18",621700
37550,-450,500,"sd","14:01:56",622200
37600,-400,1000,"sd","14:02:44",623200
37600,-400,5900,"sd","14:03:25",629100
37700,-300,1000,"bu","14:03:39",630100
37700,-300,1000,"sd","14:03:57",631100
37700,-300,100,"sd","14:04:10",631200
37800,-200,500,"sd","14:04:17",631700
37800,-200,500,"bu","14:04:31",632200
37800,-200,100,"bu","14:04:41",632300
37850,-150,3500,"bu","14:05:03",635800
37900,-100,2000,"sd","14:05:25",637800
37900,-100,1800,"bu","14:05:31",639600
37900,-100,1000,"sd","14:05:38",640600
38000,0,2100,"sd","14:05:45",642700
38000,0,2400,"sd","14:05:52",645100
38000,0,7100,"sd","14:06:03",652200
38000,0,100,"sd","14:06:09",652300
38200,200,1000,"sd","14:07:09",653300
38100,100,100,"bu","14:07:16",653400
38200,200,700,"sd","14:07:30",654100
38200,200,1000,"bu","14:07:42",655100
38200,200,3000,"sd","14:07:53",658100
38300,300,1000,"sd","14:08:00",659100
38400,400,2000,"bu","14:08:28",661100
38300,300,300,"sd","14:08:30",661400
38300,300,700,"sd","14:08:32",662100
38300,300,600,"bu","14:09:35",662700
38100,100,400,"bu","14:10:49",663100
38250,250,1000,"bu","14:10:51",664100
38100,100,2000,"sd","14:10:55",666100
38000,0,6700,"sd","14:11:02",672800
38000,0,8100,"bu","14:11:12",680900
38100,100,200,"bu","14:11:24",681100
38100,100,2500,"bu","14:11:32",683600
38000,0,700,"bu","14:12:19",684300
38400,400,10000,"bu","14:13:10",694300
38000,0,100,"sd","14:14:09",694400
38200,200,500,"bu","14:14:21",694900
37650,-350,1000,"sd","14:15:10",695900
37600,-400,500,"bu","14:15:25",696400
37700,-300,100,"bu","14:17:09",696500
37700,-300,3500,"sd","14:18:22",700000
37700,-300,4000,"sd","14:18:44",704000
37700,-300,400,"sd","14:19:27",704400
37700,-300,200,"sd","14:19:45",704600
37700,-300,500,"sd","14:20:03",705100
37700,-300,500,"bu","14:21:41",705600
37700,-300,1400,"bu","14:23:27",707000
37750,-250,5000,"bu","14:23:42",712000
37750,-250,4000,"sd","14:24:51",716000
37800,-200,500,"sd","14:25:27",716500
37950,-50,2600,"bu","14:26:10",719100
37950,-50,500,"bu","14:26:29",719600
37950,-50,600,"sd","14:26:44",720200
37950,-50,300,"sd","14:27:09",720500
38000,0,1000,"sd","14:27:24",721500
37950,-50,200,"sd","14:27:31",721700
38000,0,400,"sd","14:27:37",722100
38100,100,500,"bu","14:27:47",722600
38100,100,100,"sd","14:27:58",722700
38100,100,300,"sd","14:28:03",723000
38100,100,1600,"sd","14:28:09",724600
38100,100,300,"sd","14:28:11",724900
38300,300,2700,"sd","14:28:21",727600
38300,300,1100,"sd","14:29:25",728700
38300,300,5300,"sd","14:29:37",734000
38300,300,600,"sd","14:29:40",734600
38300,300,1900,"bu","14:29:56",736500
38300,300,500,"sd","14:29:59",737000
38400,400,27000,"sd","14:45:06",764000
