"price","change","match_qtty","side","time","total_vol"
4.17,0.17,500,"sd","14:13:20",220000
4.17,0.17,200,"bu","14:16:24",225300
4.14,0.14,100,"sd","13:55:43",188200
4.11,0.11,100,"sd","13:56:36",188400
4.14,0.14,100,"bu","13:58:47",188500
4.14,0.14,100,"bu","13:56:15",188300
4.11,0.11,2000,"bu","13:48:47",176000
4.11,0.11,300,"bu","13:49:24",176300
4.11,0.11,300,"bu","13:49:51",176600
4.07,0.07,1000,"bu","13:16:43",120600
4.07,0.07,200,"bu","13:33:39",128100
4.06,0.06,1000,"bu","13:07:11",119100
4.06,0.06,300,"bu","13:07:31",119400
4.12,0.12,100,"bu","13:52:16",177300
4.06,0.06,1000,"bu","13:06:53",118100
4.11,0.11,500,"bu","13:52:05",177200
4.17,0.17,800,"sd","14:13:22",220800
4.13,0.13,1600,"bu","13:53:19",185000
4.14,0.14,1000,"bu","13:53:55",186200
4.14,0.14,200,"bu","13:53:27",185200
4.13,0.13,100,"bu","13:53:10",183400
4.13,0.13,700,"bu","13:52:51",183300
4.12,0.12,100,"bu","13:52:32",182600
4.12,0.12,5200,"bu","13:52:29",182500
4.02,0.02,600,"sd","11:25:45",116400
4.03,0.03,400,"sd","11:25:45",115800
4.12,0.12,100,"sd","14:05:16",189700
4.1,0.1,4200,"sd","14:07:46",200100
4.11,0.11,5100,"sd","14:07:46",195900
4.12,0.12,700,"sd","14:07:46",190800
4.13,0.13,100,"bu","14:06:53",189800
4.13,0.13,300,"bu","14:07:18",190100
4.13,0.13,100,"sd","14:04:14",189600
4.13,0.13,700,"bu","14:02:56",189300
4.13,0.13,900,"","14:45:29",229800
4.07,0.07,800,"bu","13:43:01",140300
4.17,0.17,400,"bu","14:17:56",225700
4.17,0.17,1600,"sd","14:15:42",225100
4.17,0.17,2300,"bu","14:28:26",228900
4.17,0.17,500,"sd","14:13:26",221300
4.18,0.18,100,"bu","14:18:28",226600
4.17,0.17,800,"bu","14:18:28",226500
4.18,0.18,200,"bu","14:13:42",221500
4.13,0.13,200,"sd","14:11:44",204900
4.1,0.1,16300,"bu","13:44:24",174000
4.09,0.09,6100,"bu","13:44:24",157700
4.08,0.08,10300,"bu","13:44:24",151600
4.14,0.14,100,"bu","14:03:53",189500
4.13,0.13,4500,"bu","14:11:37",204700
4.17,0.17,2000,"sd","14:15:05",223500
4.16,0.16,100,"bu","14:12:15",219100
4.15,0.15,3800,"bu","14:12:15",219000
4.14,0.14,10300,"bu","14:12:15",215200
4.07,0.07,1000,"sd","13:43:35",141300
4.14,0.14,100,"bu","14:03:44",189400
4.17,0.17,400,"sd","14:12:50",219500
4.13,0.13,100,"sd","14:02:15",188600
4.14,0.14,1900,"sd","13:54:47",188100
4.08,0.08,1000,"bu","10:45:24",109500
4.07,0.07,900,"bu","13:38:46",129000
4.07,0.07,1000,"sd","11:09:48",114400
4.07,0.07,100,"bu","13:30:37",127200
4.05,0.05,500,"sd","13:27:56",125100
4.05,0.05,1000,"bu","13:28:44",126100
4.07,0.07,100,"bu","13:33:37",127900
4.07,0.07,1000,"bu","13:30:20",127100
4.07,0.07,100,"bu","13:14:00",119600
4.07,0.07,100,"bu","11:28:18",116500
4.11,0.11,100,"bu","13:52:00",176700
4.07,0.07,100,"bu","10:34:15",103800
4.07,0.07,1400,"bu","10:34:14",103700
4.07,0.07,200,"bu","10:35:35",104000
4.06,0.06,100,"sd","13:09:13",119500
4.07,0.07,200,"sd","13:42:46",139500
4.13,0.13,100,"bu","14:08:36",200200
4.08,0.08,200,"sd","10:58:05",111800
4.07,0.07,600,"bu","13:02:18",117100
4.06,0.06,100,"sd","13:18:56",120700
4.08,0.08,1300,"bu","10:41:31",107400
4.08,0.08,500,"bu","13:41:32",136000
4.08,0.08,800,"bu","10:42:31",108300
4.07,0.07,6500,"bu","13:39:33",135500
4.08,0.08,100,"bu","10:41:15",106100
4.07,0.07,2300,"sd","13:41:51",138300
4.09,0.09,100,"bu","10:42:48",108500
4.08,0.08,100,"sd","10:42:35",108400
4.07,0.07,200,"bu","13:31:29",127400
4.07,0.07,400,"bu","13:31:48",127800
4.06,0.06,1000,"sd","11:11:12",115400
4.09,0.09,1500,"bu","10:50:00",111000
4.04,0.04,200,"sd","13:19:10",120900
4.03,0.03,700,"sd","13:19:55",122600
4.04,0.04,1000,"sd","13:19:46",121900
4.07,0.07,200,"bu","10:40:34",106000
4.07,0.07,1800,"sd","10:37:22",105800
4.08,0.08,100,"sd","10:42:09",107500
4.08,0.08,400,"sd","10:56:49",111600
4.04,0.04,1000,"bu","10:32:18",86200
4.04,0.04,800,"bu","10:30:56",85200
4.05,0.05,10600,"bu","10:33:15",102300
4.04,0.04,5500,"bu","10:33:15",91700
4.03,0.03,100,"bu","10:17:47",76300
4.07,0.07,1000,"bu","09:41:32",59600
4.05,0.05,200,"bu","09:25:39",20600
4.02,0.02,600,"sd","10:06:08",76200
4.07,0.07,100,"sd","11:09:11",113400
4,0,1800,"bu","09:16:03",20000
4,0,6000,"bu","09:15:24",6500
4.07,0.07,2000,"bu","13:25:44",124600
4,0,500,"","09:15:01",500
4,0,11700,"bu","09:15:42",18200
4.07,0.07,1000,"sd","13:41:56",139300
4.05,0.05,14200,"sd","09:34:50",58600
4.05,0.05,100,"bu","09:20:45",20300
4.04,0.04,200,"bu","09:20:36",20200
4.05,0.05,100,"bu","09:21:12",20400
4.05,0.05,22800,"bu","09:30:02",43400
4.05,0.05,1000,"sd","09:31:55",44400
4.08,0.08,1500,"bu","11:04:36",113300
4.04,0.04,6800,"bu","10:21:00",84400
4.03,0.03,1300,"bu","10:21:00",77600
4.07,0.07,4000,"bu","09:43:58",63600
4.05,0.05,12000,"sd","09:44:09",75600
4.09,0.09,200,"bu","10:54:15",111200
