"price","change","match_qtty","side","time","total_vol"
22.1,0.4,100,"sd","14:25:34",505600
22.2,0.5,400,"sd","14:13:18",492800
22,0.3,2000,"sd","13:56:45",444500
22,0.3,700,"bu","13:55:27",442500
22,0.3,300,"sd","13:59:21",470000
22.1,0.4,200,"bu","13:59:20",469700
22,0.3,10000,"bu","13:55:05",441800
22.1,0.4,100,"sd","14:30:00",516100
22.1,0.4,100,"sd","14:29:34",516000
22.1,0.4,5000,"sd","14:29:19",515900
22,0.3,500,"bu","13:49:06",412800
22.2,0.5,1000,"sd","14:22:38",503500
22.2,0.5,3300,"sd","14:22:37",502500
22.2,0.5,500,"sd","14:21:57",499200
21.9,0.2,1000,"sd","13:35:14",397300
22.1,0.4,5000,"bu","13:18:08",324100
21.9,0.2,1000,"sd","13:34:21",388300
22.2,0.5,1700,"sd","14:23:20",505500
22.2,0.5,300,"sd","14:22:50",503800
22.3,0.6,1000,"bu","14:21:48",498700
22.2,0.5,2300,"sd","14:21:44",497700
21.9,0.2,8000,"sd","13:34:40",396300
21.9,0.2,5000,"sd","13:35:37",402300
22,0.3,2400,"sd","13:07:53",301100
22,0.3,10000,"bu","13:06:53",298700
22,0.3,2000,"bu","13:53:07",431800
22,0.3,13600,"bu","13:52:32",428800
22,0.3,1000,"bu","13:53:06",429800
22,0.3,100,"sd","11:26:58",247400
22,0.3,3400,"bu","11:27:18",250800
22,0.3,1700,"sd","11:26:07",247300
22.2,0.5,200,"bu","14:07:39",477800
22.2,0.5,400,"bu","14:10:05",491800
22.1,0.4,1000,"sd","14:06:44",476000
22,0.3,3000,"sd","14:02:47",475000
22.1,0.4,1800,"sd","14:02:39",472000
22.1,0.4,5000,"sd","14:27:55",510900
22.1,0.4,300,"sd","14:25:55",505900
22,0.3,3000,"sd","11:25:07",245600
22.2,0.5,200,"sd","14:19:48",495400
22.2,0.5,200,"sd","14:19:25",495200
22.2,0.5,2000,"sd","14:16:12",494800
22.2,0.5,200,"sd","14:19:16",495000
22.3,0.6,31700,"","14:45:01",547800
22.2,0.5,500,"","14:12:40",492400
22.1,0.4,1600,"sd","14:07:09",477600
22,0.3,200,"sd","14:02:25",470200
22.1,0.4,6000,"bu","11:00:55",188700
22,0.3,5000,"sd","11:22:16",242600
22.1,0.4,100,"sd","10:47:43",172400
21.9,0.2,500,"","13:38:43",409800
21.9,0.2,500,"bu","13:37:46",409300
22.1,0.4,5000,"sd","13:24:14",364600
22.1,0.4,1000,"sd","10:45:15",172200
22.1,0.4,1000,"sd","13:24:03",359600
22.1,0.4,25000,"bu","13:59:10",469500
21.9,0.2,3000,"sd","13:36:21",405300
22.1,0.4,1000,"sd","13:22:33",358600
22.1,0.4,100,"sd","10:45:33",172300
22,0.3,1000,"","13:30:36",387300
22,0.3,4000,"sd","13:29:36",386300
22,0.3,7100,"sd","13:28:29",381300
22,0.3,1000,"sd","13:29:13",382300
22.1,0.4,500,"bu","13:17:35",319100
22,0.3,200,"sd","13:12:58",314400
22.1,0.4,200,"bu","13:13:27",314600
22.1,0.4,1000,"bu","13:16:59",316100
22.1,0.4,500,"bu","13:14:18",315100
22,0.3,2400,"bu","13:51:14",415200
22.1,0.4,2500,"bu","13:17:22",318600
22.1,0.4,1000,"bu","13:12:47",314200
22,0.3,800,"bu","13:05:00",287300
22,0.3,5000,"sd","11:14:57",226300
22.1,0.4,5500,"sd","11:13:04",217300
22,0.3,4000,"sd","11:14:44",221300
22,0.3,29200,"sd","13:04:46",286500
22,0.3,14500,"sd","10:35:18",136900
22,0.3,5000,"bu","10:35:16",122400
22,0.3,2000,"sd","13:08:24",303100
21.9,0.2,1400,"sd","13:05:10",288700
22.1,0.4,900,"bu","10:58:11",182700
22.2,0.5,4600,"sd","14:09:43",491400
22.2,0.5,100,"bu","13:20:02",357300
21.9,0.2,700,"sd","13:00:04",251500
22.2,0.5,5000,"bu","14:09:01",486800
22.1,0.4,100,"sd","14:10:58",491900
22.2,0.5,500,"bu","14:08:23",479300
22.2,0.5,1000,"bu","14:08:19",478800
22.2,0.5,2500,"bu","14:08:50",481800
22.1,0.4,100,"sd","10:42:31",169000
21.9,0.2,100,"bu","13:37:00",408800
21.9,0.2,2400,"bu","13:36:59",408700
22.1,0.4,700,"sd","11:11:44",211800
22,0.3,2500,"bu","13:41:00",412300
22.1,0.4,2000,"sd","10:45:06",171200
22.1,0.4,1300,"bu","10:41:05",168900
22.2,0.5,400,"bu","11:11:17",211100
22.2,0.5,5000,"bu","11:10:16",210200
22.2,0.5,500,"bu","11:10:56",210700
22.1,0.4,500,"bu","10:48:39",172900
22.1,0.4,100,"sd","10:43:24",169200
22.1,0.4,100,"sd","10:43:23",169100
22,0.3,3000,"bu","09:55:10",50200
21.9,0.2,100,"bu","10:24:41",79600
21.9,0.2,4200,"sd","10:00:49",58000
21.9,0.2,2000,"bu","10:24:11",79500
22.1,0.4,300,"sd","13:20:22",357600
21.9,0.2,1000,"bu","09:59:39",53000
22.1,0.4,2000,"","13:19:10",357200
22,0.3,8900,"bu","13:10:13",312000
22.1,0.4,30000,"bu","13:19:05",355200
22,0.3,1100,"bu","13:10:41",313200
22.1,0.4,1000,"sd","13:24:42",365600
22.1,0.4,1100,"bu","13:19:04",325200
22,0.3,100,"bu","13:10:38",312100
21.8,0.1,100,"sd","10:00:52",58100
21.9,0.2,2400,"bu","10:01:39",66500
21.9,0.2,6000,"bu","10:01:30",64100
21.9,0.2,800,"bu","09:59:50",53800
21.9,0.2,3600,"bu","10:29:32",86200
21.9,0.2,3000,"bu","10:28:31",82600
22,0.3,2200,"sd","11:18:58",237600
22.1,0.4,30000,"bu","10:40:39",167600
21.9,0.2,5000,"bu","10:29:56",91200
22,0.3,6200,"bu","11:18:29",235400
21.9,0.2,5800,"sd","13:03:04",257300
22,0.3,700,"sd","10:36:21",137600
22,0.3,300,"bu","11:16:42",229100
22,0.3,2500,"sd","11:16:30",228800
22,0.3,800,"sd","10:56:26",179200
22.1,0.4,600,"bu","10:56:53",181800
22.1,0.4,2000,"bu","10:56:47",181200
22.1,0.4,1000,"bu","10:54:43",178400
22,0.3,100,"bu","11:17:20",229200
21.8,0.1,5000,"sd","10:31:58",100700
21.9,0.2,6000,"bu","10:32:27",106700
21.9,0.2,200,"bu","10:31:47",95700
21.9,0.2,1000,"bu","10:30:22",95200
21.9,0.2,500,"bu","10:18:49",75100
21.9,0.2,100,"bu","10:31:07",95500
21.9,0.2,400,"bu","10:20:40",75500
21.9,0.2,200,"bu","10:30:48",95400
21.9,0.2,700,"sd","10:33:16",107400
21.9,0.2,100,"bu","09:28:25",31700
21.9,0.2,1000,"bu","09:43:17",40000
21.9,0.2,2400,"bu","10:11:28",74600
21.8,0.1,2200,"sd","09:27:25",31600
21.9,0.2,3000,"bu","10:30:08",94200
22.1,0.4,500,"sd","13:25:25",367600
22,0.3,100,"sd","09:15:28",18700
21.9,0.2,800,"bu","09:54:14",44200
22.1,0.4,1000,"bu","09:13:34",18600
21.9,0.2,1300,"bu","09:54:09",43400
22,0.3,100,"bu","09:16:02",18800
22,0.3,2100,"bu","09:09:57",16000
22,0.3,2500,"bu","09:09:50",13900
22.1,0.4,6600,"sd","11:06:12",204600
21.7,0,500,"sd","09:00:35",500
21.9,0.2,500,"bu","09:08:48",11400
21.9,0.2,1500,"bu","09:08:46",10900
21.9,0.2,1000,"sd","09:08:09",9400
21.9,0.2,1000,"sd","13:36:43",406300
22,0.3,2900,"bu","09:08:02",8400
21.9,0.2,4000,"bu","09:06:33",4500
21.9,0.2,3000,"sd","09:54:31",47200
22.1,0.4,500,"sd","13:25:17",367100
22.1,0.4,6600,"bu","13:25:36",374200
22.2,0.5,100,"bu","11:07:03",205200
22.1,0.4,500,"sd","11:07:02",205100
22.1,0.4,1000,"sd","13:25:06",366600
21.9,0.2,1000,"bu","09:07:05",5500
21.8,0.1,1800,"sd","09:56:54",52000
21.9,0.2,8000,"sd","09:21:27",29400
22,0.3,100,"bu","09:20:12",19700
22,0.3,300,"bu","09:21:24",21400
22,0.3,400,"bu","09:16:20",19500
21.9,0.2,1000,"sd","09:20:39",20700
22,0.3,300,"sd","09:16:15",19100
22.1,0.4,2000,"bu","11:05:17",192900
22,0.3,400,"bu","09:21:00",21100
21.8,0.1,1800,"sd","09:34:54",37800
21.8,0.1,1000,"sd","09:31:50",32700
22.1,0.4,200,"bu","10:52:50",175200
22.1,0.4,1500,"bu","10:51:47",174400
22.1,0.4,1000,"bu","10:53:16",176400
22,0.3,10000,"bu","10:35:02",117400
21.9,0.2,2000,"bu","10:23:35",77500
22,0.3,300,"sd","11:02:09",189000
22.1,0.4,200,"bu","10:53:09",175400
21.8,0.1,100,"sd","09:51:22",42100
22,0.3,1700,"sd","11:04:56",190900
22,0.3,200,"sd","11:04:13",189200
22.1,0.4,200,"sd","10:51:57",174600
21.9,0.2,300,"bu","09:36:54",38100
22,0.3,100,"","09:18:29",19600
21.9,0.2,200,"bu","09:40:11",39000
21.9,0.2,200,"bu","09:37:21",38800
21.9,0.2,500,"bu","09:37:09",38600
22,0.3,600,"sd","09:12:40",17600
21.9,0.2,3300,"bu","09:33:33",36000
22,0.3,500,"sd","09:11:30",17000
22,0.3,500,"sd","09:10:42",16500
21.9,0.2,4100,"bu","10:03:53",72200
21.9,0.2,1600,"sd","10:02:05",68100
21.8,0.1,2000,"sd","09:47:59",42000
22,0.3,5000,"sd","11:05:32",197900
22.1,0.4,1000,"bu","10:54:09",177400
22.1,0.4,100,"bu","11:05:55",198000
22.1,0.4,400,"sd","10:52:34",175000
