"price","change","match_qtty","side","time","total_vol"
26.1,0.5,1800,"sd","14:34:14",1115000
26.1,0.5,100,"bu","14:31:51",1098900
26.2,0.6,3800,"bu","14:16:23",970400
25.9,0.3,500,"bu","13:58:04",713800
25.9,0.3,200,"bu","13:56:58",704700
25.8,0.2,200,"sd","13:56:57",704500
25.8,0.2,5000,"sd","13:57:12",709700
25.9,0.3,3600,"bu","13:57:45",713300
25.9,0.3,1000,"bu","13:58:20",714800
25.8,0.2,30000,"sd","13:58:46",745300
25.9,0.3,500,"bu","13:58:32",715300
25.8,0.2,1000,"sd","13:56:11",702300
25.9,0.3,2000,"bu","13:56:32",704300
25.8,0.2,100,"sd","13:50:30",688100
25.8,0.2,100,"sd","13:49:34",688000
26.1,0.5,1000,"bu","14:28:59",1085500
26.1,0.5,2000,"sd","14:57:24",1235300
26.1,0.5,2000,"sd","14:56:44",1233300
26.2,0.6,500,"bu","14:52:04",1199300
26.2,0.6,6600,"bu","14:51:07",1198800
26.3,0.7,600,"bu","14:50:54",1192200
26.2,0.6,700,"bu","14:48:26",1191000
26.2,0.6,6300,"bu","14:48:22",1190300
26.2,0.6,2000,"sd","14:47:56",1184000
26.1,0.5,1000,"sd","14:34:46",1116000
26.1,0.5,100,"bu","14:36:51",1122600
26.1,0.5,5200,"bu","14:36:22",1122500
26.1,0.5,14300,"bu","14:33:05",1113200
25.9,0.3,1000,"bu","13:49:21",687900
26.1,0.5,1000,"sd","14:29:55",1094100
26.2,0.6,2000,"bu","14:29:45",1093100
26.1,0.5,10000,"sd","14:58:02",1245400
26.2,0.6,100,"bu","14:57:45",1235400
26.1,0.5,7000,"sd","14:56:13",1231300
26.1,0.5,5000,"sd","14:55:46",1224300
26.1,0.5,5200,"sd","14:29:25",1090700
26.1,0.5,10600,"sd","14:53:21",1212900
26.2,0.6,3000,"bu","14:53:09",1202300
26.3,0.7,600,"bu","14:49:48",1191600
26.1,0.5,100,"sd","14:29:36",1091100
26.1,0.5,300,"sd","14:29:35",1091000
26.2,0.6,2800,"bu","14:24:05",1062700
26,0.4,2000,"bu","13:18:15",634200
25.8,0.2,1000,"sd","13:35:13",675600
26.2,0.6,1000,"bu","14:21:56",1031700
26,0.4,300,"bu","13:18:06",632200
25.9,0.3,1500,"sd","13:16:52",629400
25.9,0.3,1000,"sd","13:16:35",627900
26.2,0.6,200,"bu","14:21:52",1030700
26.2,0.6,2600,"bu","14:21:35",1029000
26.2,0.6,200,"bu","14:21:32",1026400
26.2,0.6,2000,"sd","14:23:46",1059900
26.2,0.6,25200,"sd","14:23:18",1057900
26.2,0.6,1500,"bu","14:21:44",1030500
26.2,0.6,500,"bu","14:21:14",1026200
26.2,0.6,2000,"bu","14:21:05",1025700
26.2,0.6,3000,"bu","14:20:52",1023700
26.2,0.6,1000,"bu","14:24:11",1063700
26.2,0.6,200,"bu","14:20:47",1020700
26.2,0.6,1000,"bu","14:22:38",1032700
25.9,0.3,100,"bu","13:07:09",610600
25.9,0.3,1000,"bu","13:06:44",605500
25.9,0.3,7300,"sd","13:07:28",617900
25.9,0.3,1000,"bu","13:06:12",604500
25.9,0.3,5000,"bu","13:06:56",610500
25.8,0.2,500,"sd","13:52:47",694800
25.9,0.3,2000,"bu","13:52:45",694300
25.9,0.3,1000,"bu","13:53:53",696300
26.1,0.5,3900,"sd","14:55:03",1219300
26.2,0.6,500,"bu","14:55:01",1215400
26.2,0.6,2000,"bu","14:55:00",1214900
25.9,0.3,500,"bu","13:53:42",695300
26.2,0.6,16700,"sd","14:47:16",1182000
26.1,0.5,3000,"bu","14:40:53",1126600
25.9,0.3,1700,"bu","11:28:02",562700
25.9,0.3,500,"bu","14:05:24",806000
25.9,0.3,5000,"bu","14:04:28",797700
26,0.4,500,"bu","14:05:55",857800
25.9,0.3,7000,"bu","14:04:25",792700
25.9,0.3,500,"bu","11:27:22",561000
25.8,0.2,2000,"sd","14:04:21",785700
25.9,0.3,3000,"bu","14:04:47",803000
25.9,0.3,18300,"sd","14:05:39",857300
26,0.4,1700,"sd","14:06:53",874800
26,0.4,100,"bu","14:06:12",858000
25.9,0.3,2000,"bu","14:05:38",839000
25.8,0.2,500,"sd","14:04:52",805500
26,0.4,2000,"bu","14:06:51",873100
26,0.4,5000,"bu","14:06:50",871100
25.9,0.3,1000,"bu","14:05:36",837000
25.9,0.3,2000,"bu","14:04:51",805000
26,0.4,100,"bu","14:06:09",857900
25.9,0.3,2000,"bu","14:04:37",800000
25.9,0.3,30000,"bu","14:05:32",836000
25.9,0.3,300,"bu","14:04:36",798000
26,0.4,5000,"bu","14:06:46",866100
26,0.4,100,"bu","14:06:18",858100
25.9,0.3,2000,"sd","11:27:08",560500
25.9,0.3,400,"bu","14:01:33",751900
26.1,0.5,6000,"sd","14:58:27",1251400
26.2,0.6,1000,"bu","14:46:57",1165300
26.1,0.5,1300,"sd","14:35:03",1117300
26.1,0.5,15000,"sd","14:26:16",1078700
26.2,0.6,1000,"bu","14:46:10",1164300
26.1,0.5,20000,"sd","14:45:49",1163300
26.1,0.5,3800,"sd","14:26:42",1083000
26.1,0.5,500,"sd","14:26:40",1079200
26.2,0.6,8000,"bu","14:45:18",1143300
26.1,0.5,400,"sd","14:45:10",1135300
25.9,0.3,2000,"sd","13:09:06",619900
26.2,0.6,1000,"bu","14:44:56",1134900
25.8,0.2,200,"sd","13:43:25",681500
26.2,0.6,200,"bu","14:19:56",1020500
26.1,0.5,600,"sd","14:43:34",1133900
26.1,0.5,1000,"sd","14:26:51",1084000
26.1,0.5,1000,"sd","14:42:22",1133300
26.1,0.5,5700,"sd","14:41:23",1132300
26.1,0.5,200,"sd","14:59:54",1253900
26.1,0.5,200,"bu","14:28:04",1084200
26.2,0.6,1000,"sd","14:19:51",1020300
25.9,0.3,1000,"sd","11:25:07",558500
26.1,0.5,1000,"sd","14:59:12",1253700
26.1,0.5,300,"sd","14:59:01",1252700
26.1,0.5,1000,"bu","14:58:42",1252400
26,0.4,1000,"sd","14:38:36",1123600
26.2,0.6,2600,"bu","14:18:26",998800
26.1,0.5,31000,"bu","14:15:44",961300
26.2,0.6,4500,"bu","14:17:56",992400
26.2,0.6,10000,"bu","14:17:27",986700
26.2,0.6,1000,"bu","14:16:57",971500
26.2,0.6,1000,"bu","14:18:53",999800
26.1,0.5,10000,"bu","14:15:40",930300
26.1,0.5,300,"bu","14:28:28",1084500
26.2,0.6,100,"bu","14:17:51",987900
26.2,0.6,2000,"bu","14:18:16",996200
26.2,0.6,900,"bu","14:17:49",987800
26.2,0.6,600,"bu","14:17:19",976700
26.2,0.6,100,"bu","14:16:47",970500
26.1,0.5,15800,"bu","14:15:35",920300
26.1,0.5,3000,"sd","14:16:08",966600
26.1,0.5,8000,"bu","14:15:32",904500
26.2,0.6,800,"bu","14:18:11",994200
26.2,0.6,200,"bu","14:17:44",986900
26.2,0.6,2000,"bu","14:17:13",976100
26.2,0.6,600,"bu","14:17:11",974100
26.2,0.6,1400,"bu","14:19:08",1019300
26.2,0.6,100,"bu","14:19:07",1017900
26.1,0.5,500,"bu","14:15:27",896500
26.2,0.6,2000,"bu","14:19:05",1017800
26.2,0.6,1000,"bu","14:18:07",993400
26.1,0.5,200,"bu","14:13:47",892800
26.1,0.5,2700,"sd","14:31:20",1098800
26.2,0.6,1000,"bu","14:19:02",1015800
26.2,0.6,2000,"bu","14:17:04",973500
26.1,0.5,100,"bu","14:13:42",892600
26.1,0.5,2000,"sd","14:31:13",1096100
26.2,0.6,15000,"bu","14:19:00",1014800
26.1,0.5,2300,"bu","14:15:46",963600
26.1,0.5,1700,"bu","14:15:20",896000
26.1,0.5,200,"bu","14:12:48",892400
25.8,0.2,1000,"sd","13:43:45",682800
25.9,0.3,1000,"bu","13:45:54",685300
26.1,0.5,5000,"bu","14:12:43",892200
25.9,0.3,1000,"bu","14:03:14",777700
25.9,0.3,300,"bu","13:43:35",681800
25.9,0.3,3800,"bu","14:03:10",776700
26.1,0.5,100,"bu","14:13:00",892500
25.8,0.2,1000,"sd","13:45:43",684300
25.9,0.3,1000,"bu","14:03:42",778700
26.1,0.5,600,"bu","14:12:36",887200
26.1,0.5,800,"bu","14:14:57",894300
26.1,0.5,200,"bu","14:14:55",893500
25.9,0.3,400,"bu","13:45:27",683300
25.9,0.3,100,"bu","13:44:01",682900
26.1,0.5,500,"bu","14:14:27",893300
25.9,0.3,5000,"bu","14:04:04",783700
26,0.4,3000,"bu","14:06:37",861100
25.9,0.3,500,"bu","14:01:03",750800
25.8,0.2,5000,"sd","14:01:01",750300
26.1,0.5,1000,"bu","11:01:01",476300
26.1,0.5,100,"bu","11:00:59",475300
26,0.4,1700,"bu","11:02:01",488200
26.1,0.5,900,"bu","11:01:11",478200
26.1,0.5,200,"bu","11:00:30",475200
26,0.4,8000,"bu","11:01:30",486200
25.9,0.3,500,"sd","11:24:25",557500
25.9,0.3,1000,"sd","11:23:04",557000
26,0.4,300,"bu","11:01:49",486500
25.9,0.3,1000,"bu","14:02:05",752900
25.9,0.3,20000,"bu","14:03:01",772900
25.8,0.2,700,"sd","14:01:07",751500
26.1,0.5,1000,"bu","11:01:08",477300
25.9,0.3,1000,"sd","10:47:12",309200
25.9,0.3,500,"sd","10:47:30",309700
25.9,0.3,200,"sd","10:45:48",304100
25.9,0.3,200,"bu","13:40:02",676300
25.9,0.3,600,"sd","10:45:45",303900
25.8,0.2,5000,"sd","13:54:44",701300
25.9,0.3,100,"sd","10:46:44",308200
26,0.4,3000,"bu","13:24:16",644700
25.9,0.3,200,"sd","10:47:49",312900
25.9,0.3,2000,"bu","10:45:36",303300
25.9,0.3,200,"bu","13:39:12",676000
25.9,0.3,3000,"sd","10:47:48",312700
25.9,0.3,4000,"sd","10:45:54",308100
25.9,0.3,2400,"bu","10:45:15",301300
26,0.4,2000,"bu","13:23:35",641700
26,0.4,1000,"bu","13:22:51",639700
25.9,0.3,100,"bu","13:38:31",675800
26,0.4,100,"bu","13:22:14",638700
25.9,0.3,300,"bu","13:27:46",671100
25.9,0.3,500,"bu","13:27:41",670800
25.9,0.3,500,"bu","13:27:38",670300
25.9,0.3,1000,"bu","13:28:14",672100
25.8,0.2,200,"sd","13:30:10",672300
25.8,0.2,200,"sd","13:47:39",686100
25.9,0.3,600,"bu","13:51:53",692200
26,0.4,100,"bu","13:17:04",629500
25.9,0.3,800,"bu","11:28:24",563500
25.9,0.3,500,"bu","13:51:11",691600
26,0.4,2000,"bu","13:17:49",631900
25.9,0.3,800,"bu","13:48:07",686900
25.8,0.2,3000,"sd","13:51:10",691100
25.9,0.3,5000,"sd","11:29:10",575200
26,0.4,3000,"bu","11:29:07",570200
25.9,0.3,100,"bu","13:52:01",692300
25.9,0.3,1000,"sd","13:14:08",626900
25.9,0.3,400,"sd","13:14:06",625900
26,0.4,400,"bu","13:17:38",629900
25.9,0.3,3700,"sd","11:28:49",567200
25.8,0.2,600,"sd","13:47:02",685900
25.8,0.2,900,"bu","10:33:45",214200
25.9,0.3,500,"sd","13:09:56",623400
26,0.4,1000,"bu","13:04:15",584300
25.8,0.2,1000,"bu","10:33:40",213300
26,0.4,100,"bu","11:13:00",529500
25.9,0.3,5000,"sd","13:04:53",590300
25.8,0.2,100,"bu","10:33:37",212300
25.9,0.3,1000,"bu","10:34:39",216200
25.9,0.3,500,"bu","10:33:35",212200
25.9,0.3,1000,"bu","10:34:35",215200
25.9,0.3,100,"sd","13:11:27",625500
25.8,0.2,3000,"bu","10:35:56",222900
26,0.4,1000,"bu","13:04:40",585300
25.9,0.3,1800,"sd","13:05:49",603200
25.8,0.2,1000,"bu","10:35:51",219900
25.8,0.2,2700,"bu","10:35:12",218900
25.9,0.3,11000,"sd","13:05:44",601400
26,0.4,100,"bu","11:13:27",529600
26,0.4,100,"bu","13:05:38",590400
25.9,0.3,24000,"sd","11:15:12",553600
26,0.4,500,"bu","10:58:20",447100
26,0.4,5000,"sd","14:11:08",886600
25.8,0.2,200,"sd","13:42:48",681300
26,0.4,1500,"sd","14:08:33",876300
25.8,0.2,100,"bu","10:36:03",223000
26,0.4,200,"bu","10:57:59",446600
26,0.4,300,"sd","14:09:34",876600
26,0.4,5000,"sd","14:10:54",881600
25.9,0.3,600,"sd","10:41:34",268300
25.9,0.3,2000,"sd","10:39:25",247300
25.9,0.3,300,"bu","10:42:30",274700
25.9,0.3,500,"bu","13:42:11",680400
25.9,0.3,200,"sd","10:44:56",297900
25.9,0.3,3000,"sd","10:42:26",274400
25.9,0.3,100,"bu","13:36:48",675700
25.9,0.3,100,"sd","10:41:18",267700
25.9,0.3,5000,"sd","10:39:53",257300
25.9,0.3,3000,"sd","10:39:12",245300
26,0.4,500,"bu","11:11:41",526200
25.6,0,700,"sd","10:23:43",198500
25.9,0.3,100,"bu","13:39:24",676100
25.8,0.2,700,"sd","13:42:27",681100
25.9,0.3,1400,"bu","10:41:50",269700
26,0.4,5000,"bu","10:39:42",252300
25.9,0.3,2000,"bu","13:41:51",679900
25.9,0.3,300,"bu","13:41:50",677900
26,0.4,3200,"bu","11:12:38",529400
25.9,0.3,300,"sd","10:41:10",267600
25.9,0.3,300,"bu","13:41:04",677600
25.9,0.3,2000,"sd","10:42:43",277700
25.9,0.3,2000,"sd","10:41:05",267300
25.9,0.3,1000,"bu","10:42:34",275700
25.8,0.2,1000,"sd","13:31:00",674300
25.8,0.2,300,"sd","13:31:22",674600
25.8,0.2,1000,"sd","13:30:51",673300
25.9,0.3,10800,"bu","13:26:55",669800
26,0.4,200,"bu","10:50:29",332800
26,0.4,1000,"bu","11:11:08",525700
25.9,0.3,800,"bu","10:51:12",361500
26,0.4,10000,"bu","10:50:44",352800
25.9,0.3,10000,"sd","10:50:41",342800
25.9,0.3,7900,"bu","10:51:06",360700
25.9,0.3,5000,"sd","10:43:29",295700
25.9,0.3,600,"bu","10:49:10",319500
25.8,0.2,600,"bu","10:25:59",200300
25.9,0.3,3100,"bu","10:48:34",316000
26,0.4,800,"bu","09:55:43",110600
25.9,0.3,400,"bu","10:49:05",318900
25.9,0.3,1300,"sd","10:49:30",330900
25.9,0.3,200,"bu","10:49:01",318500
25.9,0.3,2000,"sd","10:43:57",297700
25.8,0.2,12000,"sd","09:55:12",109800
25.9,0.3,3000,"sd","10:43:11",290700
25.9,0.3,5000,"sd","10:43:09",287700
25.9,0.3,1000,"sd","10:49:51",332600
25.9,0.3,10000,"bu","10:49:25",329600
25.9,0.3,400,"bu","10:48:49",318300
25.7,0.1,600,"bu","10:24:28",199600
25.8,0.2,4400,"bu","10:26:11",204700
25.7,0.1,500,"bu","10:24:25",199000
25.8,0.2,5000,"sd","09:58:45",116600
25.9,0.3,100,"bu","10:49:18",319600
25.9,0.3,1900,"bu","10:48:43",317900
25.9,0.3,5000,"sd","10:42:54",282700
25.7,0.1,100,"sd","10:25:12",199700
25.9,0.3,1000,"sd","13:09:17",620900
25.9,0.3,200,"bu","13:10:18",623600
25.9,0.3,8000,"sd","13:03:23",583300
26,0.4,200,"bu","09:59:30",120800
25.9,0.3,1800,"sd","13:10:43",625400
25.9,0.3,300,"bu","13:05:55",603500
25.9,0.3,300,"sd","13:24:41",655000
25.9,0.3,1000,"bu","10:01:54",121800
26,0.4,1000,"bu","13:19:21",635200
26,0.4,300,"bu","13:20:36",635500
25.9,0.3,10000,"sd","13:24:34",654700
26,0.4,3000,"bu","13:21:02",638600
26,0.4,100,"bu","13:21:01",635600
25.9,0.3,2000,"sd","13:09:30",622900
25.8,0.2,1500,"bu","10:29:40",206200
25.9,0.3,500,"sd","11:19:41",554900
26,0.4,1000,"bu","10:45:10",298900
26,0.4,100,"bu","13:01:30",575300
25.9,0.3,2000,"bu","10:38:08",236800
25.9,0.3,1100,"bu","10:37:12",229800
26,0.4,200,"bu","10:38:58",242300
25.9,0.3,500,"sd","11:17:54",554400
25.9,0.3,5000,"bu","10:38:00",234800
25.9,0.3,3500,"sd","10:38:33",242100
25.9,0.3,3000,"sd","10:40:37",265300
25.9,0.3,1700,"bu","10:38:27",238600
25.9,0.3,500,"bu","11:20:09",555400
25.9,0.3,500,"bu","11:20:23",555900
25.9,0.3,5000,"sd","10:40:12",262300
25.9,0.3,100,"bu","10:38:18",236900
25.9,0.3,100,"sd","11:21:22",556000
25.9,0.3,700,"sd","10:49:43",331600
25.9,0.3,10000,"sd","10:55:37",425200
25.9,0.3,5700,"sd","10:55:10",415200
25.9,0.3,9300,"bu","10:55:08",409500
26,0.4,7500,"bu","10:54:29",384600
26,0.4,500,"bu","10:54:58",400200
26,0.4,200,"bu","10:56:30",445400
25.9,0.3,1700,"bu","10:42:11",271400
25.9,0.3,300,"sd","11:16:30",553900
26,0.4,20000,"bu","10:56:19",445200
25.9,0.3,3800,"sd","10:54:44",399700
26,0.4,1000,"bu","10:57:17",446400
25.8,0.2,500,"bu","10:16:41",155600
25.9,0.3,11200,"bu","10:54:40",395900
26,0.4,100,"bu","10:54:37",384700
25.8,0.2,3000,"bu","10:30:38",209200
25.9,0.3,200,"bu","10:31:53",211700
25.8,0.2,300,"sd","10:31:44",211500
25.8,0.2,900,"bu","10:31:07",210100
25.8,0.2,1000,"bu","10:19:36",156800
25.8,0.2,100,"sd","10:31:29",211200
25.8,0.2,1000,"bu","10:31:24",211100
25.8,0.2,200,"bu","10:17:45",155800
25.8,0.2,12000,"sd","09:42:44",87000
26,0.4,3000,"sd","09:31:09",43100
26,0.4,17800,"bu","09:29:05",39900
25.9,0.3,200,"sd","09:28:44",22100
25.9,0.3,6900,"bu","09:28:43",21900
25.8,0.2,100,"bu","10:16:08",155100
25.7,0.1,400,"sd","10:12:45",151900
25.8,0.2,1000,"sd","09:27:56",14800
25.8,0.2,1000,"sd","09:27:06",13800
25.9,0.3,100,"bu","09:25:42",7800
25.8,0.2,2000,"bu","10:11:32",149400
25.8,0.2,2000,"bu","10:12:35",151500
25.9,0.3,5000,"bu","09:26:19",12800
25.9,0.3,2000,"","09:40:46",75000
25.9,0.3,200,"bu","09:25:29",7700
25.8,0.2,200,"bu","10:13:26",155000
25.8,0.2,500,"bu","10:13:14",154800
25.9,0.3,200,"bu","09:28:17",15000
25.8,0.2,100,"bu","10:12:02",149500
25.7,0.1,400,"sd","10:13:02",154300
25.8,0.2,2000,"bu","10:12:57",153900
25.9,0.3,800,"bu","09:23:40",7500
25.8,0.2,200,"bu","10:08:05",146500
25.8,0.2,100,"bu","10:08:58",146600
25.8,0.2,7600,"bu","10:05:13",146300
25.8,0.2,200,"bu","10:36:12",227200
25.8,0.2,2000,"bu","10:36:08",227000
25.8,0.2,500,"bu","10:09:43",147100
25.8,0.2,1500,"sd","10:36:14",228700
25.8,0.2,2000,"bu","10:36:05",225000
25.9,0.3,1000,"bu","13:40:23",677300
25.9,0.3,1000,"bu","09:19:39",5500
26,0.4,200,"bu","11:09:40",524700
26,0.4,100,"bu","09:15:20",4200
26,0.4,200,"bu","11:06:16",517000
25.9,0.3,1000,"sd","11:07:30",518000
25.9,0.3,300,"sd","09:09:30",1900
25.6,0,400,"sd","09:00:30",400
25.9,0.3,2000,"sd","11:09:32",524500
26,0.4,1000,"bu","11:06:09",516800
25.8,0.2,1000,"sd","09:54:42",97800
25.9,0.3,100,"bu","09:15:53",4300
25.9,0.3,200,"sd","09:08:41",1600
26,0.4,500,"bu","11:08:10",518500
25.9,0.3,100,"bu","10:03:25",125900
25.9,0.3,800,"bu","09:06:38",1400
25.8,0.2,200,"bu","09:06:20",600
26,0.4,3000,"bu","11:09:21",522500
26,0.4,1000,"bu","11:08:52",519500
25.9,0.3,1000,"bu","09:19:53",6500
25.9,0.3,1000,"bu","10:03:19",125800
25.8,0.2,4000,"sd","09:59:14",120600
25.9,0.3,700,"bu","10:03:10",124800
25.9,0.3,4000,"sd","13:25:06",659000
26,0.4,1200,"sd","11:05:05",511700
25.9,0.3,200,"bu","09:20:50",6700
26,0.4,1000,"bu","09:34:42",49800
25.9,0.3,1000,"sd","09:56:08",111600
26,0.4,200,"bu","09:34:30",48800
26.1,0.5,200,"bu","09:30:45",40100
26,0.4,500,"bu","11:05:23",514800
26,0.4,2600,"sd","11:05:17",514300
25.8,0.2,2000,"sd","09:46:14",90200
26,0.4,1000,"bu","09:31:56",44100
26,0.4,300,"bu","09:14:50",4100
26,0.4,10000,"sd","11:02:22",498200
25.8,0.2,500,"bu","10:22:54",157300
25.9,0.3,100,"sd","10:53:22",374600
25.9,0.3,500,"sd","09:51:37",96800
26,0.4,300,"sd","11:02:56",498500
26,0.4,1000,"bu","10:59:28",468600
26,0.4,500,"bu","10:59:24",467600
25.8,0.2,300,"bu","10:10:20",147400
25.9,0.3,500,"sd","10:53:38",376100
26,0.4,1000,"bu","10:53:36",375600
25.6,0,34600,"sd","10:23:13",197800
26,0.4,12000,"sd","11:04:54",510500
26,0.4,20000,"bu","10:59:09",467100
25.9,0.3,2000,"","10:51:55",374500
26,0.4,10000,"bu","10:51:23",372500
25.9,0.3,500,"bu","10:51:22",362500
25.7,0.1,5900,"sd","10:23:04",163200
25.9,0.3,500,"bu","10:51:21",362000
26,0.4,6400,"bu","10:59:38",475000
26,0.4,700,"bu","09:37:56",66000
26,0.4,1000,"bu","09:36:08",50800
25.9,0.3,3000,"sd","09:36:50",53800
25.9,0.3,11500,"sd","09:37:43",65300
25.9,0.3,200,"bu","09:17:51",4500
25.8,0.2,200,"sd","09:45:25",88200
25.8,0.2,1000,"sd","09:39:57",73000
26,0.4,5000,"bu","09:38:12",71000
25.8,0.2,1000,"sd","09:45:05",88000
25.9,0.3,1000,"sd","09:38:50",72000
26,0.4,200,"bu","09:10:28",2100
26,0.4,700,"bu","09:12:13",3800
26,0.4,1000,"bu","09:33:27",46600
26,0.4,1500,"bu","09:33:26",45600
26,0.4,2000,"bu","09:34:15",48600
26,0.4,500,"bu","09:11:04",3100
26,0.4,500,"bu","09:10:49",2600
25.9,0.3,800,"bu","10:04:56",138700
25.8,0.2,12000,"sd","10:04:30",137900
25.9,0.3,1000,"sd","10:02:12",124100
25.9,0.3,1300,"sd","10:02:06",123100
25.8,0.2,4500,"sd","09:48:49",94700
26,0.4,1600,"bu","09:49:12",96300
26,0.4,1000,"bu","10:54:03",377100
25.9,0.3,1000,"sd","11:05:38",515800
