"price","change","match_qtty","side","time","total_vol"
6.59,0.17,500,"bu","13:57:08",828000
6.55,0.13,200,"sd","13:57:05",827500
6.55,0.13,20000,"bu","13:56:41",824300
6.56,0.14,2200,"bu","13:56:57",827300
6.55,0.13,7500,"bu","13:56:37",804300
6.53,0.11,300,"sd","13:55:39",767300
6.59,0.17,5000,"bu","13:57:33",833000
6.53,0.11,200,"sd","13:55:59",767500
6.55,0.13,800,"bu","13:56:53",825100
6.59,0.17,200,"sd","14:10:17",916600
6.56,0.14,200,"sd","13:58:11",833200
6.58,0.16,100,"sd","13:58:39",833300
6.58,0.16,100,"bu","13:59:35",833700
6.56,0.14,200,"sd","14:00:23",833900
6.55,0.13,4000,"bu","13:56:24",794300
6.55,0.13,18800,"bu","13:56:20",790300
6.55,0.13,4000,"bu","13:56:10",771500
6.55,0.13,2500,"bu","13:56:25",796800
6.53,0.11,100,"sd","13:50:29",695600
6.56,0.14,300,"bu","14:29:07",1063300
6.54,0.12,100,"bu","13:48:52",690300
6.53,0.11,300,"bu","13:48:52",690200
6.56,0.14,700,"bu","14:28:59",1063000
6.56,0.14,3700,"sd","14:28:54",1062300
6.56,0.14,2800,"sd","14:28:53",1058600
6.52,0.1,200,"sd","13:49:23",693500
6.53,0.11,1500,"bu","13:50:13",695500
6.53,0.11,500,"bu","13:50:11",694000
6.53,0.11,100,"bu","13:50:52",695700
6.53,0.11,3000,"bu","13:49:13",693300
6.56,0.14,300,"bu","14:29:31",1063600
6.58,0.16,200,"sd","14:20:11",991100
6.52,0.1,1500,"sd","13:34:27",655400
6.53,0.11,500,"sd","13:34:27",653900
6.5,0.08,10000,"sd","13:16:10",461900
6.56,0.14,200,"sd","14:24:35",1048900
6.5,0.08,200,"sd","13:16:23",462100
6.5,0.08,2100,"sd","13:16:05",451900
6.56,0.14,200,"sd","14:23:29",1030200
6.56,0.14,6800,"sd","14:23:27",1030000
6.56,0.14,200,"sd","14:22:23",1022700
6.5,0.08,1200,"sd","13:18:02",463500
6.5,0.08,6700,"sd","13:15:39",449800
6.56,0.14,7600,"sd","14:21:51",1022500
6.52,0.1,200,"sd","13:35:05",661200
6.54,0.12,900,"bu","13:33:39",653200
6.52,0.1,200,"sd","13:33:59",653400
6.57,0.15,10600,"sd","14:21:09",1006300
6.56,0.14,8400,"sd","14:21:31",1014900
6.55,0.13,200,"sd","14:21:17",1006500
6.58,0.16,4500,"sd","14:20:54",995700
6.56,0.14,18000,"sd","14:24:14",1048700
6.57,0.15,500,"sd","14:24:14",1030700
6.6,0.18,100,"bu","14:20:44",991200
6.52,0.1,5000,"sd","13:34:33",660400
6.56,0.14,5000,"sd","14:25:00",1053900
6.55,0.13,100,"bu","13:52:13",750000
6.5,0.08,1600,"sd","13:06:53",382400
6.5,0.08,200,"sd","13:06:31",380800
6.56,0.14,500,"sd","14:22:30",1023200
6.53,0.11,200,"sd","13:52:41",750200
6.55,0.13,100,"bu","13:53:51",750500
6.53,0.11,200,"sd","13:53:47",750400
6.5,0.08,200,"sd","13:07:36",382600
6.6,0.18,10000,"bu","14:05:28",882100
6.6,0.18,300,"bu","14:06:01",882600
6.6,0.18,26600,"bu","14:05:25",872100
6.59,0.17,2400,"bu","14:05:25",845500
6.59,0.17,200,"sd","14:05:53",882300
6.59,0.17,2000,"bu","14:04:24",841400
6.5,0.08,100,"sd","11:27:40",337300
6.53,0.11,1000,"bu","13:20:04",548400
6.49,0.07,200,"sd","13:15:17",443100
6.58,0.16,200,"sd","14:04:47",841600
6.59,0.17,9600,"sd","14:07:42",902300
6.6,0.18,1000,"sd","14:07:42",892700
6.6,0.18,100,"bu","14:07:59",902500
6.6,0.18,100,"bu","14:07:57",902400
6.59,0.17,6500,"sd","14:07:25",891700
6.6,0.18,400,"sd","14:07:25",885200
6.62,0.2,2000,"bu","14:06:22",884600
6.59,0.17,200,"sd","14:06:59",884800
6.59,0.17,200,"sd","14:08:05",902700
6.56,0.14,200,"sd","14:01:29",834100
6.56,0.14,200,"sd","14:02:35",834300
6.58,0.16,900,"bu","14:02:57",835200
6.56,0.14,400,"sd","14:28:02",1055800
6.62,0.2,62800,"","14:45:29",1126400
6.51,0.09,100,"sd","13:43:09",675600
6.56,0.14,100,"sd","14:27:53",1055400
6.56,0.14,200,"sd","14:25:42",1054100
6.57,0.15,1600,"sd","14:19:35",990900
6.58,0.16,200,"sd","14:19:35",989300
6.59,0.17,200,"sd","14:19:35",989100
6.56,0.14,1000,"sd","14:27:17",1055300
6.56,0.14,200,"sd","14:26:48",1054300
6.58,0.16,200,"sd","14:18:00",968100
6.58,0.16,200,"sd","14:17:56",967900
6.59,0.17,200,"sd","14:13:35",934800
6.59,0.17,100,"bu","14:19:22",988900
6.58,0.16,200,"sd","14:16:54",967600
6.58,0.16,3000,"bu","14:18:50",979900
6.58,0.16,100,"sd","14:16:52",967400
6.57,0.15,5000,"sd","14:19:19",988800
6.58,0.16,100,"sd","14:17:19",967700
6.6,0.18,800,"bu","14:16:46",967300
6.6,0.18,3900,"bu","14:15:34",960400
6.58,0.16,300,"sd","14:15:32",956500
6.58,0.16,8800,"sd","14:18:38",976900
6.6,0.18,5000,"bu","14:16:41",966500
6.57,0.15,200,"sd","14:19:05",983800
6.58,0.16,3700,"bu","14:19:00",983600
6.6,0.18,200,"sd","14:15:47",960600
6.6,0.18,900,"sd","14:15:55",961500
6.59,0.17,1000,"sd","14:14:20",935800
6.59,0.17,900,"sd","14:10:29",919200
6.6,0.18,100,"sd","14:10:29",918300
6.58,0.16,14900,"sd","14:14:44",956200
6.59,0.17,5100,"sd","14:14:44",941300
6.59,0.17,100,"bu","14:14:43",936200
6.51,0.09,200,"sd","13:44:59",676400
6.6,0.18,1500,"bu","14:10:28",918200
6.6,0.18,100,"bu","14:10:27",916700
6.59,0.17,100,"bu","14:14:41",936100
6.58,0.16,200,"sd","14:14:41",936000
6.59,0.17,2000,"bu","14:03:46",838400
6.51,0.09,400,"sd","13:45:44",676800
6.59,0.17,1500,"bu","14:05:04",843100
6.51,0.09,400,"sd","13:44:11",676200
6.57,0.15,200,"sd","14:03:41",836400
6.58,0.16,200,"sd","14:12:30",934600
6.59,0.17,4300,"bu","14:12:03",932900
6.59,0.17,1000,"bu","14:04:03",839400
6.6,0.18,1500,"bu","14:12:25",934400
6.51,0.09,200,"sd","13:43:53",675800
6.49,0.07,100,"bu","11:01:01",314600
6.48,0.06,23200,"sd","11:00:33",314500
6.51,0.09,1800,"bu","11:22:59",337200
6.58,0.16,1000,"bu","14:03:06",836200
6.49,0.07,200,"bu","11:01:08",314800
6.53,0.11,200,"sd","13:54:53",767000
6.52,0.1,200,"sd","13:36:11",661400
6.48,0.06,1800,"bu","10:47:10",169500
6.49,0.07,5000,"sd","10:46:24",157700
6.5,0.08,2000,"bu","10:45:19",151800
6.48,0.06,3000,"sd","10:47:01",167700
6.5,0.08,900,"bu","10:46:19",152700
6.57,0.15,200,"sd","13:59:17",833600
6.53,0.11,200,"sd","13:24:05",561900
6.52,0.1,200,"sd","13:21:53",558500
6.52,0.1,100,"bu","13:36:26",668000
6.58,0.16,100,"sd","13:58:53",833400
6.52,0.1,6500,"sd","13:36:24",667900
6.54,0.12,1000,"bu","13:23:31",561700
6.53,0.11,2000,"bu","13:22:18",560500
6.52,0.1,2000,"sd","13:21:44",558300
6.52,0.1,600,"sd","13:34:51",661000
6.53,0.11,200,"sd","13:22:59",560700
6.51,0.09,200,"sd","13:38:23",671000
6.53,0.11,7700,"bu","13:21:40",556300
6.48,0.06,7000,"sd","10:46:54",164700
6.55,0.13,2700,"bu","13:28:52",614500
6.55,0.13,5000,"bu","13:28:35",611800
6.54,0.12,200,"sd","13:29:35",615700
6.54,0.12,200,"sd","13:28:29",606800
6.55,0.13,16200,"bu","13:30:17",631900
6.55,0.13,2500,"bu","13:28:28",606600
6.55,0.13,2200,"bu","13:28:28",604100
6.55,0.13,6800,"bu","13:54:30",766800
6.54,0.12,3000,"sd","13:33:10",650400
6.55,0.13,3000,"bu","13:33:09",647400
6.54,0.12,100,"sd","13:33:07",644400
6.55,0.13,9500,"bu","13:54:24",760000
6.55,0.13,100,"bu","13:28:08",601900
6.55,0.13,1000,"bu","13:29:10",615500
6.54,0.12,200,"sd","13:30:41",632100
6.49,0.07,100,"sd","13:00:08",364600
6.49,0.07,1700,"sd","13:13:02",434000
6.5,0.08,500,"sd","13:13:02",432300
6.49,0.07,500,"sd","13:00:00",364500
6.5,0.08,1200,"bu","13:00:00",364000
6.51,0.09,200,"sd","13:48:17",686900
6.54,0.12,50000,"bu","13:51:22",745800
6.5,0.08,4900,"sd","11:28:30",342200
6.54,0.12,200,"bu","13:51:47",746200
6.5,0.08,200,"sd","13:17:29",462300
6.52,0.1,200,"bu","13:48:09",686700
6.54,0.12,2100,"bu","13:46:46",686200
6.53,0.11,6100,"bu","13:46:46",684100
6.53,0.11,1000,"bu","13:46:10",678000
6.5,0.08,15100,"bu","13:00:00",362800
6.49,0.07,5000,"sd","13:00:00",347700
6.52,0.1,100,"bu","13:48:07",686500
6.51,0.09,200,"sd","13:46:05",677000
6.5,0.08,4200,"bu","13:12:48",431800
6.53,0.11,200,"sd","13:51:35",746000
6.54,0.12,100,"bu","13:51:07",695800
6.5,0.08,6000,"sd","10:57:28",278700
6.49,0.07,3500,"bu","13:13:18",437700
6.51,0.09,200,"sd","13:47:11",686400
6.49,0.07,200,"sd","13:14:11",437900
6.5,0.08,1300,"bu","13:00:10",365900
6.53,0.11,3000,"bu","13:48:31",689900
6.55,0.13,3700,"bu","13:52:02",749900
6.48,0.06,100,"sd","13:13:05",434200
6.5,0.08,500,"bu","11:28:47",342700
6.48,0.06,100,"sd","13:13:05",434100
6.5,0.08,1000,"sd","11:14:14",331400
6.5,0.08,3000,"sd","13:11:50",406600
6.5,0.08,2000,"sd","11:13:14",329200
6.5,0.08,200,"sd","13:04:21",380400
6.51,0.09,8500,"bu","13:11:39",403600
6.5,0.08,100,"sd","11:15:46",331500
6.5,0.08,200,"sd","13:08:41",382800
6.5,0.08,15000,"bu","10:34:41",130900
6.5,0.08,200,"sd","13:09:47",383000
6.5,0.08,5500,"sd","13:11:28",395100
6.5,0.08,800,"bu","10:35:21",131700
6.5,0.08,200,"sd","13:05:26",380600
6.5,0.08,16800,"sd","13:12:05",426600
6.5,0.08,3000,"sd","13:12:03",409800
6.5,0.08,200,"sd","13:11:59",406800
6.51,0.09,1000,"bu","13:11:18",389600
6.5,0.08,1000,"bu","13:12:41",427600
6.51,0.09,1200,"bu","11:13:21",330400
6.51,0.09,200,"sd","13:42:47",675500
6.48,0.06,200,"sd","13:01:05",368400
6.59,0.17,200,"sd","14:09:11",916400
6.49,0.07,100,"bu","11:00:12",291300
6.5,0.08,5000,"bu","13:14:37",442900
6.5,0.08,200,"sd","13:18:35",463700
6.51,0.09,600,"bu","10:58:07",281300
6.5,0.08,2000,"sd","10:58:05",280700
6.48,0.06,500,"sd","13:00:44",368200
6.49,0.07,1300,"bu","13:00:23",367700
6.49,0.07,100,"bu","13:02:20",373300
6.61,0.19,100,"bu","14:10:59",919300
6.59,0.17,7700,"bu","14:08:25",916200
6.58,0.16,200,"sd","14:11:24",928600
6.5,0.08,5000,"bu","13:03:00",378300
6.49,0.07,100,"sd","13:02:11",373200
6.59,0.17,9100,"sd","14:11:21",928400
6.49,0.07,500,"sd","13:00:18",366400
6.59,0.17,5800,"sd","14:08:18",908500
6.51,0.09,1000,"bu","13:18:54",480100
6.51,0.09,7400,"bu","13:18:52",479100
6.51,0.09,8000,"bu","13:18:51",471700
6.48,0.06,1900,"sd","13:01:21",370300
6.49,0.07,100,"bu","10:42:34",147300
6.52,0.1,2100,"bu","13:37:00",670600
6.52,0.1,500,"bu","13:36:56",668500
6.53,0.11,700,"bu","13:41:27",675100
6.49,0.07,100,"bu","10:42:25",147200
6.51,0.09,100,"bu","11:11:47",327200
6.51,0.09,200,"sd","13:39:29",671200
6.54,0.12,1800,"sd","13:33:30",652300
6.49,0.07,300,"sd","10:42:13",147100
6.51,0.09,2700,"sd","13:41:06",674400
6.51,0.09,300,"sd","13:41:05",671700
6.49,0.07,100,"bu","10:42:49",147500
6.51,0.09,200,"sd","13:37:17",670800
6.51,0.09,200,"sd","13:41:41",675300
6.49,0.07,100,"bu","10:42:41",147400
6.55,0.13,1000,"bu","13:31:02",634000
6.54,0.12,6900,"sd","13:32:34",644100
6.54,0.12,900,"sd","13:30:48",633000
6.54,0.12,15000,"sd","13:26:50",601600
6.54,0.12,17600,"bu","13:26:47",586600
6.54,0.12,200,"sd","13:27:23",601800
6.54,0.12,100,"sd","13:33:19",650500
6.54,0.12,200,"sd","13:31:47",637200
6.54,0.12,200,"sd","13:32:54",644300
6.54,0.12,3000,"sd","13:31:40",637000
6.5,0.08,20000,"bu","10:51:03",217800
6.5,0.08,7400,"bu","10:50:32",197300
6.5,0.08,500,"bu","10:50:59",197800
6.5,0.08,200,"bu","10:50:31",189900
6.5,0.08,500,"bu","11:11:03",327100
6.5,0.08,100,"bu","11:10:45",326600
6.5,0.08,5200,"bu","11:10:27",326500
6.5,0.08,7600,"bu","10:51:07",225400
6.49,0.07,4000,"bu","10:49:10",183500
6.49,0.07,10000,"bu","10:49:08",179500
6.49,0.07,2200,"bu","10:43:47",149800
6.5,0.08,500,"bu","09:55:07",83000
6.5,0.08,100,"sd","09:53:52",81600
6.49,0.07,6200,"sd","10:49:23",189700
6.49,0.07,100,"bu","10:42:58",147600
6.5,0.08,900,"bu","09:55:59",83900
6.52,0.1,200,"sd","13:19:41",547400
6.5,0.08,100,"bu","13:03:32",379200
6.52,0.1,31600,"bu","13:19:39",547200
6.51,0.09,2100,"bu","13:19:16",515600
6.5,0.08,200,"sd","13:10:53",388600
6.52,0.1,200,"sd","13:20:47",548600
6.47,0.05,300,"bu","09:59:40",89000
6.51,0.09,2500,"bu","13:19:14",513500
6.51,0.09,30000,"bu","13:19:13",511000
6.51,0.09,900,"bu","13:19:11",481000
6.5,0.08,5000,"sd","13:10:14",388000
6.5,0.08,100,"bu","13:03:17",379100
6.49,0.07,200,"sd","13:03:16",379000
6.5,0.08,400,"sd","13:10:41",388400
6.47,0.05,4100,"sd","09:59:24",88700
6.48,0.06,600,"sd","09:59:24",84600
6.5,0.08,500,"bu","13:03:11",378800
6.53,0.11,5000,"sd","13:26:30",569000
6.53,0.11,500,"sd","13:26:27",564000
6.5,0.08,1000,"bu","13:03:38",380200
6.48,0.06,1000,"sd","10:28:46",103800
6.5,0.08,10000,"bu","10:40:02",146800
6.5,0.08,500,"bu","10:37:38",135800
6.48,0.06,1000,"sd","13:01:33",373100
6.5,0.08,100,"sd","11:18:07",334400
6.49,0.07,1800,"bu","13:01:32",372100
6.5,0.08,100,"bu","10:29:20",103900
6.51,0.09,1000,"bu","11:20:45",335400
6.5,0.08,1000,"bu","10:37:43",136800
6.5,0.08,2600,"bu","10:37:20",135300
6.5,0.08,1000,"bu","10:36:29",132700
6.51,0.09,100,"bu","10:57:09",272700
6.51,0.09,1000,"sd","10:56:12",271000
6.51,0.09,5000,"sd","10:55:38",270000
6.52,0.1,1500,"bu","10:55:03",264200
6.46,0.04,1500,"sd","10:15:47",102800
6.51,0.09,100,"bu","10:56:59",272600
6.52,0.1,800,"bu","10:55:24",265000
6.5,0.08,400,"bu","11:17:47",334300
6.51,0.09,500,"sd","10:56:15",271500
6.5,0.08,2400,"sd","11:17:22",333900
6.51,0.09,1000,"bu","10:56:45",272500
6.5,0.08,10000,"bu","10:31:58",113900
6.5,0.08,2000,"bu","10:32:48",115900
6.52,0.1,10400,"bu","09:29:34",43400
6.5,0.08,1000,"sd","09:43:30",50500
6.52,0.1,100,"bu","09:23:04",26300
6.5,0.08,4700,"sd","09:25:44",32900
6.52,0.1,2000,"bu","09:22:58",26200
6.46,0.04,100,"sd","10:13:32",101300
6.46,0.04,1100,"sd","10:11:22",101200
6.47,0.05,900,"sd","10:11:22",100100
6.5,0.08,100,"sd","09:27:27",33000
6.52,0.1,300,"sd","09:23:48",27600
6.52,0.1,1000,"sd","09:23:08",27300
6.47,0.05,5000,"sd","10:09:16",94000
6.47,0.05,100,"bu","10:09:46",99000
6.47,0.05,4900,"sd","10:09:39",98900
6.5,0.08,500,"sd","09:54:22",82100
6.51,0.09,200,"bu","09:15:26",8900
6.55,0.13,2100,"bu","09:16:00",16000
6.51,0.09,5000,"sd","09:15:47",13900
6.51,0.09,100,"bu","09:15:02",8700
6.5,0.08,1400,"bu","11:07:13",320900
6.53,0.11,1000,"sd","13:26:19",563500
6.51,0.09,200,"sd","13:40:35",671400
6.5,0.08,8600,"","09:15:01",8600
6.53,0.11,200,"sd","13:26:17",562500
6.53,0.11,200,"sd","13:25:34",562300
6.5,0.08,400,"sd","11:09:20",321300
6.53,0.11,200,"sd","13:25:11",562100
6.5,0.08,400,"sd","09:54:22",82500
6.52,0.1,100,"bu","09:20:50",19200
6.52,0.1,100,"bu","09:20:50",19100
6.5,0.08,100,"bu","09:56:17",84000
6.5,0.08,6000,"bu","09:46:37",62400
6.53,0.11,1500,"bu","09:31:34",44900
6.5,0.08,100,"bu","09:47:17",68900
6.5,0.08,400,"bu","09:47:13",68800
6.52,0.1,600,"sd","09:25:06",28200
6.5,0.08,2000,"bu","09:47:12",68400
6.52,0.1,5000,"bu","09:21:50",24200
6.5,0.08,4000,"bu","09:47:04",66400
6.5,0.08,600,"sd","11:06:00",319500
6.5,0.08,900,"sd","11:03:04",318800
6.51,0.09,1400,"bu","10:51:47",250700
6.47,0.05,200,"sd","10:10:43",99200
6.51,0.09,1100,"bu","11:02:19",315900
6.51,0.09,2000,"sd","10:53:19",258400
6.51,0.09,2000,"sd","10:53:48",262700
6.49,0.07,100,"sd","11:00:03",291200
6.5,0.08,1000,"sd","10:59:26",282300
6.51,0.09,2000,"bu","10:51:36",249300
6.51,0.09,2000,"sd","10:53:40",260700
6.51,0.09,10000,"bu","10:51:31",247300
6.5,0.08,2000,"sd","11:02:41",317900
6.5,0.08,100,"bu","11:04:15",318900
6.51,0.09,2500,"bu","10:51:26",237300
6.51,0.09,2000,"sd","10:51:55",255400
6.51,0.09,9400,"bu","10:51:25",234800
6.49,0.07,8700,"sd","10:59:44",291100
6.5,0.08,100,"sd","10:59:44",282400
6.52,0.1,300,"bu","10:53:27",258700
6.51,0.09,2700,"sd","10:51:52",253400
6.52,0.1,100,"sd","09:35:26",47200
6.53,0.11,200,"bu","09:35:18",47100
6.52,0.1,3000,"sd","09:17:32",19000
6.51,0.09,100,"sd","09:38:35",49400
6.51,0.09,100,"bu","09:36:52",47300
6.5,0.08,100,"bu","09:45:43",56400
6.51,0.09,100,"bu","09:40:19",49500
6.51,0.09,2000,"sd","09:37:11",49300
6.5,0.08,1800,"bu","09:50:25",81500
6.47,0.05,800,"sd","09:50:13",79700
6.5,0.08,1500,"sd","09:44:10",52200
6.52,0.1,1000,"sd","09:34:19",46900
6.5,0.08,4100,"sd","09:44:23",56300
6.52,0.1,1000,"sd","09:34:13",45900
6.47,0.05,3900,"sd","09:48:26",72800
6.47,0.05,6100,"bu","09:48:55",78900
6.51,0.09,200,"bu","09:43:48",50700
6.52,0.1,1000,"bu","10:52:24",256400
