"Stockcode","Package","TradingDate","Price","Vol","TotalVol","TotalVal","Change","IsBuy","PerChange"
"API",144512,"/Date(1700207101000)/",6200,22800,529291,3279420300,-100,false,-1.59
"API",142958,"/Date(1700206198000)/",6200,300,506491,3138060300,-100,false,-1.59
"API",142735,"/Date(1700206055000)/",6200,4000,506191,3136200300,-100,false,-1.59
"API",142722,"/Date(1700206042000)/",6200,4000,502191,3111400300,-100,false,-1.59
"API",142714,"/Date(1700206034000)/",6200,700,498191,3086600300,-100,true,-1.59
"API",142712,"/Date(1700206032000)/",6200,900,497491,3082260300,-100,true,-1.59
"API",142521,"/Date(1700205921000)/",6200,400,496591,3076680300,-100,true,-1.59
"API",142456,"/Date(1700205895000)/",6200,13000,496191,3074200300,-100,false,-1.59
"API",142417,"/Date(1700205856000)/",6200,24000,483191,2993600300,-100,false,-1.59
"API",142349,"/Date(1700205829000)/",6100,300,459191,2844800300,-200,true,-3.17
"API",141943,"/Date(1700205583000)/",6100,100,458891,2842970300,-200,false,-3.17
"API",141926,"/Date(1700205566000)/",6100,1000,458791,2842360300,-200,false,-3.17
"API",141905,"/Date(1700205545000)/",6100,300,457791,2836260300,-200,false,-3.17
"API",141903,"/Date(1700205543000)/",6100,300,457491,2834430300,-200,false,-3.17
"API",141849,"/Date(1700205529000)/",6100,200,457191,2832600300,-200,false,-3.17
"API",141839,"/Date(1700205519000)/",6100,100,456991,2831380300,-200,false,-3.17
"API",141825,"/Date(1700205505000)/",6100,5000,456891,2830770300,-200,false,-3.17
"API",141813,"/Date(1700205493000)/",6100,200,451891,2800270300,-200,false,-3.17
"API",141812,"/Date(1700205492000)/",6100,300,451691,2799050300,-200,false,-3.17
"API",141749,"/Date(1700205469000)/",6100,500,451391,2797220300,-200,false,-3.17
"API",141738,"/Date(1700205458000)/",6100,700,450891,2794170300,-200,false,-3.17
"API",141700,"/Date(1700205420000)/",6100,1000,450191,2789900300,-200,false,-3.17
"API",141547,"/Date(1700205347000)/",6100,100,449191,2783800300,-200,false,-3.17
"API",141412,"/Date(1700205252000)/",6100,500,449091,2783190300,-200,false,-3.17
"API",141356,"/Date(1700205236000)/",6000,100,448591,2780140300,-300,true,-4.76
"API",141251,"/Date(1700205171000)/",6100,200,448491,2779540300,-200,false,-3.17
"API",141236,"/Date(1700205156000)/",6100,1100,448291,2778320300,-200,false,-3.17
"API",141213,"/Date(1700205133000)/",6100,1000,447191,2771610300,-200,false,-3.17
"API",141138,"/Date(1700205098000)/",6100,4000,446191,2765510300,-200,false,-3.17
"API",140944,"/Date(1700204984000)/",6100,3000,442191,2741110300,-200,true,-3.17
"API",140644,"/Date(1700204804000)/",6100,300,439191,2722810300,-200,false,-3.17
"API",140639,"/Date(1700204799000)/",6100,1400,438891,2720980300,-200,false,-3.17
"API",140637,"/Date(1700204797000)/",6100,1000,437491,2712440300,-200,false,-3.17
"API",140633,"/Date(1700204793000)/",6100,100,436491,2706340300,-200,false,-3.17
"API",140632,"/Date(1700204792000)/",6100,500,436391,2705730300,-200,false,-3.17
"API",140625,"/Date(1700204785000)/",6100,500,435891,2702680300,-200,false,-3.17
"API",140622,"/Date(1700204782000)/",6100,500,435391,2699630300,-200,false,-3.17
"API",140618,"/Date(1700204778000)/",6100,500,434891,2696580300,-200,false,-3.17
"API",140617,"/Date(1700204777000)/",6100,100,434391,2693530300,-200,false,-3.17
"API",140612,"/Date(1700204772000)/",6100,1000,434291,2692920300,-200,false,-3.17
"API",140609,"/Date(1700204769000)/",6100,1000,433291,2686820300,-200,false,-3.17
"API",140607,"/Date(1700204767000)/",6100,200,432291,2680720300,-200,false,-3.17
"API",140553,"/Date(1700204753000)/",6100,10000,432091,2679500300,-200,false,-3.17
"API",140544,"/Date(1700204744000)/",6100,100,422091,2618500300,-200,false,-3.17
"API",140459,"/Date(1700204699000)/",6000,1000,421991,2617890300,-300,true,-4.76
"API",140457,"/Date(1700204697000)/",6000,100,420991,2611890300,-300,true,-4.76
"API",140419,"/Date(1700204659000)/",6100,200,420891,2611290300,-200,false,-3.17
"API",140348,"/Date(1700204628000)/",6000,19,420691,2610070300,-300,true,-4.76
"API",140303,"/Date(1700204583000)/",6000,200,420672,2609952500,-300,true,-4.76
"API",140247,"/Date(1700204567000)/",6100,3100,420472,2608752500,-200,false,-3.17
"API",140229,"/Date(1700204549000)/",6100,5000,417372,2589842500,-200,true,-3.17
"API",140223,"/Date(1700204543000)/",6100,2000,412372,2559342500,-200,true,-3.17
"API",140213,"/Date(1700204533000)/",6100,7000,410372,2547142500,-200,true,-3.17
"API",140210,"/Date(1700204530000)/",6100,100,403372,2504442500,-200,true,-3.17
"API",135656,"/Date(1700204215000)/",6200,1800,403272,2503832500,-100,false,-1.59
"API",135517,"/Date(1700204116000)/",6100,16000,401472,2492672500,-200,false,-3.17
"API",135508,"/Date(1700204107000)/",6100,200,385472,2395072500,-200,false,-3.17
"API",135433,"/Date(1700204073000)/",6100,700,385272,2393852500,-200,false,-3.17
"API",135429,"/Date(1700204069000)/",6100,1000,384572,2389582500,-200,false,-3.17
"API",135421,"/Date(1700204060000)/",6100,2000,383572,2383482500,-200,false,-3.17
"API",135328,"/Date(1700204008000)/",6100,500,381572,2371282500,-200,false,-3.17
"API",135255,"/Date(1700203975000)/",6100,1000,381072,2368232500,-200,false,-3.17
"API",135250,"/Date(1700203970000)/",6100,10,380072,2362132500,-200,false,-3.17
"API",135156,"/Date(1700203916000)/",6100,300,380062,2362070500,-200,false,-3.17
"API",135108,"/Date(1700203868000)/",6100,800,379762,2360240500,-200,false,-3.17
"API",135043,"/Date(1700203843000)/",6100,3000,378962,2355360500,-200,true,-3.17
"API",135027,"/Date(1700203827000)/",6100,400,375962,2337060500,-200,true,-3.17
"API",134956,"/Date(1700203796000)/",6100,30500,375562,2334620500,-200,true,-3.17
"API",134950,"/Date(1700203790000)/",6100,3700,345062,2148570500,-200,true,-3.17
"API",134922,"/Date(1700203762000)/",6100,25000,341362,2126000500,-200,true,-3.17
"API",134817,"/Date(1700203697000)/",6100,400,316362,1973500500,-200,true,-3.17
"API",134716,"/Date(1700203636000)/",6100,1500,315962,1971060500,-200,true,-3.17
"API",134641,"/Date(1700203601000)/",6100,2000,314462,1961910500,-200,true,-3.17
"API",134555,"/Date(1700203555000)/",6100,1800,312462,1949710500,-200,true,-3.17
"API",134509,"/Date(1700203509000)/",6100,600,310662,1938730500,-200,true,-3.17
"API",134402,"/Date(1700203442000)/",6100,1000,310062,1935070500,-200,true,-3.17
"API",134331,"/Date(1700203411000)/",6100,10000,309062,1928970500,-200,true,-3.17
"API",134213,"/Date(1700203333000)/",6100,100,299062,1867970500,-200,true,-3.17
"API",133631,"/Date(1700202991000)/",6200,1000,298962,1867360500,-100,false,-1.59
"API",133549,"/Date(1700202949000)/",6200,100,297962,1861160500,-100,false,-1.59
"API",133427,"/Date(1700202867000)/",6200,500,297862,1860540500,-100,false,-1.59
"API",133402,"/Date(1700202842000)/",6200,1700,297362,1857440500,-100,false,-1.59
"API",133249,"/Date(1700202769000)/",6200,500,295662,1846900500,-100,true,-1.59
"API",133038,"/Date(1700202637000)/",6200,900,295162,1843800500,-100,false,-1.59
"API",133015,"/Date(1700202614000)/",6200,100,294262,1838220500,-100,false,-1.59
"API",132943,"/Date(1700202583000)/",6200,400,294162,1837600500,-100,false,-1.59
"API",132942,"/Date(1700202581000)/",6200,1000,293762,1835120500,-100,false,-1.59
"API",132933,"/Date(1700202572000)/",6200,100,292762,1828920500,-100,false,-1.59
"API",132847,"/Date(1700202527000)/",6200,200,292662,1828300500,-100,false,-1.59
"API",132742,"/Date(1700202462000)/",6200,100,292462,1827060500,-100,true,-1.59
"API",132443,"/Date(1700202283000)/",6200,2000,292362,1826440500,-100,true,-1.59
"API",132357,"/Date(1700202237000)/",6200,2000,290362,1814040500,-100,true,-1.59
"API",132243,"/Date(1700202163000)/",6200,4600,288362,1801640500,-100,true,-1.59
"API",132205,"/Date(1700202125000)/",6200,6300,283762,1773120500,-100,true,-1.59
"API",131702,"/Date(1700201822000)/",6200,600,277462,1734060500,-100,true,-1.59
"API",131632,"/Date(1700201792000)/",6200,13800,276862,1730340500,-100,true,-1.59
"API",131631,"/Date(1700201791000)/",6200,200,263062,1644780500,-100,false,-1.59
"API",131526,"/Date(1700201726000)/",6200,11000,262862,1643540500,-100,false,-1.59
"API",131455,"/Date(1700201695000)/",6200,200,251862,1575340500,-100,true,-1.59
"API",131355,"/Date(1700201635000)/",6200,12500,251662,1574100500,-100,false,-1.59
"API",131141,"/Date(1700201501000)/",6100,1000,239162,1496600500,-200,true,-3.17
"API",131139,"/Date(1700201499000)/",6200,1900,238162,1490500500,-100,false,-1.59
"API",131122,"/Date(1700201482000)/",6200,1,236262,1478720500,-100,false,-1.59
"API",131103,"/Date(1700201463000)/",6200,200,236261,1478714300,-100,false,-1.59
"API",131057,"/Date(1700201457000)/",6200,200,236061,1477474300,-100,false,-1.59
"API",131016,"/Date(1700201416000)/",6200,500,235861,1476234300,-100,false,-1.59
"API",130803,"/Date(1700201283000)/",6200,600,235361,1473134300,-100,false,-1.59
"API",130721,"/Date(1700201241000)/",6200,100,234761,1469414300,-100,false,-1.59
"API",130710,"/Date(1700201230000)/",6200,1000,234661,1468794300,-100,false,-1.59
"API",130702,"/Date(1700201222000)/",6200,400,233661,1462594300,-100,false,-1.59
"API",130657,"/Date(1700201217000)/",6200,500,233261,1460114300,-100,false,-1.59
"API",130644,"/Date(1700201204000)/",6200,100,232761,1457014300,-100,false,-1.59
"API",130542,"/Date(1700201141000)/",6200,5900,232661,1456394300,-100,false,-1.59
"API",130538,"/Date(1700201137000)/",6200,200,226761,1419814300,-100,false,-1.59
"API",130517,"/Date(1700201116000)/",6200,17200,226561,1418574300,-100,true,-1.59
"API",130441,"/Date(1700201080000)/",6200,100,209361,1311934300,-100,true,-1.59
"API",130439,"/Date(1700201078000)/",6200,30000,209261,1311314300,-100,true,-1.59
"API",130425,"/Date(1700201064000)/",6200,34500,179261,1125314300,-100,true,-1.59
"API",130247,"/Date(1700200967000)/",6200,1000,144761,911414300,-100,true,-1.59
"API",130106,"/Date(1700200866000)/",6200,1000,143761,905214300,-100,true,-1.59
"API",130050,"/Date(1700200850000)/",6200,4000,142761,899014300,-100,true,-1.59
"API",130039,"/Date(1700200809000)/",6200,1000,138761,874214300,-100,true,-1.59
"API",130029,"/Date(1700200805000)/",6300,2500,137761,868014300,0,false,0
"API",130027,"/Date(1700200804000)/",6300,2000,135261,852264300,0,true,0
"API",112946,"/Date(1700195386000)/",6300,3000,133261,839664300,0,true,0
"API",112504,"/Date(1700195103000)/",6300,20,130261,820764300,0,true,0
"API",112338,"/Date(1700195017000)/",6300,1000,130241,820638300,0,true,0
"API",112323,"/Date(1700195003000)/",6300,200,129241,814338300,0,true,0
"API",112246,"/Date(1700194966000)/",6300,3500,129041,813078300,0,true,0
"API",111516,"/Date(1700194516000)/",6300,300,125541,791028300,0,true,0
"API",110459,"/Date(1700193899000)/",6300,8000,125241,789138300,0,true,0
"API",110123,"/Date(1700193683000)/",6300,100,117241,738738300,0,true,0
"API",105942,"/Date(1700193582000)/",6300,400,117141,738108300,0,true,0
"API",105941,"/Date(1700193581000)/",6300,500,116741,735588300,0,false,0
"API",105938,"/Date(1700193578000)/",6300,400,116241,732438300,0,false,0
"API",105928,"/Date(1700193568000)/",6300,300,115841,729918300,0,false,0
"API",105907,"/Date(1700193547000)/",6300,500,115541,728028300,0,false,0
"API",105722,"/Date(1700193442000)/",6300,500,115041,724878300,0,false,0
"API",105633,"/Date(1700193393000)/",6300,100,114541,721728300,0,false,0
"API",105546,"/Date(1700193346000)/",6300,5100,114441,721098300,0,true,0
"API",105420,"/Date(1700193260000)/",6300,200,109341,688968300,0,true,0
"API",104729,"/Date(1700192848000)/",6300,200,109141,687708300,0,true,0
"API",104712,"/Date(1700192832000)/",6300,1,108941,686448300,0,true,0
"API",104440,"/Date(1700192680000)/",6300,7000,108940,686442000,0,true,0
"API",104417,"/Date(1700192657000)/",6300,20000,101940,642342000,0,true,0
"API",104355,"/Date(1700192635000)/",6300,1900,81940,516342000,0,true,0
"API",103856,"/Date(1700192336000)/",6300,100,80040,504372000,0,true,0
"API",101812,"/Date(1700191091000)/",6400,200,79940,503742000,100,false,1.59
"API",101403,"/Date(1700190842000)/",6400,500,79740,502462000,100,false,1.59
"API",100505,"/Date(1700190305000)/",6300,500,79240,499262000,0,true,0
"API",100053,"/Date(1700190053000)/",6300,10,78740,496112000,0,true,0
"API",100051,"/Date(1700190051000)/",6300,10,78730,496049000,0,true,0
"API",100050,"/Date(1700190050000)/",6300,10,78720,495986000,0,true,0
"API",100047,"/Date(1700190047000)/",6300,10,78710,495923000,0,true,0
"API",95918,"/Date(1700189958000)/",6300,3500,78700,495860000,0,true,0
"API",95813,"/Date(1700189893000)/",6300,7000,75200,473810000,0,true,0
"API",95709,"/Date(1700189829000)/",6300,5300,68200,429710000,0,true,0
"API",95647,"/Date(1700189807000)/",6300,500,62900,396320000,0,true,0
"API",95627,"/Date(1700189787000)/",6300,2400,62400,393170000,0,true,0
"API",95453,"/Date(1700189693000)/",6300,13300,60000,378050000,0,true,0
"API",95311,"/Date(1700189591000)/",6300,100,46700,294260000,0,true,0
"API",94449,"/Date(1700189089000)/",6300,2700,46600,293630000,0,true,0
"API",93914,"/Date(1700188754000)/",6300,4000,43900,276620000,0,false,0
"API",93910,"/Date(1700188750000)/",6300,10000,39900,251420000,0,false,0
"API",93901,"/Date(1700188741000)/",6300,300,29900,188420000,0,false,0
"API",93855,"/Date(1700188735000)/",6300,1500,29600,186530000,0,false,0
"API",93848,"/Date(1700188728000)/",6300,3400,28100,177080000,0,false,0
"API",93832,"/Date(1700188712000)/",6300,1100,24700,155660000,0,false,0
"API",93830,"/Date(1700188710000)/",6300,500,23600,148730000,0,false,0
"API",93819,"/Date(1700188699000)/",6300,100,23100,145580000,0,false,0
"API",93808,"/Date(1700188688000)/",6300,100,23000,144950000,0,false,0
"API",93733,"/Date(1700188653000)/",6300,2000,22900,144320000,0,false,0
"API",93719,"/Date(1700188639000)/",6300,100,20900,131720000,0,false,0
"API",93706,"/Date(1700188626000)/",6300,200,20800,131090000,0,false,0
"API",93702,"/Date(1700188622000)/",6300,1000,20600,129830000,0,false,0
"API",93657,"/Date(1700188617000)/",6300,500,19600,123530000,0,false,0
"API",93628,"/Date(1700188588000)/",6300,100,19100,120380000,0,false,0
"API",93548,"/Date(1700188548000)/",6300,100,19000,119750000,0,false,0
"API",93516,"/Date(1700188516000)/",6300,100,18900,119120000,0,false,0
"API",93351,"/Date(1700188431000)/",6300,200,18800,118490000,0,false,0
"API",93230,"/Date(1700188350000)/",6300,200,18600,117230000,0,false,0
"API",93136,"/Date(1700188296000)/",6300,9100,18400,115970000,0,false,0
"API",92940,"/Date(1700188180000)/",6300,1000,9300,58640000,0,true,0
"API",92835,"/Date(1700188115000)/",6300,1500,8300,52340000,0,true,0
"API",92659,"/Date(1700188019000)/",6300,500,6800,42890000,0,true,0
"API",92512,"/Date(1700187911000)/",6400,400,6300,39740000,100,false,1.59
"API",92208,"/Date(1700187727000)/",6400,100,5900,37180000,100,false,1.59
"API",91559,"/Date(1700187359000)/",6300,100,5800,36540000,0,true,0
"API",91454,"/Date(1700187294000)/",6300,1500,5700,35910000,0,false,0
"API",91446,"/Date(1700187286000)/",6300,200,4200,26460000,0,false,0
"API",91401,"/Date(1700187241000)/",6300,300,4000,25200000,0,true,0
"API",90759,"/Date(1700186879000)/",6300,100,3700,23310000,0,false,0
"API",90301,"/Date(1700186581000)/",6300,1600,3600,22680000,0,true,0
"API",90128,"/Date(1700186441000)/",6300,200,2000,12600000,0,false,0
"API",90026,"/Date(1700186406000)/",6300,1500,1800,11340000,0,false,0
"API",90016,"/Date(1700186404000)/",6300,300,300,1890000,0,false,0
