"Stockcode","Package","TradingDate","Price","Vol","TotalVol","TotalVal","Change","IsBuy","PerChange"
"DC4",144426,"/Date(1700207101000)/",9840,20600,124200,1235000000,-120,false,-1.2
"DC4",142847,"/Date(1700206161000)/",9880,5300,103600,1033000000,-80,false,-0.8
"DC4",142847,"/Date(1700206161000)/",9870,100,98300,980000000,-90,false,-0.9
"DC4",142739,"/Date(1700206093000)/",9880,100,98200,979000000,-80,false,-0.8
"DC4",142739,"/Date(1700206093000)/",9880,100,98100,978000000,-80,false,-0.8
"DC4",142739,"/Date(1700206093000)/",9890,900,98000,977000000,-70,false,-0.7
"DC4",142736,"/Date(1700206093000)/",9900,8800,97100,968000000,-60,false,-0.6
"DC4",142736,"/Date(1700206093000)/",9900,2200,88300,881000000,-60,false,-0.6
"DC4",142658,"/Date(1700206054000)/",9890,100,86100,859000000,-70,false,-0.7
"DC4",142603,"/Date(1700206000000)/",9890,400,86000,858000000,-70,false,-0.7
"DC4",142512,"/Date(1700205949000)/",9890,500,85600,854000000,-70,false,-0.7
"DC4",142453,"/Date(1700205926000)/",9890,300,85100,850000000,-70,false,-0.7
"DC4",142453,"/Date(1700205926000)/",9890,4700,84800,847000000,-70,false,-0.7
"DC4",142408,"/Date(1700205885000)/",9880,1900,80100,800000000,-80,false,-0.8
"DC4",142352,"/Date(1700205865000)/",9880,100,78200,781000000,-80,false,-0.8
"DC4",141428,"/Date(1700205301000)/",9850,400,78100,780000000,-110,false,-1.1
"DC4",141428,"/Date(1700205301000)/",9850,200,77700,776000000,-110,false,-1.1
"DC4",141340,"/Date(1700205254000)/",9850,100,77500,774000000,-110,false,-1.1
"DC4",141320,"/Date(1700205235000)/",9850,300,77400,773000000,-110,false,-1.1
"DC4",140955,"/Date(1700205029000)/",9850,200,77100,770000000,-110,false,-1.1
"DC4",140555,"/Date(1700204789000)/",9800,1000,76900,769000000,-160,false,-1.61
"DC4",140331,"/Date(1700204644000)/",9750,100,75900,759000000,-210,true,-2.11
"DC4",140331,"/Date(1700204644000)/",9750,200,75800,758000000,-210,true,-2.11
"DC4",140139,"/Date(1700204533000)/",9750,600,75600,756000000,-210,true,-2.11
"DC4",135609,"/Date(1700204202000)/",9800,500,75000,750000000,-160,false,-1.61
"DC4",135528,"/Date(1700204160000)/",9750,500,74500,745000000,-210,false,-2.11
"DC4",135219,"/Date(1700203972000)/",9750,1000,74000,740000000,-210,true,-2.11
"DC4",135219,"/Date(1700203972000)/",9750,500,73000,730000000,-210,true,-2.11
"DC4",135121,"/Date(1700203914000)/",9800,500,72500,726000000,-160,true,-1.61
"DC4",135121,"/Date(1700203914000)/",9800,400,72000,721000000,-160,true,-1.61
"DC4",135033,"/Date(1700203864000)/",9800,600,71600,717000000,-160,true,-1.61
"DC4",133834,"/Date(1700203147000)/",9890,300,71000,711000000,-70,true,-0.7
"DC4",133633,"/Date(1700203024000)/",9890,200,70700,708000000,-70,true,-0.7
"DC4",132751,"/Date(1700202503000)/",9900,100,70500,706000000,-60,true,-0.6
"DC4",132751,"/Date(1700202503000)/",9900,1700,70400,705000000,-60,true,-0.6
"DC4",132706,"/Date(1700202458000)/",9900,800,68700,688000000,-60,true,-0.6
"DC4",132706,"/Date(1700202458000)/",9900,800,67900,680000000,-60,true,-0.6
"DC4",132300,"/Date(1700202210000)/",9960,200,67100,672000000,0,true,0
"DC4",131851,"/Date(1700201960000)/",9960,100,66900,670000000,0,true,0
"DC4",131435,"/Date(1700201705000)/",9960,100,66800,669000000,0,false,0
"DC4",131334,"/Date(1700201642000)/",9960,400,66700,668000000,0,true,0
"DC4",131331,"/Date(1700201639000)/",9960,100,66300,664000000,0,true,0
"DC4",131054,"/Date(1700201482000)/",9900,2200,66200,663000000,-60,true,-0.6
"DC4",130859,"/Date(1700201369000)/",9900,100,64000,641000000,-60,true,-0.6
"DC4",130859,"/Date(1700201369000)/",9900,1900,63900,640000000,-60,true,-0.6
"DC4",130853,"/Date(1700201363000)/",9900,1900,62000,622000000,-60,false,-0.6
"DC4",130853,"/Date(1700201363000)/",9890,100,60100,603000000,-70,false,-0.7
"DC4",130759,"/Date(1700201308000)/",9900,500,60000,602000000,-60,true,-0.6
"DC4",130759,"/Date(1700201308000)/",9900,700,59500,597000000,-60,true,-0.6
"DC4",130759,"/Date(1700201308000)/",9900,500,58800,590000000,-60,true,-0.6
"DC4",130759,"/Date(1700201308000)/",9900,2000,58300,585000000,-60,true,-0.6
"DC4",130714,"/Date(1700201264000)/",9900,2000,56300,565000000,-60,true,-0.6
"DC4",130714,"/Date(1700201264000)/",9900,400,54300,545000000,-60,true,-0.6
"DC4",130607,"/Date(1700201195000)/",9900,300,53900,542000000,-60,true,-0.6
"DC4",130528,"/Date(1700201156000)/",9900,1000,53600,539000000,-60,true,-0.6
"DC4",130528,"/Date(1700201155000)/",9960,600,52600,529000000,0,false,0
"DC4",130516,"/Date(1700201143000)/",9960,500,52000,523000000,0,true,0
"DC4",130516,"/Date(1700201143000)/",9960,1000,51500,518000000,0,true,0
"DC4",130516,"/Date(1700201143000)/",9960,300,50500,508000000,0,true,0
"DC4",130405,"/Date(1700201072000)/",9960,500,50200,505000000,0,true,0
"DC4",130223,"/Date(1700200971000)/",9960,200,49700,500000000,0,true,0
"DC4",130223,"/Date(1700200971000)/",9970,100,49500,498000000,10,true,0.1
"DC4",130223,"/Date(1700200971000)/",9980,100,49400,497000000,20,true,0.2
"DC4",130223,"/Date(1700200971000)/",9980,1600,49300,496000000,20,true,0.2
"DC4",130041,"/Date(1700200852000)/",10000,500,47700,480000000,40,false,0.4
"DC4",130041,"/Date(1700200851000)/",10000,200,47200,475000000,40,false,0.4
"DC4",130041,"/Date(1700200851000)/",10000,800,47000,473000000,40,false,0.4
"DC4",130041,"/Date(1700200851000)/",10000,3500,46200,465000000,40,false,0.4
"DC4",125956,"/Date(1700200802000)/",10000,1000,42700,430000000,40,true,0.4
"DC4",125956,"/Date(1700200802000)/",10000,500,41700,420000000,40,true,0.4
"DC4",111347,"/Date(1700194445000)/",10050,100,41200,415000000,90,false,0.9
"DC4",110801,"/Date(1700194097000)/",10050,1000,41100,414000000,90,false,0.9
"DC4",105912,"/Date(1700193568000)/",10100,1500,40100,404000000,140,false,1.41
"DC4",105317,"/Date(1700193213000)/",10100,100,38600,389000000,140,false,1.41
"DC4",105021,"/Date(1700193038000)/",10100,400,38500,388000000,140,false,1.41
"DC4",105021,"/Date(1700193038000)/",10100,100,38100,384000000,140,false,1.41
"DC4",104417,"/Date(1700192673000)/",10100,100,38000,383000000,140,false,1.41
"DC4",103608,"/Date(1700192183000)/",10100,5000,37900,382000000,140,false,1.41
"DC4",103552,"/Date(1700192166000)/",9980,400,32900,331000000,20,true,0.2
"DC4",103445,"/Date(1700192099000)/",10000,800,32500,327000000,40,false,0.4
"DC4",103445,"/Date(1700192099000)/",10000,500,31700,319000000,40,false,0.4
"DC4",103445,"/Date(1700192099000)/",10000,1000,31200,314000000,40,false,0.4
"DC4",103445,"/Date(1700192099000)/",10000,300,30200,304000000,40,false,0.4
"DC4",103111,"/Date(1700191884000)/",10100,800,29900,301000000,140,false,1.41
"DC4",102542,"/Date(1700191555000)/",10150,700,29100,293000000,190,false,1.91
"DC4",102542,"/Date(1700191555000)/",10150,1000,28400,286000000,190,false,1.91
"DC4",102542,"/Date(1700191555000)/",10150,100,27400,276000000,190,false,1.91
"DC4",102542,"/Date(1700191555000)/",10150,500,27300,275000000,190,false,1.91
"DC4",102542,"/Date(1700191555000)/",10150,900,26800,270000000,190,false,1.91
"DC4",102542,"/Date(1700191555000)/",10100,600,25900,260000000,140,false,1.41
"DC4",102520,"/Date(1700191535000)/",10100,400,25300,254000000,140,false,1.41
"DC4",101935,"/Date(1700191188000)/",10100,200,24900,250000000,140,true,1.41
"DC4",101935,"/Date(1700191188000)/",10100,200,24700,248000000,140,true,1.41
"DC4",101636,"/Date(1700190977000)/",10150,1000,24500,246000000,190,false,1.91
"DC4",100423,"/Date(1700190276000)/",10150,200,23500,236000000,190,false,1.91
"DC4",95946,"/Date(1700189998000)/",10100,1000,23300,234000000,140,true,1.41
"DC4",95823,"/Date(1700189915000)/",10100,200,22300,224000000,140,true,1.41
"DC4",95816,"/Date(1700189907000)/",10100,100,22100,222000000,140,true,1.41
"DC4",95706,"/Date(1700189838000)/",10100,200,22000,221000000,140,true,1.41
"DC4",95550,"/Date(1700189762000)/",10150,1000,21800,219000000,190,false,1.91
"DC4",95512,"/Date(1700189722000)/",10100,1000,20800,209000000,140,true,1.41
"DC4",95512,"/Date(1700189722000)/",10100,2000,19800,199000000,140,true,1.41
"DC4",95402,"/Date(1700189653000)/",10100,400,17800,179000000,140,true,1.41
"DC4",95304,"/Date(1700189596000)/",10100,500,17400,175000000,140,true,1.41
"DC4",95248,"/Date(1700189579000)/",10100,100,16900,169000000,140,true,1.41
"DC4",94908,"/Date(1700189358000)/",10150,900,16800,168000000,190,false,1.91
"DC4",94908,"/Date(1700189358000)/",10150,100,15900,159000000,190,false,1.91
"DC4",94655,"/Date(1700189227000)/",10100,500,15800,158000000,140,false,1.41
"DC4",94639,"/Date(1700189210000)/",10100,3000,15300,153000000,140,false,1.41
"DC4",94523,"/Date(1700189132000)/",10100,300,12300,123000000,140,false,1.41
"DC4",94504,"/Date(1700189113000)/",10100,100,12000,120000000,140,false,1.41
"DC4",94454,"/Date(1700189104000)/",10100,2000,11900,119000000,140,false,1.41
"DC4",94454,"/Date(1700189104000)/",10100,100,9900,99000000,140,false,1.41
"DC4",94444,"/Date(1700189095000)/",10100,1900,9800,98000000,140,false,1.41
"DC4",94444,"/Date(1700189095000)/",10100,100,7900,79000000,140,false,1.41
"DC4",94331,"/Date(1700189021000)/",10000,200,7800,77000000,40,false,0.4
"DC4",94331,"/Date(1700189021000)/",10000,1500,7600,75000000,40,false,0.4
"DC4",94024,"/Date(1700188832000)/",10000,300,6100,60000000,40,false,0.4
"DC4",92829,"/Date(1700188118000)/",10000,500,5800,57000000,40,false,0.4
"DC4",92732,"/Date(1700188061000)/",10000,5000,5300,52000000,40,false,0.4
"DC4",92259,"/Date(1700187786000)/",9980,300,300,2000000,20,true,0.2
