"Stockcode","Package","TradingDate","Price","Vol","TotalVol","TotalVal","Change","IsBuy","PerChange"
"DTD",144511,"/Date(1700207101000)/",23600,102300,1927532,46960007100,-400,true,-1.67
"DTD",142959,"/Date(1700206198000)/",24100,300,1825232,44545727100,100,false,0.42
"DTD",142956,"/Date(1700206195000)/",24100,200,1824932,44538497100,100,false,0.42
"DTD",142948,"/Date(1700206187000)/",24100,200,1824732,44533677100,100,false,0.42
"DTD",142934,"/Date(1700206173000)/",24000,3900,1824532,44528857100,0,true,0
"DTD",142921,"/Date(1700206160000)/",24100,600,1820632,44435257100,100,false,0.42
"DTD",142920,"/Date(1700206159000)/",24100,1000,1820032,44420797100,100,false,0.42
"DTD",142902,"/Date(1700206141000)/",24000,30500,1819032,44396697100,0,true,0
"DTD",142855,"/Date(1700206134000)/",24100,1000,1788532,43662977100,100,true,0.42
"DTD",142852,"/Date(1700206131000)/",24200,200,1787532,43638877100,200,false,0.83
"DTD",142849,"/Date(1700206128000)/",24100,5000,1787332,43634037100,100,true,0.42
"DTD",142841,"/Date(1700206120000)/",24200,10200,1782332,43513537100,200,true,0.83
"DTD",142840,"/Date(1700206119000)/",24300,300,1772132,43266317100,300,true,1.25
"DTD",142836,"/Date(1700206115000)/",24300,600,1771832,43259027100,300,true,1.25
"DTD",142829,"/Date(1700206108000)/",24300,1000,1771232,43244447100,300,true,1.25
"DTD",142814,"/Date(1700206093000)/",24400,400,1770232,43220147100,400,true,1.67
"DTD",142813,"/Date(1700206092000)/",24500,100,1769832,43210357100,500,true,2.08
"DTD",142812,"/Date(1700206091000)/",24500,1000,1769732,43207907100,500,true,2.08
"DTD",142811,"/Date(1700206090000)/",24500,1600,1768732,43183407100,500,true,2.08
"DTD",142744,"/Date(1700206063000)/",24500,100,1767132,43144207100,500,true,2.08
"DTD",142743,"/Date(1700206062000)/",24500,2900,1767032,43141757100,500,false,2.08
"DTD",142717,"/Date(1700206036000)/",24500,3000,1764132,43070707100,500,false,2.08
"DTD",142708,"/Date(1700206027000)/",24400,100,1761132,42997207100,400,false,1.67
"DTD",142702,"/Date(1700206021000)/",24400,100,1761032,42994767100,400,true,1.67
"DTD",142647,"/Date(1700206006000)/",24500,500,1760932,42992327100,500,false,2.08
"DTD",142607,"/Date(1700205967000)/",24500,1000,1760432,42980077100,500,false,2.08
"DTD",142606,"/Date(1700205965000)/",24500,200,1759432,42955577100,500,false,2.08
"DTD",142542,"/Date(1700205942000)/",24500,5000,1759232,42950677100,500,false,2.08
"DTD",142538,"/Date(1700205938000)/",24400,1000,1754232,42828247100,400,false,1.67
"DTD",142526,"/Date(1700205926000)/",24400,3100,1753232,42803847100,400,false,1.67
"DTD",142523,"/Date(1700205923000)/",24300,1700,1750132,42728387100,300,false,1.25
"DTD",142516,"/Date(1700205916000)/",24300,100,1748432,42687077100,300,false,1.25
"DTD",142503,"/Date(1700205903000)/",24300,1000,1748332,42684647100,300,false,1.25
"DTD",142453,"/Date(1700205893000)/",24300,400,1747332,42660347100,300,false,1.25
"DTD",142449,"/Date(1700205889000)/",24300,800,1746932,42650627100,300,false,1.25
"DTD",142417,"/Date(1700205857000)/",24200,400,1746132,42631187100,200,false,0.83
"DTD",142412,"/Date(1700205852000)/",24200,500,1745732,42621507100,200,false,0.83
"DTD",142402,"/Date(1700205842000)/",24200,5000,1745232,42609407100,200,false,0.83
"DTD",142401,"/Date(1700205841000)/",24200,5000,1740232,42488407100,200,false,0.83
"DTD",142346,"/Date(1700205826000)/",24200,1800,1735232,42367407100,200,false,0.83
"DTD",142307,"/Date(1700205787000)/",24100,700,1733432,42323847100,100,true,0.42
"DTD",142255,"/Date(1700205775000)/",24000,3600,1732732,42306977100,0,true,0
"DTD",142252,"/Date(1700205772000)/",24000,100,1729132,42220577100,0,false,0
"DTD",142251,"/Date(1700205771000)/",24000,100,1729032,42218177100,0,false,0
"DTD",142250,"/Date(1700205770000)/",24000,10000,1728932,42215777100,0,false,0
"DTD",142249,"/Date(1700205769000)/",24000,100,1718932,41975777100,0,false,0
"DTD",142248,"/Date(1700205768000)/",24000,1000,1718832,41973377100,0,false,0
"DTD",142247,"/Date(1700205767000)/",24000,5800,1717832,41949377100,0,false,0
"DTD",142242,"/Date(1700205762000)/",24000,200,1712032,41810177100,0,false,0
"DTD",142224,"/Date(1700205744000)/",24000,200,1711832,41805377100,0,false,0
"DTD",142134,"/Date(1700205694000)/",23900,100,1711632,41800577100,-100,true,-0.42
"DTD",142129,"/Date(1700205689000)/",23900,100,1711532,41798187100,-100,false,-0.42
"DTD",142128,"/Date(1700205688000)/",23900,100,1711432,41795797100,-100,false,-0.42
"DTD",142127,"/Date(1700205687000)/",23900,3200,1711332,41793407100,-100,false,-0.42
"DTD",142121,"/Date(1700205681000)/",23900,10000,1708132,41716927100,-100,true,-0.42
"DTD",142113,"/Date(1700205673000)/",23900,1000,1698132,41477927100,-100,true,-0.42
"DTD",142108,"/Date(1700205668000)/",23900,15000,1697132,41454027100,-100,true,-0.42
"DTD",142054,"/Date(1700205654000)/",23900,2600,1682132,41095527100,-100,false,-0.42
"DTD",142053,"/Date(1700205653000)/",23900,1000,1679532,41033387100,-100,false,-0.42
"DTD",142049,"/Date(1700205649000)/",23900,5000,1678532,41009487100,-100,false,-0.42
"DTD",142031,"/Date(1700205631000)/",23900,500,1673532,40889987100,-100,false,-0.42
"DTD",142030,"/Date(1700205630000)/",23800,3000,1673032,40878037100,-200,true,-0.83
"DTD",142023,"/Date(1700205623000)/",23900,1700,1670032,40806637100,-100,false,-0.42
"DTD",142018,"/Date(1700205618000)/",23900,1000,1668332,40766007100,-100,false,-0.42
"DTD",142011,"/Date(1700205611000)/",23900,100,1667332,40742107100,-100,false,-0.42
"DTD",142004,"/Date(1700205604000)/",23900,13600,1667232,40739717100,-100,false,-0.42
"DTD",142000,"/Date(1700205600000)/",24000,1000,1653632,40414647100,0,false,0
"DTD",141958,"/Date(1700205598000)/",24000,100,1652632,40390647100,0,false,0
"DTD",141939,"/Date(1700205579000)/",23900,100,1652532,40388247100,-100,true,-0.42
"DTD",141900,"/Date(1700205540000)/",23900,2000,1652432,40385857100,-100,true,-0.42
"DTD",141830,"/Date(1700205510000)/",23900,1000,1650432,40338057100,-100,true,-0.42
"DTD",141823,"/Date(1700205503000)/",24000,300,1649432,40314157100,0,false,0
"DTD",141822,"/Date(1700205502000)/",23900,2000,1649132,40306957100,-100,true,-0.42
"DTD",141809,"/Date(1700205489000)/",24000,100,1647132,40259157100,0,false,0
"DTD",141712,"/Date(1700205432000)/",23900,3000,1647032,40256757100,-100,true,-0.42
"DTD",141704,"/Date(1700205424000)/",23900,100,1644032,40185057100,-100,true,-0.42
"DTD",141614,"/Date(1700205374000)/",24000,200,1643932,40182667100,0,false,0
"DTD",141535,"/Date(1700205335000)/",24000,200,1643732,40177867100,0,false,0
"DTD",141523,"/Date(1700205323000)/",24000,1000,1643532,40173067100,0,false,0
"DTD",141522,"/Date(1700205322000)/",24000,500,1642532,40149067100,0,false,0
"DTD",141512,"/Date(1700205312000)/",24000,500,1642032,40137067100,0,false,0
"DTD",141509,"/Date(1700205309000)/",24000,800,1641532,40125067100,0,false,0
"DTD",141454,"/Date(1700205294000)/",24000,100,1640732,40105867100,0,false,0
"DTD",141444,"/Date(1700205284000)/",24000,1000,1640632,40103467100,0,false,0
"DTD",141421,"/Date(1700205261000)/",24000,5000,1639632,40079467100,0,false,0
"DTD",141411,"/Date(1700205251000)/",24000,2000,1634632,39959467100,0,false,0
"DTD",141350,"/Date(1700205230000)/",24000,1000,1632632,39911467100,0,false,0
"DTD",141324,"/Date(1700205204000)/",24000,1300,1631632,39887467100,0,false,0
"DTD",141234,"/Date(1700205154000)/",24000,200,1630332,39856267100,0,false,0
"DTD",141229,"/Date(1700205149000)/",24000,10000,1630132,39851467100,0,true,0
"DTD",141221,"/Date(1700205141000)/",24000,200,1620132,39611467100,0,true,0
"DTD",141216,"/Date(1700205136000)/",24000,200,1619932,39606667100,0,true,0
"DTD",141204,"/Date(1700205124000)/",24000,7000,1619732,39601867100,0,true,0
"DTD",141131,"/Date(1700205091000)/",24000,1800,1612732,39433867100,0,true,0
"DTD",141128,"/Date(1700205088000)/",24000,2800,1610932,39390667100,0,false,0
"DTD",141125,"/Date(1700205085000)/",24100,200,1608132,39323467100,100,false,0.42
"DTD",141116,"/Date(1700205076000)/",24000,10000,1607932,39318647100,0,true,0
"DTD",141110,"/Date(1700205070000)/",24000,4000,1597932,39078647100,0,true,0
"DTD",141103,"/Date(1700205063000)/",24100,200,1593932,38982647100,100,false,0.42
"DTD",141059,"/Date(1700205059000)/",24000,1500,1593732,38977827100,0,true,0
"DTD",141031,"/Date(1700205031000)/",24100,3000,1592232,38941827100,100,false,0.42
"DTD",141023,"/Date(1700205023000)/",24100,2000,1589232,38869527100,100,false,0.42
"DTD",140932,"/Date(1700204972000)/",24100,500,1587232,38821327100,100,false,0.42
"DTD",140902,"/Date(1700204942000)/",24100,4000,1586732,38809277100,100,false,0.42
"DTD",140852,"/Date(1700204932000)/",24100,3000,1582732,38712877100,100,false,0.42
"DTD",140844,"/Date(1700204924000)/",24100,1000,1579732,38640577100,100,false,0.42
"DTD",140826,"/Date(1700204906000)/",24100,500,1578732,38616477100,100,false,0.42
"DTD",140815,"/Date(1700204895000)/",24100,1000,1578232,38604427100,100,false,0.42
"DTD",140808,"/Date(1700204888000)/",24100,1000,1577232,38580327100,100,false,0.42
"DTD",140807,"/Date(1700204887000)/",24100,1900,1576232,38556227100,100,false,0.42
"DTD",140804,"/Date(1700204884000)/",24100,5000,1574332,38510437100,100,false,0.42
"DTD",140749,"/Date(1700204869000)/",24100,500,1569332,38389937100,100,false,0.42
"DTD",140735,"/Date(1700204855000)/",24100,500,1568832,38377887100,100,false,0.42
"DTD",140716,"/Date(1700204836000)/",24000,100,1568332,38365837100,0,true,0
"DTD",140708,"/Date(1700204828000)/",24000,600,1568232,38363437100,0,false,0
"DTD",140704,"/Date(1700204824000)/",24000,4400,1567632,38349037100,0,false,0
"DTD",140650,"/Date(1700204810000)/",24000,1000,1563232,38243437100,0,false,0
"DTD",140647,"/Date(1700204807000)/",24000,5000,1562232,38219437100,0,false,0
"DTD",140612,"/Date(1700204772000)/",23900,4400,1557232,38099437100,-100,false,-0.42
"DTD",140609,"/Date(1700204769000)/",23900,600,1552832,37994277100,-100,true,-0.42
"DTD",140605,"/Date(1700204765000)/",23900,5000,1552232,37979937100,-100,true,-0.42
"DTD",140551,"/Date(1700204751000)/",23900,600,1547232,37860437100,-100,true,-0.42
"DTD",140548,"/Date(1700204748000)/",23900,3500,1546632,37846097100,-100,false,-0.42
"DTD",140540,"/Date(1700204740000)/",23900,100,1543132,37762447100,-100,false,-0.42
"DTD",140539,"/Date(1700204739000)/",23900,73,1543032,37760057100,-100,false,-0.42
"DTD",140529,"/Date(1700204729000)/",23900,200,1542959,37758305100,-100,false,-0.42
"DTD",140528,"/Date(1700204728000)/",23900,500,1542759,37753525100,-100,false,-0.42
"DTD",140525,"/Date(1700204725000)/",23900,2000,1542259,37741575100,-100,false,-0.42
"DTD",140504,"/Date(1700204704000)/",23900,1000,1540259,37693775100,-100,false,-0.42
"DTD",140456,"/Date(1700204696000)/",23900,12200,1539259,37669875100,-100,true,-0.42
"DTD",140452,"/Date(1700204692000)/",23900,800,1527059,37378295100,-100,true,-0.42
"DTD",140433,"/Date(1700204673000)/",23900,90,1526259,37359175100,-100,true,-0.42
"DTD",140432,"/Date(1700204672000)/",23900,100,1526169,37357015100,-100,true,-0.42
"DTD",140428,"/Date(1700204668000)/",23900,2600,1526069,37354625100,-100,true,-0.42
"DTD",140425,"/Date(1700204665000)/",23900,5100,1523469,37292485100,-100,false,-0.42
"DTD",140414,"/Date(1700204654000)/",23800,90,1518369,37170595100,-200,true,-0.83
"DTD",140358,"/Date(1700204638000)/",23800,3200,1518279,37168428200,-200,true,-0.83
"DTD",140357,"/Date(1700204637000)/",23900,90,1515079,37092268200,-100,false,-0.42
"DTD",140342,"/Date(1700204622000)/",23900,44900,1514989,37090099200,-100,false,-0.42
"DTD",140335,"/Date(1700204615000)/",24000,10000,1470089,36016909200,0,true,0
"DTD",140331,"/Date(1700204611000)/",24000,2000,1460089,35776909200,0,true,0
"DTD",140302,"/Date(1700204582000)/",24100,1000,1458089,35728909200,100,false,0.42
"DTD",140232,"/Date(1700204552000)/",24200,25,1457089,35704809200,200,false,0.83
"DTD",140201,"/Date(1700204520000)/",24200,90,1457064,35704201700,200,false,0.83
"DTD",140148,"/Date(1700204507000)/",24200,1500,1456974,35702009200,200,false,0.83
"DTD",140102,"/Date(1700204461000)/",24200,100,1455474,35665709200,200,false,0.83
"DTD",140051,"/Date(1700204450000)/",24200,500,1455374,35663289200,200,false,0.83
"DTD",140043,"/Date(1700204442000)/",24200,1000,1454874,35651189200,200,true,0.83
"DTD",140034,"/Date(1700204433000)/",24300,100,1453874,35626989200,300,false,1.25
"DTD",135950,"/Date(1700204389000)/",24200,1000,1453774,35624559200,200,true,0.83
"DTD",135939,"/Date(1700204379000)/",24200,2000,1452774,35600359200,200,true,0.83
"DTD",135938,"/Date(1700204378000)/",24300,2600,1450774,35551959200,300,false,1.25
"DTD",135929,"/Date(1700204369000)/",24200,1000,1448174,35488779200,200,true,0.83
"DTD",135749,"/Date(1700204269000)/",24300,5000,1447174,35464579200,300,false,1.25
"DTD",135749,"/Date(1700204268000)/",24300,100,1442174,35343079200,300,false,1.25
"DTD",135744,"/Date(1700204264000)/",24300,100,1442074,35340649200,300,false,1.25
"DTD",135741,"/Date(1700204261000)/",24300,100,1441974,35338219200,300,false,1.25
"DTD",135729,"/Date(1700204249000)/",24300,2600,1441874,35335789200,300,true,1.25
"DTD",135728,"/Date(1700204248000)/",24400,500,1439274,35272609200,400,false,1.67
"DTD",135700,"/Date(1700204220000)/",24400,3000,1438774,35260409200,400,false,1.67
"DTD",135635,"/Date(1700204195000)/",24300,1100,1435774,35187209200,300,false,1.25
"DTD",135622,"/Date(1700204182000)/",24200,1000,1434674,35160479200,200,true,0.83
"DTD",135614,"/Date(1700204174000)/",24300,500,1433674,35136279200,300,false,1.25
"DTD",135556,"/Date(1700204156000)/",24200,3200,1433174,35124129200,200,false,0.83
"DTD",135554,"/Date(1700204154000)/",24200,1500,1429974,35046689200,200,false,0.83
"DTD",135553,"/Date(1700204153000)/",24200,3000,1428474,35010389200,200,false,0.83
"DTD",135547,"/Date(1700204147000)/",24200,8000,1425474,34937789200,200,false,0.83
"DTD",135536,"/Date(1700204136000)/",24200,200,1417474,34744189200,200,false,0.83
"DTD",135533,"/Date(1700204133000)/",24200,500,1417274,34739349200,200,false,0.83
"DTD",135532,"/Date(1700204132000)/",24200,10000,1416774,34727249200,200,false,0.83
"DTD",135527,"/Date(1700204127000)/",24200,500,1406774,34485249200,200,false,0.83
"DTD",135509,"/Date(1700204109000)/",24100,500,1406274,34473149200,100,true,0.42
"DTD",135456,"/Date(1700204096000)/",24100,400,1405774,34461099200,100,true,0.42
"DTD",135445,"/Date(1700204085000)/",24100,2000,1405374,34451459200,100,false,0.42
"DTD",135441,"/Date(1700204081000)/",24100,1000,1403374,34403259200,100,false,0.42
"DTD",135432,"/Date(1700204072000)/",24100,7000,1402374,34379159200,100,false,0.42
"DTD",135425,"/Date(1700204065000)/",24100,1400,1395374,34210459200,100,false,0.42
"DTD",135421,"/Date(1700204061000)/",24000,300,1393974,34176719200,0,true,0
"DTD",135418,"/Date(1700204058000)/",24000,1000,1393674,34169519200,0,true,0
"DTD",135358,"/Date(1700204038000)/",24000,700,1392674,34145519200,0,true,0
"DTD",135352,"/Date(1700204032000)/",24000,1600,1391974,34128719200,0,false,0
"DTD",135345,"/Date(1700204025000)/",23900,1600,1390374,34090319200,-100,true,-0.42
"DTD",135336,"/Date(1700204016000)/",24000,1000,1388774,34052079200,0,false,0
"DTD",135331,"/Date(1700204011000)/",24000,500,1387774,34028079200,0,false,0
"DTD",135327,"/Date(1700204007000)/",24000,1000,1387274,34016079200,0,false,0
"DTD",135316,"/Date(1700203996000)/",24000,4100,1386274,33992079200,0,false,0
"DTD",135311,"/Date(1700203991000)/",24000,200,1382174,33893679200,0,true,0
"DTD",135304,"/Date(1700203984000)/",24000,1000,1381974,33888879200,0,true,0
"DTD",135300,"/Date(1700203980000)/",24000,8700,1380974,33864879200,0,false,0
"DTD",135259,"/Date(1700203979000)/",23900,500,1372274,33656079200,-100,true,-0.42
"DTD",135258,"/Date(1700203978000)/",23900,5800,1371774,33644129200,-100,true,-0.42
"DTD",135227,"/Date(1700203947000)/",23900,100,1365974,33505509200,-100,true,-0.42
"DTD",135222,"/Date(1700203942000)/",23900,500,1365874,33503119200,-100,true,-0.42
"DTD",135218,"/Date(1700203938000)/",23900,200,1365374,33491169200,-100,true,-0.42
"DTD",135212,"/Date(1700203932000)/",23900,3000,1365174,33486389200,-100,true,-0.42
"DTD",135204,"/Date(1700203924000)/",23900,1000,1362174,33414689200,-100,true,-0.42
"DTD",135159,"/Date(1700203919000)/",23900,4000,1361174,33390789200,-100,true,-0.42
"DTD",135137,"/Date(1700203897000)/",23900,500,1357174,33295189200,-100,true,-0.42
"DTD",135118,"/Date(1700203878000)/",23900,3800,1356674,33283239200,-100,true,-0.42
"DTD",135108,"/Date(1700203868000)/",23800,100,1352874,33192419200,-200,true,-0.83
"DTD",135053,"/Date(1700203853000)/",23700,1900,1352774,33190039200,-300,true,-1.25
"DTD",135044,"/Date(1700203844000)/",23900,14700,1350874,33145009200,-100,false,-0.42
"DTD",135032,"/Date(1700203832000)/",23900,15400,1336174,32793679200,-100,true,-0.42
"DTD",135020,"/Date(1700203820000)/",23800,7400,1320774,32426979200,-200,true,-0.83
"DTD",135007,"/Date(1700203807000)/",23900,9500,1313374,32250859200,-100,false,-0.42
"DTD",134959,"/Date(1700203799000)/",23900,300,1303874,32023809200,-100,true,-0.42
"DTD",134951,"/Date(1700203791000)/",24000,300,1303574,32016639200,0,false,0
"DTD",134938,"/Date(1700203778000)/",24000,10000,1303274,32009439200,0,false,0
"DTD",134929,"/Date(1700203769000)/",24000,16500,1293274,31769439200,0,false,0
"DTD",134926,"/Date(1700203766000)/",24000,1500,1276774,31373439200,0,true,0
"DTD",134923,"/Date(1700203763000)/",24000,5200,1275274,31337439200,0,true,0
"DTD",134921,"/Date(1700203761000)/",24000,2000,1270074,31212639200,0,true,0
"DTD",134918,"/Date(1700203758000)/",24000,13100,1268074,31164639200,0,true,0
"DTD",134911,"/Date(1700203751000)/",24000,15000,1254974,30850239200,0,true,0
"DTD",134846,"/Date(1700203726000)/",24100,500,1239974,30490239200,100,false,0.42
"DTD",134824,"/Date(1700203704000)/",24100,500,1239474,30478189200,100,false,0.42
"DTD",134809,"/Date(1700203689000)/",24100,700,1238974,30466139200,100,false,0.42
"DTD",134807,"/Date(1700203687000)/",24100,2000,1238274,30449269200,100,true,0.42
"DTD",134801,"/Date(1700203681000)/",24100,10000,1236274,30401069200,100,true,0.42
"DTD",134800,"/Date(1700203680000)/",24100,1000,1226274,30160069200,100,true,0.42
"DTD",134737,"/Date(1700203657000)/",24200,300,1225274,30135969200,200,false,0.83
"DTD",134736,"/Date(1700203656000)/",24100,200,1224974,30128709200,100,true,0.42
"DTD",134656,"/Date(1700203616000)/",24200,100,1224774,30123889200,200,false,0.83
"DTD",134648,"/Date(1700203608000)/",24200,200,1224674,30121469200,200,false,0.83
"DTD",134632,"/Date(1700203592000)/",24200,1000,1224474,30116629200,200,false,0.83
"DTD",134611,"/Date(1700203571000)/",24200,500,1223474,30092429200,200,false,0.83
"DTD",134547,"/Date(1700203547000)/",24200,1000,1222974,30080329200,200,false,0.83
"DTD",134454,"/Date(1700203494000)/",24200,100,1221974,30056129200,200,false,0.83
"DTD",134453,"/Date(1700203493000)/",24200,200,1221874,30053709200,200,false,0.83
"DTD",134438,"/Date(1700203478000)/",24200,2000,1221674,30048869200,200,false,0.83
"DTD",134426,"/Date(1700203466000)/",24100,3000,1219674,30000469200,100,true,0.42
"DTD",134415,"/Date(1700203455000)/",24200,200,1216674,29928169200,200,false,0.83
"DTD",134412,"/Date(1700203452000)/",24200,3000,1216474,29923329200,200,false,0.83
"DTD",134355,"/Date(1700203435000)/",24200,900,1213474,29850729200,200,false,0.83
"DTD",134348,"/Date(1700203428000)/",24200,1000,1212574,29828949200,200,true,0.83
"DTD",134339,"/Date(1700203419000)/",24200,200,1211574,29804749200,200,true,0.83
"DTD",134256,"/Date(1700203376000)/",24200,5000,1211374,29799909200,200,true,0.83
"DTD",134253,"/Date(1700203373000)/",24200,1500,1206374,29678909200,200,true,0.83
"DTD",134240,"/Date(1700203360000)/",24300,1000,1204874,29642609200,300,false,1.25
"DTD",134234,"/Date(1700203354000)/",24300,200,1203874,29618309200,300,false,1.25
"DTD",134211,"/Date(1700203331000)/",24300,1500,1203674,29613449200,300,false,1.25
"DTD",134135,"/Date(1700203294000)/",24300,1000,1202174,29576999200,300,false,1.25
"DTD",134115,"/Date(1700203275000)/",24300,300,1201174,29552699200,300,false,1.25
"DTD",134107,"/Date(1700203266000)/",24300,4200,1200874,29545409200,300,false,1.25
"DTD",134102,"/Date(1700203262000)/",24300,1000,1196674,29443349200,300,false,1.25
"DTD",134054,"/Date(1700203253000)/",24200,100,1195674,29419049200,200,true,0.83
"DTD",134041,"/Date(1700203240000)/",24200,1000,1195574,29416629200,200,true,0.83
"DTD",134025,"/Date(1700203224000)/",24200,1000,1194574,29392429200,200,true,0.83
"DTD",134003,"/Date(1700203203000)/",24200,100,1193574,29368229200,200,true,0.83
"DTD",133949,"/Date(1700203189000)/",24200,3000,1193474,29365809200,200,true,0.83
"DTD",133928,"/Date(1700203167000)/",24200,100,1190474,29293209200,200,true,0.83
"DTD",133919,"/Date(1700203159000)/",24200,8600,1190374,29290789200,200,false,0.83
"DTD",133909,"/Date(1700203149000)/",24200,900,1181774,29082669200,200,false,0.83
"DTD",133858,"/Date(1700203138000)/",24200,37,1180874,29060889200,200,false,0.83
"DTD",133825,"/Date(1700203105000)/",24200,100,1180837,29059986400,200,false,0.83
"DTD",133759,"/Date(1700203079000)/",24200,200,1180737,29057566400,200,false,0.83
"DTD",133757,"/Date(1700203076000)/",24100,100,1180537,29052726400,100,true,0.42
"DTD",133735,"/Date(1700203054000)/",24200,900,1180437,29050316400,200,false,0.83
"DTD",133708,"/Date(1700203027000)/",24100,2300,1179537,29028536400,100,false,0.42
"DTD",133658,"/Date(1700203018000)/",24100,1000,1177237,28973106400,100,false,0.42
"DTD",133656,"/Date(1700203016000)/",24100,500,1176237,28949006400,100,false,0.42
"DTD",133637,"/Date(1700202997000)/",24100,200,1175737,28936956400,100,false,0.42
"DTD",133617,"/Date(1700202977000)/",24100,2500,1175537,28932136400,100,false,0.42
"DTD",133615,"/Date(1700202975000)/",24000,2000,1173037,28871886400,0,true,0
"DTD",133541,"/Date(1700202941000)/",24100,200,1171037,28823886400,100,false,0.42
"DTD",133527,"/Date(1700202927000)/",24100,1300,1170837,28819066400,100,false,0.42
"DTD",133501,"/Date(1700202901000)/",24100,3000,1169537,28787736400,100,true,0.42
"DTD",133425,"/Date(1700202865000)/",24200,1400,1166537,28715436400,200,false,0.83
"DTD",133419,"/Date(1700202859000)/",24200,100,1165137,28681556400,200,true,0.83
"DTD",133348,"/Date(1700202828000)/",24200,500,1165037,28679136400,200,true,0.83
"DTD",133321,"/Date(1700202801000)/",24200,1000,1164537,28667036400,200,true,0.83
"DTD",133224,"/Date(1700202744000)/",24300,200,1163537,28642836400,300,false,1.25
"DTD",133206,"/Date(1700202726000)/",24200,3300,1163337,28637976400,200,true,0.83
"DTD",133159,"/Date(1700202719000)/",24300,1000,1160037,28558116400,300,false,1.25
"DTD",133151,"/Date(1700202711000)/",24300,500,1159037,28533816400,300,false,1.25
"DTD",133133,"/Date(1700202693000)/",24300,100,1158537,28521666400,300,false,1.25
"DTD",133102,"/Date(1700202662000)/",24300,1000,1158437,28519236400,300,false,1.25
"DTD",133101,"/Date(1700202661000)/",24300,1000,1157437,28494936400,300,false,1.25
"DTD",133047,"/Date(1700202647000)/",24300,200,1156437,28470636400,300,false,1.25
"DTD",133045,"/Date(1700202645000)/",24300,4000,1156237,28465776400,300,false,1.25
"DTD",133041,"/Date(1700202641000)/",24200,2000,1152237,28368576400,200,true,0.83
"DTD",133029,"/Date(1700202629000)/",24300,400,1150237,28320176400,300,false,1.25
"DTD",133023,"/Date(1700202623000)/",24300,2800,1149837,28310456400,300,false,1.25
"DTD",133001,"/Date(1700202601000)/",24300,1700,1147037,28242416400,300,false,1.25
"DTD",132942,"/Date(1700202582000)/",24300,400,1145337,28201106400,300,false,1.25
"DTD",132914,"/Date(1700202554000)/",24300,1000,1144937,28191386400,300,false,1.25
"DTD",132907,"/Date(1700202547000)/",24200,3000,1143937,28167086400,200,true,0.83
"DTD",132822,"/Date(1700202502000)/",24200,5000,1140937,28094486400,200,true,0.83
"DTD",132807,"/Date(1700202487000)/",24200,700,1135937,27973486400,200,true,0.83
"DTD",132759,"/Date(1700202479000)/",24200,1078,1135237,27956546400,200,true,0.83
"DTD",132757,"/Date(1700202477000)/",24200,3300,1134159,27930458800,200,true,0.83
"DTD",132756,"/Date(1700202476000)/",24200,1000,1130859,27850598800,200,false,0.83
"DTD",132753,"/Date(1700202473000)/",24200,5000,1129859,27826398800,200,false,0.83
"DTD",132745,"/Date(1700202465000)/",24100,12,1124859,27705398800,100,true,0.42
"DTD",132736,"/Date(1700202456000)/",24100,1000,1124847,27705105800,100,true,0.42
"DTD",132735,"/Date(1700202455000)/",24100,1200,1123847,27681005800,100,false,0.42
"DTD",132734,"/Date(1700202454000)/",24100,2000,1122647,27652085800,100,false,0.42
"DTD",132730,"/Date(1700202450000)/",24000,2000,1120647,27603885800,0,true,0
"DTD",132725,"/Date(1700202445000)/",24100,5000,1118647,27555885800,100,false,0.42
"DTD",132722,"/Date(1700202442000)/",24100,2000,1113647,27435385800,100,false,0.42
"DTD",132642,"/Date(1700202402000)/",24000,600,1111647,27387185800,0,true,0
"DTD",132640,"/Date(1700202400000)/",24000,1000,1111047,27372785800,0,true,0
"DTD",132634,"/Date(1700202394000)/",24000,100,1110047,27348785800,0,true,0
"DTD",132625,"/Date(1700202385000)/",24000,600,1109947,27346385800,0,true,0
"DTD",132606,"/Date(1700202366000)/",23900,200,1109347,27331985800,-100,true,-0.42
"DTD",132600,"/Date(1700202360000)/",24000,3400,1109147,27327205800,0,false,0
"DTD",132552,"/Date(1700202352000)/",23900,300,1105747,27245895800,-100,true,-0.42
"DTD",132544,"/Date(1700202344000)/",24000,3900,1105447,27238725800,0,false,0
"DTD",132542,"/Date(1700202342000)/",24000,2500,1101547,27145125800,0,true,0
"DTD",132537,"/Date(1700202337000)/",24000,1000,1099047,27085125800,0,true,0
"DTD",132531,"/Date(1700202331000)/",24000,3000,1098047,27061125800,0,true,0
"DTD",132527,"/Date(1700202327000)/",24000,1000,1095047,26989125800,0,true,0
"DTD",132522,"/Date(1700202322000)/",24000,20000,1094047,26965125800,0,true,0
"DTD",132518,"/Date(1700202318000)/",24000,2500,1074047,26485125800,0,true,0
"DTD",132514,"/Date(1700202314000)/",24000,1100,1071547,26425125800,0,true,0
"DTD",132512,"/Date(1700202312000)/",24000,2200,1070447,26398715800,0,true,0
"DTD",132509,"/Date(1700202309000)/",24100,4000,1068247,26345915800,100,false,0.42
"DTD",132506,"/Date(1700202306000)/",24000,1000,1064247,26249515800,0,true,0
"DTD",132455,"/Date(1700202295000)/",24100,700,1063247,26225515800,100,true,0.42
"DTD",132427,"/Date(1700202267000)/",24100,500,1062547,26208645800,100,true,0.42
"DTD",132424,"/Date(1700202264000)/",24200,5500,1062047,26196595800,200,false,0.83
"DTD",132423,"/Date(1700202263000)/",24100,500,1056547,26063995800,100,true,0.42
"DTD",132417,"/Date(1700202257000)/",24200,4700,1056047,26051945800,200,true,0.83
"DTD",132416,"/Date(1700202256000)/",24200,3000,1051347,25938205800,200,true,0.83
"DTD",132409,"/Date(1700202249000)/",24200,500,1048347,25865605800,200,true,0.83
"DTD",132355,"/Date(1700202235000)/",24300,3000,1047847,25853505800,300,false,1.25
"DTD",132354,"/Date(1700202234000)/",24300,7500,1044847,25780605800,300,true,1.25
"DTD",132353,"/Date(1700202233000)/",24300,11600,1037347,25598355800,300,true,1.25
"DTD",132352,"/Date(1700202232000)/",24300,500,1025747,25316475800,300,true,1.25
"DTD",132350,"/Date(1700202230000)/",24300,10000,1025247,25304325800,300,true,1.25
"DTD",132336,"/Date(1700202216000)/",24300,25,1015247,25061325800,300,true,1.25
"DTD",132329,"/Date(1700202209000)/",24300,2000,1015222,25060713300,300,true,1.25
"DTD",132317,"/Date(1700202197000)/",24300,2000,1013222,25012113300,300,true,1.25
"DTD",132242,"/Date(1700202162000)/",24300,100,1011222,24963513300,300,true,1.25
"DTD",132226,"/Date(1700202146000)/",24300,5000,1011122,24961083300,300,true,1.25
"DTD",132224,"/Date(1700202144000)/",24300,1500,1006122,24839583300,300,true,1.25
"DTD",132159,"/Date(1700202119000)/",24400,2800,1004622,24803133300,400,false,1.67
"DTD",132121,"/Date(1700202081000)/",24400,5000,1001822,24734813300,400,true,1.67
"DTD",132107,"/Date(1700202067000)/",24500,300,996822,24612813300,500,false,2.08
"DTD",132056,"/Date(1700202056000)/",24400,4000,996522,24605463300,400,true,1.67
"DTD",132020,"/Date(1700202020000)/",24400,9000,992522,24507863300,400,true,1.67
"DTD",132005,"/Date(1700202005000)/",24500,1000,983522,24288163300,500,false,2.08
"DTD",131956,"/Date(1700201996000)/",24500,2000,982522,24263663300,500,false,2.08
"DTD",131932,"/Date(1700201972000)/",24500,5000,980522,24214663300,500,false,2.08
"DTD",131922,"/Date(1700201962000)/",24500,1000,975522,24092163300,500,false,2.08
"DTD",131919,"/Date(1700201959000)/",24500,100,974522,24067663300,500,false,2.08
"DTD",131845,"/Date(1700201925000)/",24500,10000,974422,24065213300,500,false,2.08
"DTD",131840,"/Date(1700201920000)/",24500,100,964422,23820213300,500,false,2.08
"DTD",131831,"/Date(1700201911000)/",24500,200,964322,23817763300,500,false,2.08
"DTD",131756,"/Date(1700201876000)/",24500,700,964122,23812863300,500,false,2.08
"DTD",131543,"/Date(1700201742000)/",24400,5000,963422,23795713300,400,true,1.67
"DTD",131450,"/Date(1700201690000)/",24500,400,958422,23673713300,500,false,2.08
"DTD",131448,"/Date(1700201688000)/",24400,500,958022,23663913300,400,true,1.67
"DTD",131433,"/Date(1700201672000)/",24500,1000,957522,23651713300,500,false,2.08
"DTD",131335,"/Date(1700201615000)/",24500,100,956522,23627213300,500,true,2.08
"DTD",131332,"/Date(1700201612000)/",24500,200,956422,23624763300,500,true,2.08
"DTD",131327,"/Date(1700201607000)/",24500,700,956222,23619863300,500,false,2.08
"DTD",131323,"/Date(1700201603000)/",24500,5000,955522,23602713300,500,false,2.08
"DTD",131304,"/Date(1700201583000)/",24500,2000,950522,23480213300,500,false,2.08
"DTD",131155,"/Date(1700201515000)/",24500,100,948522,23431213300,500,true,2.08
"DTD",131104,"/Date(1700201464000)/",24500,300,948422,23428763300,500,false,2.08
"DTD",131028,"/Date(1700201428000)/",24500,1100,948122,23421413300,500,false,2.08
"DTD",131012,"/Date(1700201412000)/",24400,900,947022,23394463300,400,true,1.67
"DTD",130850,"/Date(1700201330000)/",24400,1000,946122,23372503300,400,true,1.67
"DTD",130816,"/Date(1700201296000)/",24400,1000,945122,23348103300,400,true,1.67
"DTD",130750,"/Date(1700201270000)/",24400,2400,944122,23323703300,400,true,1.67
"DTD",130730,"/Date(1700201250000)/",24400,1000,941722,23265143300,400,false,1.67
"DTD",130722,"/Date(1700201242000)/",24400,1000,940722,23240743300,400,false,1.67
"DTD",130719,"/Date(1700201239000)/",24400,800,939722,23216343300,400,false,1.67
"DTD",130700,"/Date(1700201220000)/",24400,2200,938922,23196823300,400,true,1.67
"DTD",130657,"/Date(1700201217000)/",24400,600,936722,23143143300,400,false,1.67
"DTD",130649,"/Date(1700201209000)/",24400,400,936122,23128503300,400,true,1.67
"DTD",130602,"/Date(1700201162000)/",24400,1018,935722,23118743300,400,false,1.67
"DTD",130600,"/Date(1700201160000)/",24400,500,934704,23093902300,400,false,1.67
"DTD",130554,"/Date(1700201154000)/",24400,100,934204,23081702300,400,false,1.67
"DTD",130547,"/Date(1700201147000)/",24400,100,934104,23079262300,400,false,1.67
"DTD",130541,"/Date(1700201141000)/",24400,2300,934004,23076822300,400,false,1.67
"DTD",130536,"/Date(1700201136000)/",24400,3000,931704,23020702300,400,true,1.67
"DTD",130535,"/Date(1700201135000)/",24400,2000,928704,22947502300,400,true,1.67
"DTD",130527,"/Date(1700201127000)/",24400,100,926704,22898702300,400,true,1.67
"DTD",130522,"/Date(1700201122000)/",24400,1400,926604,22896262300,400,false,1.67
"DTD",130516,"/Date(1700201116000)/",24400,500,925204,22862102300,400,false,1.67
"DTD",130513,"/Date(1700201113000)/",24300,1000,924704,22849902300,300,true,1.25
"DTD",130509,"/Date(1700201109000)/",24300,100,923704,22825602300,300,true,1.25
"DTD",130508,"/Date(1700201108000)/",24300,200,923604,22823172300,300,true,1.25
"DTD",130457,"/Date(1700201097000)/",24400,100,923404,22818312300,400,false,1.67
"DTD",130442,"/Date(1700201082000)/",24400,100,923304,22815872300,400,false,1.67
"DTD",130438,"/Date(1700201078000)/",24400,4300,923204,22813432300,400,true,1.67
"DTD",130436,"/Date(1700201076000)/",24400,100,918904,22708512300,400,true,1.67
"DTD",130433,"/Date(1700201073000)/",24400,100,918804,22706072300,400,true,1.67
"DTD",130320,"/Date(1700201000000)/",24400,200,918704,22703632300,400,true,1.67
"DTD",130310,"/Date(1700200990000)/",24500,5000,918504,22698752300,500,false,2.08
"DTD",130303,"/Date(1700200983000)/",24400,200,913504,22576252300,400,true,1.67
"DTD",130244,"/Date(1700200964000)/",24500,100,913304,22571372300,500,false,2.08
"DTD",130221,"/Date(1700200941000)/",24600,9700,913204,22568922300,600,false,2.5
"DTD",130149,"/Date(1700200909000)/",24500,500,903504,22330652300,500,false,2.08
"DTD",130145,"/Date(1700200905000)/",24400,3300,903004,22318402300,400,false,1.67
"DTD",130116,"/Date(1700200876000)/",24400,1000,899704,22237882300,400,true,1.67
"DTD",130115,"/Date(1700200875000)/",24400,200,898704,22213482300,400,true,1.67
"DTD",130112,"/Date(1700200872000)/",24400,1800,898504,22208602300,400,false,1.67
"DTD",130107,"/Date(1700200867000)/",24400,1200,896704,22164682300,400,true,1.67
"DTD",130054,"/Date(1700200854000)/",24400,4000,895504,22135402300,400,true,1.67
"DTD",130043,"/Date(1700200813000)/",24400,900,891504,22037802300,400,true,1.67
"DTD",130038,"/Date(1700200809000)/",24500,8700,890604,22015842300,500,false,2.08
"DTD",130035,"/Date(1700200808000)/",24500,3200,881904,21802992300,500,false,2.08
"DTD",130033,"/Date(1700200807000)/",24500,400,878704,21724592300,500,false,2.08
"DTD",130031,"/Date(1700200806000)/",24500,200,878304,21714792300,500,true,2.08
"DTD",130025,"/Date(1700200804000)/",24600,10000,878104,21709892300,600,false,2.5
"DTD",130018,"/Date(1700200803000)/",24500,13100,868104,21464622300,500,true,2.08
"DTD",112959,"/Date(1700195398000)/",24600,1000,855004,21143672300,600,false,2.5
"DTD",112755,"/Date(1700195275000)/",24600,200,854004,21119072300,600,true,2.5
"DTD",112730,"/Date(1700195250000)/",24600,1600,853804,21114152300,600,true,2.5
"DTD",112621,"/Date(1700195181000)/",24600,3000,852204,21074792300,600,true,2.5
"DTD",112533,"/Date(1700195133000)/",24600,500,849204,21000992300,600,true,2.5
"DTD",112501,"/Date(1700195101000)/",24600,3000,848704,20988692300,600,true,2.5
"DTD",112436,"/Date(1700195076000)/",24600,10000,845704,20914892300,600,true,2.5
"DTD",112258,"/Date(1700194978000)/",24600,300,835704,20668892300,600,true,2.5
"DTD",111930,"/Date(1700194770000)/",24600,300,835404,20661512300,600,true,2.5
"DTD",111847,"/Date(1700194727000)/",24700,100,835104,20654132300,700,false,2.92
"DTD",111731,"/Date(1700194651000)/",24600,500,835004,20651662300,600,true,2.5
"DTD",111313,"/Date(1700194393000)/",24700,3000,834504,20639362300,700,false,2.92
"DTD",111205,"/Date(1700194325000)/",24600,15000,831504,20565262300,600,true,2.5
"DTD",110855,"/Date(1700194135000)/",24600,1000,816504,20196262300,600,true,2.5
"DTD",110630,"/Date(1700193990000)/",24700,100,815504,20171662300,700,false,2.92
"DTD",110554,"/Date(1700193954000)/",24700,1000,815404,20169192300,700,true,2.92
"DTD",110518,"/Date(1700193918000)/",24700,500,814404,20144492300,700,true,2.92
"DTD",110445,"/Date(1700193885000)/",24700,100,813904,20132142300,700,true,2.92
"DTD",110434,"/Date(1700193874000)/",24700,7000,813804,20129672300,700,true,2.92
"DTD",110409,"/Date(1700193849000)/",24700,8100,806804,19956772300,700,true,2.92
"DTD",110336,"/Date(1700193816000)/",24700,200,798704,19756702300,700,true,2.92
"DTD",110259,"/Date(1700193779000)/",24700,5000,798504,19751762300,700,true,2.92
"DTD",110227,"/Date(1700193747000)/",24700,3000,793504,19628262300,700,true,2.92
"DTD",110105,"/Date(1700193664000)/",24700,1000,790504,19554162300,700,true,2.92
"DTD",105905,"/Date(1700193544000)/",24800,2500,789504,19529462300,800,false,3.33
"DTD",105848,"/Date(1700193527000)/",24800,300,787004,19467462300,800,false,3.33
"DTD",105828,"/Date(1700193507000)/",24800,1000,786704,19460022300,800,false,3.33
"DTD",105708,"/Date(1700193427000)/",24800,100,785704,19435222300,800,false,3.33
"DTD",105650,"/Date(1700193409000)/",24800,2500,785604,19432742300,800,false,3.33
"DTD",105226,"/Date(1700193146000)/",24800,2,783104,19370742300,800,false,3.33
"DTD",105018,"/Date(1700193018000)/",24800,500,783102,19370692300,800,false,3.33
"DTD",104950,"/Date(1700192990000)/",24800,800,782602,19358292300,800,false,3.33
"DTD",104931,"/Date(1700192971000)/",24800,100,781802,19338452300,800,true,3.33
"DTD",104814,"/Date(1700192894000)/",24800,1000,781702,19335972300,800,true,3.33
"DTD",104712,"/Date(1700192832000)/",24800,400,780702,19311172300,800,false,3.33
"DTD",104700,"/Date(1700192820000)/",24800,600,780302,19301252300,800,false,3.33
"DTD",104656,"/Date(1700192816000)/",24800,100,779702,19286372300,800,true,3.33
"DTD",104617,"/Date(1700192777000)/",24900,200,779602,19283892300,900,false,3.75
"DTD",104554,"/Date(1700192754000)/",24900,500,779402,19278912300,900,false,3.75
"DTD",104534,"/Date(1700192734000)/",24900,300,778902,19266462300,900,false,3.75
"DTD",104315,"/Date(1700192595000)/",24900,2000,778602,19258992300,900,false,3.75
"DTD",104302,"/Date(1700192582000)/",24900,100,776602,19209192300,900,false,3.75
"DTD",104247,"/Date(1700192567000)/",24800,400,776502,19206702300,800,false,3.33
"DTD",104241,"/Date(1700192561000)/",24800,500,776102,19196782300,800,false,3.33
"DTD",104211,"/Date(1700192531000)/",24800,2000,775602,19184382300,800,false,3.33
"DTD",104152,"/Date(1700192512000)/",24800,100,773602,19134782300,800,false,3.33
"DTD",104145,"/Date(1700192505000)/",24800,34,773502,19132302300,800,false,3.33
"DTD",104114,"/Date(1700192474000)/",24800,1500,773468,19131459100,800,false,3.33
"DTD",104106,"/Date(1700192466000)/",24800,500,771968,19094259100,800,false,3.33
"DTD",104047,"/Date(1700192447000)/",24800,2000,771468,19081859100,800,false,3.33
"DTD",104036,"/Date(1700192436000)/",24800,5000,769468,19032259100,800,false,3.33
"DTD",104015,"/Date(1700192415000)/",24800,7000,764468,18908259100,800,false,3.33
"DTD",103921,"/Date(1700192361000)/",24700,1000,757468,18734659100,700,true,2.92
"DTD",103618,"/Date(1700192178000)/",24700,100,756468,18709959100,700,true,2.92
"DTD",103533,"/Date(1700192133000)/",24700,100,756368,18707489100,700,true,2.92
"DTD",103350,"/Date(1700192030000)/",24700,4300,756268,18705019100,700,false,2.92
"DTD",103340,"/Date(1700192020000)/",24700,300,751968,18598809100,700,false,2.92
"DTD",103324,"/Date(1700192004000)/",24700,5000,751668,18591399100,700,false,2.92
"DTD",103014,"/Date(1700191814000)/",24600,100,746668,18467899100,600,true,2.5
"DTD",103006,"/Date(1700191806000)/",24700,4000,746568,18465439100,700,false,2.92
"DTD",102943,"/Date(1700191783000)/",24700,4800,742568,18366639100,700,false,2.92
"DTD",102816,"/Date(1700191696000)/",24700,5000,737768,18248079100,700,false,2.92
"DTD",102811,"/Date(1700191691000)/",24700,4800,732768,18124579100,700,false,2.92
"DTD",102738,"/Date(1700191658000)/",24600,200,727968,18006019100,600,true,2.5
"DTD",102643,"/Date(1700191603000)/",24600,15,727768,18001099100,600,true,2.5
"DTD",102633,"/Date(1700191593000)/",24600,700,727753,18000727100,600,true,2.5
"DTD",102532,"/Date(1700191532000)/",24600,100,727053,17983507100,600,true,2.5
"DTD",102414,"/Date(1700191454000)/",24600,1000,726953,17981047100,600,true,2.5
"DTD",102340,"/Date(1700191420000)/",24700,3800,725953,17956447100,700,true,2.92
"DTD",102247,"/Date(1700191367000)/",24700,700,722153,17862587100,700,true,2.92
"DTD",102202,"/Date(1700191321000)/",24700,1000,721453,17845297100,700,true,2.92
"DTD",102151,"/Date(1700191310000)/",24700,500,720453,17820597100,700,true,2.92
"DTD",102142,"/Date(1700191301000)/",24700,14800,719953,17808247100,700,true,2.92
"DTD",102003,"/Date(1700191202000)/",24700,200,705153,17442687100,700,true,2.92
"DTD",101934,"/Date(1700191173000)/",24800,100,704953,17437747100,800,false,3.33
"DTD",101803,"/Date(1700191082000)/",24800,500,704853,17435267100,800,false,3.33
"DTD",101702,"/Date(1700191021000)/",24800,1,704353,17422867100,800,false,3.33
"DTD",101637,"/Date(1700190996000)/",24800,400,704352,17422842300,800,false,3.33
"DTD",101559,"/Date(1700190958000)/",24800,4000,703952,17412922300,800,false,3.33
"DTD",101555,"/Date(1700190955000)/",24800,2800,699952,17313722300,800,false,3.33
"DTD",101425,"/Date(1700190865000)/",24800,5000,697152,17244282300,800,false,3.33
"DTD",101146,"/Date(1700190706000)/",24700,300,692152,17120282300,700,true,2.92
"DTD",101136,"/Date(1700190696000)/",24700,200,691852,17112872300,700,true,2.92
"DTD",101131,"/Date(1700190691000)/",24700,300,691652,17107932300,700,true,2.92
"DTD",101045,"/Date(1700190645000)/",24700,300,691352,17100522300,700,true,2.92
"DTD",101018,"/Date(1700190618000)/",24700,100,691052,17093112300,700,true,2.92
"DTD",100851,"/Date(1700190531000)/",24800,2000,690952,17090642300,800,false,3.33
"DTD",100805,"/Date(1700190485000)/",24800,2100,688952,17041042300,800,false,3.33
"DTD",100750,"/Date(1700190470000)/",24800,5000,686852,16988962300,800,true,3.33
"DTD",100749,"/Date(1700190469000)/",24800,7,681852,16864962300,800,true,3.33
"DTD",100603,"/Date(1700190363000)/",24800,200,681845,16864789400,800,true,3.33
"DTD",100553,"/Date(1700190353000)/",24800,500,681645,16859829400,800,true,3.33
"DTD",100511,"/Date(1700190311000)/",24800,6000,681145,16847429400,800,true,3.33
"DTD",100510,"/Date(1700190310000)/",24700,3000,675145,16698679400,700,false,2.92
"DTD",100508,"/Date(1700190308000)/",24700,18500,672145,16624579400,700,false,2.92
"DTD",100506,"/Date(1700190306000)/",24800,5000,653645,16167629400,800,false,3.33
"DTD",100505,"/Date(1700190305000)/",24800,300,648645,16043629400,800,false,3.33
"DTD",100438,"/Date(1700190278000)/",24800,400,648345,16036189400,800,false,3.33
"DTD",100242,"/Date(1700190162000)/",24700,10000,647945,16026269400,700,true,2.92
"DTD",100239,"/Date(1700190159000)/",24800,2300,637945,15779219400,800,false,3.33
"DTD",100234,"/Date(1700190154000)/",24800,300,635645,15722179400,800,false,3.33
"DTD",100215,"/Date(1700190135000)/",24800,500,635345,15714739400,800,false,3.33
"DTD",100200,"/Date(1700190120000)/",24800,1000,634845,15702339400,800,false,3.33
"DTD",100155,"/Date(1700190115000)/",24700,1200,633845,15677539400,700,true,2.92
"DTD",100150,"/Date(1700190110000)/",24800,100,632645,15647899400,800,false,3.33
"DTD",100130,"/Date(1700190090000)/",24700,500,632545,15645419400,700,true,2.92
"DTD",100105,"/Date(1700190065000)/",24700,9600,632045,15633069400,700,false,2.92
"DTD",100103,"/Date(1700190063000)/",24700,500,622445,15395949400,700,false,2.92
"DTD",95903,"/Date(1700189943000)/",24700,1,621945,15383599400,700,false,2.92
"DTD",95851,"/Date(1700189931000)/",24700,500,621944,15383575300,700,false,2.92
"DTD",95834,"/Date(1700189914000)/",24700,100,621444,15371225300,700,false,2.92
"DTD",95819,"/Date(1700189899000)/",24700,1100,621344,15368755300,700,true,2.92
"DTD",95735,"/Date(1700189855000)/",24700,100,620244,15341585300,700,true,2.92
"DTD",95643,"/Date(1700189803000)/",24700,10000,620144,15339115300,700,true,2.92
"DTD",95632,"/Date(1700189792000)/",24700,10000,610144,15092115300,700,true,2.92
"DTD",95607,"/Date(1700189767000)/",24800,800,600144,14844825300,800,true,3.33
"DTD",95605,"/Date(1700189765000)/",24800,1000,599344,14824985300,800,true,3.33
"DTD",95552,"/Date(1700189752000)/",24800,1000,598344,14800185300,800,true,3.33
"DTD",95515,"/Date(1700189715000)/",24800,1000,597344,14775385300,800,true,3.33
"DTD",95509,"/Date(1700189709000)/",24800,300,596344,14750585300,800,true,3.33
"DTD",95414,"/Date(1700189654000)/",24900,3000,596044,14743145300,900,false,3.75
"DTD",95350,"/Date(1700189630000)/",24900,1,593044,14668445300,900,false,3.75
"DTD",95330,"/Date(1700189609000)/",24900,500,593043,14668420300,900,false,3.75
"DTD",95300,"/Date(1700189579000)/",24800,1000,592543,14655970300,800,true,3.33
"DTD",95233,"/Date(1700189552000)/",24800,100,591543,14631170300,800,true,3.33
"DTD",95225,"/Date(1700189544000)/",24800,300,591443,14628690300,800,true,3.33
"DTD",95210,"/Date(1700189529000)/",24900,1000,591143,14621250300,900,false,3.75
"DTD",95206,"/Date(1700189525000)/",24900,200,590143,14596350300,900,false,3.75
"DTD",95148,"/Date(1700189507000)/",24900,900,589943,14591370300,900,true,3.75
"DTD",95147,"/Date(1700189506000)/",24900,2000,589043,14568960300,900,true,3.75
"DTD",95143,"/Date(1700189502000)/",24900,500,587043,14519160300,900,true,3.75
"DTD",95122,"/Date(1700189481000)/",25000,500,586543,14506710300,1000,false,4.17
"DTD",95120,"/Date(1700189479000)/",25000,200,586043,14494210300,1000,false,4.17
"DTD",95114,"/Date(1700189473000)/",25000,400,585843,14489210300,1000,true,4.17
"DTD",95109,"/Date(1700189468000)/",25000,4400,585443,14479210300,1000,true,4.17
"DTD",95055,"/Date(1700189454000)/",25000,1200,581043,14369210300,1000,false,4.17
"DTD",95035,"/Date(1700189434000)/",25000,2000,579843,14339210300,1000,false,4.17
"DTD",95034,"/Date(1700189433000)/",24900,200,577843,14289210300,900,true,3.75
"DTD",95021,"/Date(1700189420000)/",24900,500,577643,14284230300,900,true,3.75
"DTD",94959,"/Date(1700189398000)/",25000,2000,577143,14271780300,1000,false,4.17
"DTD",94958,"/Date(1700189397000)/",25000,1000,575143,14221780300,1000,false,4.17
"DTD",94956,"/Date(1700189395000)/",25100,1000,574143,14196780300,1100,false,4.58
"DTD",94951,"/Date(1700189390000)/",25000,4000,573143,14171700300,1000,false,4.17
"DTD",94946,"/Date(1700189385000)/",24900,1000,569143,14071700300,900,true,3.75
"DTD",94944,"/Date(1700189383000)/",25000,10000,568143,14046800300,1000,false,4.17
"DTD",94923,"/Date(1700189362000)/",25000,1000,558143,13796800300,1000,false,4.17
"DTD",94908,"/Date(1700189347000)/",25000,2000,557143,13771800300,1000,false,4.17
"DTD",94827,"/Date(1700189306000)/",25000,1000,555143,13721800300,1000,false,4.17
"DTD",94808,"/Date(1700189288000)/",25000,9500,554143,13696800300,1000,true,4.17
"DTD",94802,"/Date(1700189281000)/",25000,1000,544643,13459300300,1000,true,4.17
"DTD",94743,"/Date(1700189262000)/",25000,500,543643,13434300300,1000,true,4.17
"DTD",94731,"/Date(1700189250000)/",25100,100,543143,13421800300,1100,false,4.58
"DTD",94726,"/Date(1700189245000)/",25100,2000,543043,13419290300,1100,false,4.58
"DTD",94720,"/Date(1700189240000)/",25000,10000,541043,13369090300,1000,true,4.17
"DTD",94713,"/Date(1700189233000)/",25100,2000,531043,13119090300,1100,false,4.58
"DTD",94710,"/Date(1700189230000)/",25000,15400,529043,13068890300,1000,true,4.17
"DTD",94706,"/Date(1700189226000)/",25000,10000,513643,12683890300,1000,true,4.17
"DTD",94655,"/Date(1700189215000)/",25100,200,503643,12433890300,1100,false,4.58
"DTD",94637,"/Date(1700189196000)/",25100,1000,503443,12428870300,1100,false,4.58
"DTD",94624,"/Date(1700189184000)/",25200,20000,502443,12403770300,1200,false,5
"DTD",94622,"/Date(1700189182000)/",25100,200,482443,11899770300,1100,true,4.58
"DTD",94618,"/Date(1700189178000)/",25200,1000,482243,11894750300,1200,false,5
"DTD",94617,"/Date(1700189177000)/",25100,3000,481243,11869550300,1100,true,4.58
"DTD",94544,"/Date(1700189144000)/",25200,1600,478243,11794250300,1200,true,5
"DTD",94541,"/Date(1700189141000)/",25200,100,476643,11753930300,1200,true,5
"DTD",94540,"/Date(1700189140000)/",25200,500,476543,11751410300,1200,true,5
"DTD",94538,"/Date(1700189138000)/",25200,100,476043,11738810300,1200,true,5
"DTD",94535,"/Date(1700189135000)/",25200,200,475943,11736290300,1200,true,5
"DTD",94533,"/Date(1700189133000)/",25200,1100,475743,11731250300,1200,true,5
"DTD",94532,"/Date(1700189132000)/",25200,100,474643,11703530300,1200,true,5
"DTD",94529,"/Date(1700189129000)/",25200,1000,474543,11701010300,1200,true,5
"DTD",94527,"/Date(1700189127000)/",25200,2000,473543,11675810300,1200,true,5
"DTD",94524,"/Date(1700189124000)/",25200,1000,471543,11625410300,1200,true,5
"DTD",94519,"/Date(1700189119000)/",25200,1000,470543,11600210300,1200,true,5
"DTD",94515,"/Date(1700189115000)/",25300,10000,469543,11575010300,1300,false,5.42
"DTD",94512,"/Date(1700189112000)/",25200,200,459543,11322010300,1200,true,5
"DTD",94509,"/Date(1700189109000)/",25200,5000,459343,11316970300,1200,true,5
"DTD",94507,"/Date(1700189107000)/",25300,1000,454343,11190970300,1300,false,5.42
"DTD",94504,"/Date(1700189104000)/",25300,10000,453343,11165670300,1300,false,5.42
"DTD",94451,"/Date(1700189091000)/",25200,1000,443343,10912670300,1200,true,5
"DTD",94450,"/Date(1700189090000)/",25200,5800,442343,10887470300,1200,false,5
"DTD",94448,"/Date(1700189088000)/",25200,4000,436543,10741310300,1200,false,5
"DTD",94447,"/Date(1700189087000)/",25200,2900,432543,10640510300,1200,false,5
"DTD",94425,"/Date(1700189065000)/",25200,2200,429643,10567430300,1200,false,5
"DTD",94419,"/Date(1700189059000)/",25100,100,427443,10511990300,1100,true,4.58
"DTD",94418,"/Date(1700189058000)/",25100,1400,427343,10509480300,1100,false,4.58
"DTD",94415,"/Date(1700189055000)/",25000,100,425943,10474340300,1000,true,4.17
"DTD",94414,"/Date(1700189054000)/",25100,1000,425843,10471840300,1100,false,4.58
"DTD",94412,"/Date(1700189052000)/",25100,2000,424843,10446740300,1100,false,4.58
"DTD",94411,"/Date(1700189051000)/",25100,900,422843,10396540300,1100,false,4.58
"DTD",94408,"/Date(1700189048000)/",25100,9000,421943,10373960300,1100,false,4.58
"DTD",94407,"/Date(1700189047000)/",25100,100,412943,10148560300,1100,false,4.58
"DTD",94406,"/Date(1700189046000)/",25100,80,412843,10146050300,1100,false,4.58
"DTD",94402,"/Date(1700189042000)/",25100,2000,412763,10144050300,1100,false,4.58
"DTD",94355,"/Date(1700189035000)/",25000,1000,410763,10093850300,1000,true,4.17
"DTD",94353,"/Date(1700189033000)/",25000,13900,409763,10068850300,1000,false,4.17
"DTD",94352,"/Date(1700189032000)/",25000,1200,395863,9721350300,1000,false,4.17
"DTD",94350,"/Date(1700189030000)/",25000,12100,394663,9691350300,1000,false,4.17
"DTD",94346,"/Date(1700189026000)/",25000,100,382563,9388850300,1000,false,4.17
"DTD",94345,"/Date(1700189025000)/",25000,100,382463,9386350300,1000,false,4.17
"DTD",94341,"/Date(1700189021000)/",24900,100,382363,9383850300,900,true,3.75
"DTD",94338,"/Date(1700189018000)/",24900,17800,382263,9381360300,900,false,3.75
"DTD",94335,"/Date(1700189015000)/",24900,6100,364463,8938140300,900,false,3.75
"DTD",94329,"/Date(1700189009000)/",24900,2000,358363,8786250300,900,false,3.75
"DTD",94328,"/Date(1700189008000)/",24900,500,356363,8736450300,900,false,3.75
"DTD",94321,"/Date(1700189001000)/",24900,1700,355863,8724000300,900,false,3.75
"DTD",94316,"/Date(1700188996000)/",24900,3000,354163,8681670300,900,false,3.75
"DTD",94313,"/Date(1700188993000)/",24900,5000,351163,8606970300,900,false,3.75
"DTD",94304,"/Date(1700188984000)/",24900,2000,346163,8482470300,900,false,3.75
"DTD",94303,"/Date(1700188983000)/",24900,4000,344163,8432670300,900,false,3.75
"DTD",94302,"/Date(1700188982000)/",24800,500,340163,8333070300,800,true,3.33
"DTD",94300,"/Date(1700188980000)/",24900,1000,339663,8320670300,900,false,3.75
"DTD",94243,"/Date(1700188963000)/",24900,10000,338663,8295770300,900,false,3.75
"DTD",94241,"/Date(1700188961000)/",24800,500,328663,8047510300,800,false,3.33
"DTD",94232,"/Date(1700188952000)/",24800,20000,328163,8035110300,800,false,3.33
"DTD",94229,"/Date(1700188949000)/",24700,500,308163,7539260300,700,false,2.92
"DTD",94228,"/Date(1700188948000)/",24700,3000,307663,7526910300,700,false,2.92
"DTD",94226,"/Date(1700188946000)/",24700,2200,304663,7452810300,700,false,2.92
"DTD",94221,"/Date(1700188941000)/",24700,2000,302463,7398470300,700,false,2.92
"DTD",94219,"/Date(1700188939000)/",24700,3200,300463,7349070300,700,false,2.92
"DTD",94214,"/Date(1700188934000)/",24700,5500,297263,7270030300,700,false,2.92
"DTD",94213,"/Date(1700188933000)/",24600,1000,291763,7134180300,600,true,2.5
"DTD",94203,"/Date(1700188923000)/",24600,24700,290763,7109580300,600,true,2.5
"DTD",94158,"/Date(1700188918000)/",24600,7100,266063,6501960300,600,false,2.5
"DTD",94150,"/Date(1700188910000)/",24500,7000,258963,6327300300,500,false,2.08
"DTD",94149,"/Date(1700188909000)/",24500,5000,251963,6155800300,500,false,2.08
"DTD",94147,"/Date(1700188907000)/",24500,2000,246963,6033300300,500,false,2.08
"DTD",94145,"/Date(1700188905000)/",24500,12000,244963,5984300300,500,false,2.08
"DTD",94143,"/Date(1700188903000)/",24500,2000,232963,5690300300,500,false,2.08
"DTD",94142,"/Date(1700188902000)/",24500,77,230963,5641300300,500,false,2.08
"DTD",94141,"/Date(1700188901000)/",24500,100,230886,5639417500,500,false,2.08
"DTD",94140,"/Date(1700188900000)/",24500,5000,230786,5636967500,500,false,2.08
"DTD",94139,"/Date(1700188899000)/",24500,3000,225786,5514467500,500,false,2.08
"DTD",94136,"/Date(1700188896000)/",24400,1000,222786,5440967500,400,true,1.67
"DTD",94131,"/Date(1700188891000)/",24500,1000,221786,5416567500,500,false,2.08
"DTD",94126,"/Date(1700188886000)/",24500,500,220786,5392067500,500,false,2.08
"DTD",94119,"/Date(1700188879000)/",24500,100,220286,5379817500,500,false,2.08
"DTD",94117,"/Date(1700188877000)/",24500,2000,220186,5377367500,500,false,2.08
"DTD",94115,"/Date(1700188875000)/",24500,1000,218186,5328367500,500,false,2.08
"DTD",94108,"/Date(1700188868000)/",24500,1000,217186,5303867500,500,false,2.08
"DTD",94056,"/Date(1700188856000)/",24500,7700,216186,5279367500,500,false,2.08
"DTD",94054,"/Date(1700188854000)/",24500,6800,208486,5090717500,500,false,2.08
"DTD",94050,"/Date(1700188850000)/",24500,5000,201686,4924117500,500,false,2.08
"DTD",94046,"/Date(1700188846000)/",24500,6000,196686,4801617500,500,false,2.08
"DTD",94041,"/Date(1700188841000)/",24500,20000,190686,4654617500,500,false,2.08
"DTD",94039,"/Date(1700188839000)/",24500,500,170686,4164617500,500,false,2.08
"DTD",94028,"/Date(1700188828000)/",24500,2000,170186,4152367500,500,false,2.08
"DTD",94021,"/Date(1700188821000)/",24500,5000,168186,4103367500,500,false,2.08
"DTD",94016,"/Date(1700188816000)/",24500,1000,163186,3980867500,500,false,2.08
"DTD",94015,"/Date(1700188815000)/",24500,500,162186,3956367500,500,false,2.08
"DTD",94004,"/Date(1700188804000)/",24500,900,161686,3944117500,500,false,2.08
"DTD",93921,"/Date(1700188761000)/",24500,6000,160786,3922067500,500,false,2.08
"DTD",93918,"/Date(1700188758000)/",24500,1200,154786,3775067500,500,false,2.08
"DTD",93848,"/Date(1700188728000)/",24500,500,153586,3745667500,500,false,2.08
"DTD",93838,"/Date(1700188718000)/",24500,3400,153086,3733417500,500,false,2.08
"DTD",93821,"/Date(1700188701000)/",24400,4100,149686,3650117500,400,false,1.67
"DTD",93815,"/Date(1700188695000)/",24400,500,145586,3550077500,400,false,1.67
"DTD",93807,"/Date(1700188687000)/",24400,1500,145086,3537877500,400,false,1.67
"DTD",93805,"/Date(1700188685000)/",24400,100,143586,3501277500,400,false,1.67
"DTD",93802,"/Date(1700188682000)/",24400,5300,143486,3498837500,400,false,1.67
"DTD",93752,"/Date(1700188672000)/",24400,2500,138186,3369517500,400,false,1.67
"DTD",93744,"/Date(1700188664000)/",24300,600,135686,3308517500,300,true,1.25
"DTD",93741,"/Date(1700188661000)/",24400,400,135086,3293937500,400,false,1.67
"DTD",93732,"/Date(1700188652000)/",24400,1000,134686,3284177500,400,false,1.67
"DTD",93727,"/Date(1700188647000)/",24400,4000,133686,3259777500,400,false,1.67
"DTD",93722,"/Date(1700188642000)/",24400,1000,129686,3162177500,400,false,1.67
"DTD",93713,"/Date(1700188633000)/",24400,3000,128686,3137777500,400,false,1.67
"DTD",93644,"/Date(1700188604000)/",24400,1500,125686,3064577500,400,false,1.67
"DTD",93612,"/Date(1700188572000)/",24300,400,124186,3027977500,300,true,1.25
"DTD",93605,"/Date(1700188565000)/",24300,600,123786,3018257500,300,true,1.25
"DTD",93559,"/Date(1700188559000)/",24300,2000,123186,3003677500,300,false,1.25
"DTD",93555,"/Date(1700188555000)/",24300,500,121186,2955077500,300,false,1.25
"DTD",93553,"/Date(1700188553000)/",24300,5000,120686,2942927500,300,false,1.25
"DTD",93536,"/Date(1700188536000)/",24300,1500,115686,2821427500,300,false,1.25
"DTD",93501,"/Date(1700188501000)/",24300,100,114186,2784977500,300,false,1.25
"DTD",93316,"/Date(1700188396000)/",24300,1000,114086,2782547500,300,false,1.25
"DTD",93240,"/Date(1700188360000)/",24300,3600,113086,2758247500,300,true,1.25
"DTD",93234,"/Date(1700188354000)/",24300,100,109486,2670767500,300,true,1.25
"DTD",93151,"/Date(1700188311000)/",24400,2000,109386,2668337500,400,false,1.67
"DTD",93147,"/Date(1700188307000)/",24400,400,107386,2619537500,400,false,1.67
"DTD",93050,"/Date(1700188250000)/",24400,10,106986,2609777500,400,false,1.67
"DTD",93013,"/Date(1700188213000)/",24400,2000,106976,2609533500,400,false,1.67
"DTD",92957,"/Date(1700188197000)/",24400,100,104976,2560733500,400,false,1.67
"DTD",92914,"/Date(1700188154000)/",24400,500,104876,2558293500,400,false,1.67
"DTD",92805,"/Date(1700188085000)/",24400,10000,104376,2546093500,400,false,1.67
"DTD",92657,"/Date(1700188016000)/",24300,200,94376,2302093500,300,false,1.25
"DTD",92651,"/Date(1700188010000)/",24300,500,94176,2297233500,300,true,1.25
"DTD",92650,"/Date(1700188009000)/",24300,100,93676,2285083500,300,true,1.25
"DTD",92547,"/Date(1700187946000)/",24300,100,93576,2282653500,300,false,1.25
"DTD",92537,"/Date(1700187936000)/",24300,5000,93476,2280223500,300,false,1.25
"DTD",92444,"/Date(1700187883000)/",24300,2000,88476,2158723500,300,false,1.25
"DTD",92428,"/Date(1700187868000)/",24300,90,86476,2110123500,300,false,1.25
"DTD",92400,"/Date(1700187839000)/",24300,300,86386,2107936500,300,false,1.25
"DTD",92354,"/Date(1700187833000)/",24300,13500,86086,2100646500,300,false,1.25
"DTD",92338,"/Date(1700187817000)/",24300,5000,72586,1772596500,300,true,1.25
"DTD",92302,"/Date(1700187781000)/",24400,700,67586,1651096500,400,true,1.67
"DTD",92256,"/Date(1700187775000)/",24400,800,66886,1634016500,400,true,1.67
"DTD",92242,"/Date(1700187761000)/",24400,200,66086,1614496500,400,true,1.67
"DTD",92238,"/Date(1700187758000)/",24400,500,65886,1609616500,400,true,1.67
"DTD",92208,"/Date(1700187727000)/",24400,85,65386,1597416500,400,true,1.67
"DTD",92156,"/Date(1700187716000)/",24400,2000,65301,1595334000,400,true,1.67
"DTD",92154,"/Date(1700187714000)/",24400,500,63301,1546534000,400,true,1.67
"DTD",92130,"/Date(1700187689000)/",24500,100,62801,1534334000,500,false,2.08
"DTD",92020,"/Date(1700187620000)/",24500,1000,62701,1531884000,500,false,2.08
"DTD",91942,"/Date(1700187582000)/",24500,300,61701,1507384000,500,false,2.08
"DTD",91926,"/Date(1700187566000)/",24500,3000,61401,1500034000,500,false,2.08
"DTD",91836,"/Date(1700187516000)/",24500,100,58401,1426534000,500,false,2.08
"DTD",91822,"/Date(1700187502000)/",24500,400,58301,1424084000,500,false,2.08
"DTD",91753,"/Date(1700187473000)/",24500,1200,57901,1414284000,500,false,2.08
"DTD",91723,"/Date(1700187443000)/",24300,600,56701,1384884000,300,true,1.25
"DTD",91721,"/Date(1700187441000)/",24500,1000,56101,1370304000,500,false,2.08
"DTD",91711,"/Date(1700187431000)/",24500,500,55101,1345804000,500,false,2.08
"DTD",91611,"/Date(1700187371000)/",24300,100,54601,1333554000,300,true,1.25
"DTD",91428,"/Date(1700187268000)/",24300,100,54501,1331124000,300,true,1.25
"DTD",91405,"/Date(1700187245000)/",24300,100,54401,1328694000,300,true,1.25
"DTD",91331,"/Date(1700187211000)/",24500,5000,54301,1326264000,500,false,2.08
"DTD",91214,"/Date(1700187134000)/",24300,100,49301,1204104000,300,true,1.25
"DTD",91049,"/Date(1700187049000)/",24300,3000,49201,1201674000,300,true,1.25
"DTD",90943,"/Date(1700186983000)/",24300,100,46201,1128774000,300,true,1.25
"DTD",90925,"/Date(1700186965000)/",24300,100,46101,1126344000,300,true,1.25
"DTD",90814,"/Date(1700186894000)/",24300,2400,46001,1123914000,300,true,1.25
"DTD",90755,"/Date(1700186875000)/",24300,100,43601,1065594000,300,true,1.25
"DTD",90734,"/Date(1700186854000)/",24400,100,43501,1063164000,400,false,1.67
"DTD",90718,"/Date(1700186838000)/",24300,200,43401,1060724000,300,true,1.25
"DTD",90710,"/Date(1700186830000)/",24300,1000,43201,1055864000,300,true,1.25
"DTD",90651,"/Date(1700186811000)/",24400,6000,42201,1031484000,400,true,1.67
"DTD",90637,"/Date(1700186797000)/",24500,1000,36201,885084000,500,false,2.08
"DTD",90616,"/Date(1700186776000)/",24500,1,35201,860584000,500,false,2.08
"DTD",90614,"/Date(1700186774000)/",24500,5000,35200,860560000,500,false,2.08
"DTD",90502,"/Date(1700186702000)/",24500,900,30200,738060000,500,true,2.08
"DTD",90500,"/Date(1700186700000)/",24500,400,29300,716010000,500,true,2.08
"DTD",90458,"/Date(1700186698000)/",24500,100,28900,706210000,500,true,2.08
"DTD",90447,"/Date(1700186687000)/",24500,1600,28800,703760000,500,true,2.08
"DTD",90427,"/Date(1700186667000)/",24400,6000,27200,664560000,400,true,1.67
"DTD",90357,"/Date(1700186637000)/",24400,100,21200,518060000,400,true,1.67
"DTD",90333,"/Date(1700186613000)/",24400,100,21100,515620000,400,true,1.67
"DTD",90307,"/Date(1700186587000)/",24500,4900,21000,513180000,500,true,2.08
"DTD",90303,"/Date(1700186583000)/",24500,100,16100,393130000,500,true,2.08
"DTD",90246,"/Date(1700186566000)/",24500,1000,16000,390680000,500,true,2.08
"DTD",90239,"/Date(1700186559000)/",24500,1000,15000,366180000,500,true,2.08
"DTD",90230,"/Date(1700186550000)/",24500,2000,14000,341680000,500,true,2.08
"DTD",90229,"/Date(1700186549000)/",24600,1000,12000,292680000,600,false,2.5
"DTD",90214,"/Date(1700186534000)/",24600,800,11000,268080000,600,false,2.5
"DTD",90143,"/Date(1700186491000)/",24600,1000,10200,248400000,600,false,2.5
"DTD",90140,"/Date(1700186482000)/",24500,2500,9200,223800000,500,true,2.08
"DTD",90133,"/Date(1700186456000)/",24500,1000,6700,162550000,500,true,2.08
"DTD",90129,"/Date(1700186444000)/",24500,1000,5700,138050000,500,true,2.08
"DTD",90120,"/Date(1700186430000)/",24500,1500,4700,113550000,500,true,2.08
"DTD",90113,"/Date(1700186424000)/",24200,200,3200,76840000,200,true,0.83
"DTD",90106,"/Date(1700186420000)/",24000,1800,3000,72000000,0,true,0
"DTD",90056,"/Date(1700186415000)/",24000,200,1200,28800000,0,false,0
"DTD",90051,"/Date(1700186413000)/",24000,1000,1000,24000000,0,false,0
