"Stockcode","Package","TradingDate","Price","Vol","TotalVol","TotalVal","Change","IsBuy","PerChange"
"LPB",144426,"/Date(1700207101000)/",15350,193600,2536000,39463000000,-300,true,-1.92
"LPB",142915,"/Date(1700206192000)/",15400,400,2342400,36491000000,-250,true,-1.6
"LPB",142912,"/Date(1700206189000)/",15400,300,2342000,36485000000,-250,true,-1.6
"LPB",142912,"/Date(1700206188000)/",15400,200,2341700,36480000000,-250,true,-1.6
"LPB",142909,"/Date(1700206186000)/",15400,300,2341500,36477000000,-250,true,-1.6
"LPB",142906,"/Date(1700206183000)/",15400,2000,2341200,36472000000,-250,true,-1.6
"LPB",142906,"/Date(1700206181000)/",15400,200,2339200,36442000000,-250,true,-1.6
"LPB",142903,"/Date(1700206179000)/",15400,200,2339000,36438000000,-250,true,-1.6
"LPB",142903,"/Date(1700206179000)/",15400,7800,2338800,36435000000,-250,true,-1.6
"LPB",142859,"/Date(1700206175000)/",15400,2000,2331000,36315000000,-250,true,-1.6
"LPB",142853,"/Date(1700206170000)/",15400,200,2329000,36284000000,-250,true,-1.6
"LPB",142853,"/Date(1700206170000)/",15400,200,2328800,36281000000,-250,true,-1.6
"LPB",142853,"/Date(1700206169000)/",15400,100,2328600,36278000000,-250,true,-1.6
"LPB",142853,"/Date(1700206169000)/",15400,200,2328500,36277000000,-250,true,-1.6
"LPB",142850,"/Date(1700206167000)/",15400,100,2328300,36274000000,-250,true,-1.6
"LPB",142850,"/Date(1700206167000)/",15400,100,2328200,36272000000,-250,true,-1.6
"LPB",142850,"/Date(1700206164000)/",15400,100,2328100,36271000000,-250,true,-1.6
"LPB",142850,"/Date(1700206164000)/",15400,100,2328000,36269000000,-250,true,-1.6
"LPB",142847,"/Date(1700206162000)/",15400,400,2327900,36268000000,-250,true,-1.6
"LPB",142847,"/Date(1700206162000)/",15400,100,2327500,36261000000,-250,true,-1.6
"LPB",142843,"/Date(1700206159000)/",15400,400,2327400,36260000000,-250,true,-1.6
"LPB",142843,"/Date(1700206159000)/",15400,600,2327000,36254000000,-250,true,-1.6
"LPB",142840,"/Date(1700206155000)/",15400,200,2326400,36244000000,-250,true,-1.6
"LPB",142837,"/Date(1700206154000)/",15400,300,2326200,36241000000,-250,true,-1.6
"LPB",142834,"/Date(1700206150000)/",15400,100,2325900,36237000000,-250,true,-1.6
"LPB",142834,"/Date(1700206150000)/",15400,500,2325800,36235000000,-250,true,-1.6
"LPB",142834,"/Date(1700206150000)/",15450,1000,2325300,36227000000,-200,false,-1.28
"LPB",142827,"/Date(1700206144000)/",15400,200,2324300,36212000000,-250,true,-1.6
"LPB",142824,"/Date(1700206140000)/",15400,300,2324100,36209000000,-250,true,-1.6
"LPB",142824,"/Date(1700206139000)/",15400,600,2323800,36204000000,-250,true,-1.6
"LPB",142824,"/Date(1700206139000)/",15450,5600,2323200,36195000000,-200,true,-1.28
"LPB",142818,"/Date(1700206134000)/",15450,200,2317600,36109000000,-200,true,-1.28
"LPB",142818,"/Date(1700206132000)/",15450,300,2317400,36105000000,-200,true,-1.28
"LPB",142815,"/Date(1700206131000)/",15450,600,2317100,36101000000,-200,true,-1.28
"LPB",142811,"/Date(1700206129000)/",15450,100,2316500,36092000000,-200,true,-1.28
"LPB",142811,"/Date(1700206128000)/",15450,600,2316400,36090000000,-200,true,-1.28
"LPB",142811,"/Date(1700206127000)/",15450,400,2315800,36081000000,-200,true,-1.28
"LPB",142811,"/Date(1700206127000)/",15450,5500,2315400,36075000000,-200,true,-1.28
"LPB",142808,"/Date(1700206125000)/",15450,16700,2309900,35990000000,-200,true,-1.28
"LPB",142808,"/Date(1700206125000)/",15450,100,2293200,35732000000,-200,true,-1.28
"LPB",142808,"/Date(1700206125000)/",15450,1000,2293100,35730000000,-200,true,-1.28
"LPB",142808,"/Date(1700206125000)/",15450,9000,2292100,35715000000,-200,true,-1.28
"LPB",142808,"/Date(1700206125000)/",15450,300,2283100,35576000000,-200,true,-1.28
"LPB",142808,"/Date(1700206125000)/",15450,3000,2282800,35571000000,-200,true,-1.28
"LPB",142808,"/Date(1700206125000)/",15450,20000,2279800,35525000000,-200,true,-1.28
"LPB",142808,"/Date(1700206125000)/",15450,100,2259800,35216000000,-200,true,-1.28
"LPB",142808,"/Date(1700206123000)/",15450,300,2259700,35214000000,-200,true,-1.28
"LPB",142802,"/Date(1700206118000)/",15450,400,2259400,35209000000,-200,true,-1.28
"LPB",142759,"/Date(1700206116000)/",15450,100,2259000,35203000000,-200,true,-1.28
"LPB",142759,"/Date(1700206115000)/",15450,500,2258900,35202000000,-200,true,-1.28
"LPB",142759,"/Date(1700206114000)/",15450,500,2258400,35194000000,-200,true,-1.28
"LPB",142759,"/Date(1700206113000)/",15450,400,2257900,35186000000,-200,true,-1.28
"LPB",142755,"/Date(1700206111000)/",15450,300,2257500,35180000000,-200,true,-1.28
"LPB",142755,"/Date(1700206110000)/",15450,500,2257200,35175000000,-200,true,-1.28
"LPB",142752,"/Date(1700206108000)/",15450,400,2256700,35168000000,-200,true,-1.28
"LPB",142749,"/Date(1700206104000)/",15450,200,2256300,35161000000,-200,true,-1.28
"LPB",142746,"/Date(1700206102000)/",15450,300,2256100,35158000000,-200,true,-1.28
"LPB",142746,"/Date(1700206101000)/",15450,1000,2255800,35154000000,-200,true,-1.28
"LPB",142743,"/Date(1700206098000)/",15450,500,2254800,35138000000,-200,true,-1.28
"LPB",142739,"/Date(1700206095000)/",15450,300,2254300,35131000000,-200,true,-1.28
"LPB",142739,"/Date(1700206094000)/",15450,500,2254000,35126000000,-200,true,-1.28
"LPB",142736,"/Date(1700206092000)/",15500,3000,2253500,35118000000,-150,false,-0.96
"LPB",142736,"/Date(1700206092000)/",15450,800,2250500,35072000000,-200,true,-1.28
"LPB",142736,"/Date(1700206090000)/",15450,500,2249700,35059000000,-200,true,-1.28
"LPB",142733,"/Date(1700206089000)/",15450,400,2249200,35052000000,-200,true,-1.28
"LPB",142733,"/Date(1700206088000)/",15450,200,2248800,35045000000,-200,true,-1.28
"LPB",142730,"/Date(1700206085000)/",15450,300,2248600,35042000000,-200,true,-1.28
"LPB",142730,"/Date(1700206085000)/",15450,1500,2248300,35038000000,-200,true,-1.28
"LPB",142730,"/Date(1700206085000)/",15450,100,2246800,35015000000,-200,true,-1.28
"LPB",142730,"/Date(1700206085000)/",15450,100,2246700,35013000000,-200,true,-1.28
"LPB",142730,"/Date(1700206085000)/",15450,100,2246600,35011000000,-200,true,-1.28
"LPB",142730,"/Date(1700206085000)/",15450,200,2246500,35010000000,-200,true,-1.28
"LPB",142730,"/Date(1700206085000)/",15450,500,2246300,35007000000,-200,true,-1.28
"LPB",142730,"/Date(1700206085000)/",15450,8000,2245800,34999000000,-200,true,-1.28
"LPB",142730,"/Date(1700206085000)/",15450,16800,2237800,34876000000,-200,true,-1.28
"LPB",142727,"/Date(1700206084000)/",15450,500,2221000,34616000000,-200,true,-1.28
"LPB",142727,"/Date(1700206082000)/",15450,400,2220500,34608000000,-200,true,-1.28
"LPB",142723,"/Date(1700206080000)/",15450,200,2220100,34602000000,-200,true,-1.28
"LPB",142701,"/Date(1700206057000)/",15500,100,2219900,34599000000,-150,false,-0.96
"LPB",142648,"/Date(1700206045000)/",15450,100,2219800,34597000000,-200,true,-1.28
"LPB",142648,"/Date(1700206045000)/",15500,1600,2219700,34596000000,-150,false,-0.96
"LPB",142648,"/Date(1700206043000)/",15450,200,2218100,34571000000,-200,true,-1.28
"LPB",142645,"/Date(1700206041000)/",15450,300,2217900,34568000000,-200,true,-1.28
"LPB",142635,"/Date(1700206032000)/",15450,200,2217600,34563000000,-200,true,-1.28
"LPB",142629,"/Date(1700206024000)/",15450,100,2217400,34560000000,-200,true,-1.28
"LPB",142629,"/Date(1700206023000)/",15450,1100,2217300,34559000000,-200,true,-1.28
"LPB",142626,"/Date(1700206022000)/",15450,10000,2216200,34542000000,-200,true,-1.28
"LPB",142619,"/Date(1700206013000)/",15450,100,2206200,34387000000,-200,true,-1.28
"LPB",142619,"/Date(1700206013000)/",15450,100,2206100,34386000000,-200,true,-1.28
"LPB",142619,"/Date(1700206013000)/",15450,300,2206000,34384000000,-200,true,-1.28
"LPB",142616,"/Date(1700206012000)/",15500,5000,2205700,34379000000,-150,false,-0.96
"LPB",142600,"/Date(1700205997000)/",15500,100,2200700,34302000000,-150,false,-0.96
"LPB",142547,"/Date(1700205984000)/",15450,500,2200600,34300000000,-200,true,-1.28
"LPB",142515,"/Date(1700205952000)/",15450,100,2200100,34293000000,-200,true,-1.28
"LPB",142515,"/Date(1700205951000)/",15450,1000,2200000,34291000000,-200,true,-1.28
"LPB",142515,"/Date(1700205950000)/",15450,100,2199000,34276000000,-200,true,-1.28
"LPB",142515,"/Date(1700205950000)/",15450,2000,2198900,34274000000,-200,true,-1.28
"LPB",142515,"/Date(1700205950000)/",15450,3000,2196900,34243000000,-200,true,-1.28
"LPB",142515,"/Date(1700205950000)/",15450,4600,2193900,34197000000,-200,true,-1.28
"LPB",142509,"/Date(1700205945000)/",15500,100,2189300,34126000000,-150,false,-0.96
"LPB",142456,"/Date(1700205930000)/",15450,200,2189200,34124000000,-200,true,-1.28
"LPB",142453,"/Date(1700205928000)/",15450,400,2189000,34121000000,-200,true,-1.28
"LPB",142453,"/Date(1700205925000)/",15450,300,2188600,34115000000,-200,true,-1.28
"LPB",142453,"/Date(1700205922000)/",15450,400,2188300,34110000000,-200,true,-1.28
"LPB",142450,"/Date(1700205920000)/",15450,100,2187900,34104000000,-200,true,-1.28
"LPB",142437,"/Date(1700205912000)/",15500,3000,2187800,34103000000,-150,false,-0.96
"LPB",142430,"/Date(1700205905000)/",15450,500,2184800,34056000000,-200,true,-1.28
"LPB",142430,"/Date(1700205905000)/",15450,5000,2184300,34048000000,-200,true,-1.28
"LPB",142424,"/Date(1700205900000)/",15450,500,2179300,33971000000,-200,true,-1.28
"LPB",142424,"/Date(1700205898000)/",15450,100,2178800,33963000000,-200,true,-1.28
"LPB",142421,"/Date(1700205897000)/",15450,1500,2178700,33962000000,-200,true,-1.28
"LPB",142414,"/Date(1700205890000)/",15500,800,2177200,33939000000,-150,false,-0.96
"LPB",142411,"/Date(1700205886000)/",15450,100,2176400,33926000000,-200,true,-1.28
"LPB",142408,"/Date(1700205884000)/",15450,800,2176300,33925000000,-200,true,-1.28
"LPB",142405,"/Date(1700205880000)/",15450,700,2175500,33912000000,-200,true,-1.28
"LPB",142402,"/Date(1700205876000)/",15450,600,2174800,33902000000,-200,true,-1.28
"LPB",142358,"/Date(1700205874000)/",15450,500,2174200,33892000000,-200,true,-1.28
"LPB",142355,"/Date(1700205872000)/",15450,200,2173700,33885000000,-200,true,-1.28
"LPB",142355,"/Date(1700205870000)/",15450,400,2173500,33882000000,-200,true,-1.28
"LPB",142352,"/Date(1700205866000)/",15500,200,2173100,33875000000,-150,false,-0.96
"LPB",142349,"/Date(1700205864000)/",15450,200,2172900,33872000000,-200,true,-1.28
"LPB",142346,"/Date(1700205862000)/",15450,100,2172700,33869000000,-200,true,-1.28
"LPB",142346,"/Date(1700205861000)/",15450,1000,2172600,33868000000,-200,true,-1.28
"LPB",142342,"/Date(1700205857000)/",15450,800,2171600,33852000000,-200,true,-1.28
"LPB",142339,"/Date(1700205855000)/",15450,600,2170800,33840000000,-200,true,-1.28
"LPB",142339,"/Date(1700205853000)/",15450,500,2170200,33831000000,-200,true,-1.28
"LPB",142336,"/Date(1700205850000)/",15450,400,2169700,33823000000,-200,true,-1.28
"LPB",142333,"/Date(1700205848000)/",15450,300,2169300,33817000000,-200,true,-1.28
"LPB",142330,"/Date(1700205846000)/",15450,500,2169000,33812000000,-200,true,-1.28
"LPB",142330,"/Date(1700205844000)/",15450,400,2168500,33804000000,-200,true,-1.28
"LPB",142326,"/Date(1700205842000)/",15450,100,2168100,33798000000,-200,true,-1.28
"LPB",142326,"/Date(1700205841000)/",15450,1000,2168000,33797000000,-200,true,-1.28
"LPB",142320,"/Date(1700205835000)/",15450,200,2167000,33781000000,-200,true,-1.28
"LPB",142307,"/Date(1700205824000)/",15450,200,2166800,33778000000,-200,false,-1.28
"LPB",142307,"/Date(1700205823000)/",15450,2600,2166600,33775000000,-200,false,-1.28
"LPB",142307,"/Date(1700205822000)/",15450,100,2164000,33735000000,-200,false,-1.28
"LPB",142307,"/Date(1700205822000)/",15450,1100,2163900,33733000000,-200,false,-1.28
"LPB",142307,"/Date(1700205822000)/",15450,200,2162800,33716000000,-200,false,-1.28
"LPB",142307,"/Date(1700205822000)/",15450,200,2162600,33713000000,-200,false,-1.28
"LPB",142307,"/Date(1700205822000)/",15450,500,2162400,33710000000,-200,false,-1.28
"LPB",142307,"/Date(1700205822000)/",15450,2000,2161900,33702000000,-200,false,-1.28
"LPB",142307,"/Date(1700205822000)/",15450,1100,2159900,33671000000,-200,false,-1.28
"LPB",142307,"/Date(1700205822000)/",15450,300,2158800,33654000000,-200,false,-1.28
"LPB",142307,"/Date(1700205822000)/",15450,200,2158500,33650000000,-200,false,-1.28
"LPB",142307,"/Date(1700205822000)/",15450,300,2158300,33647000000,-200,false,-1.28
"LPB",142307,"/Date(1700205822000)/",15450,500,2158000,33642000000,-200,false,-1.28
"LPB",142307,"/Date(1700205822000)/",15450,1100,2157500,33634000000,-200,false,-1.28
"LPB",142307,"/Date(1700205822000)/",15450,400,2156400,33617000000,-200,false,-1.28
"LPB",142307,"/Date(1700205822000)/",15450,16200,2156000,33611000000,-200,false,-1.28
"LPB",142304,"/Date(1700205820000)/",15400,600,2139800,33361000000,-250,true,-1.6
"LPB",142304,"/Date(1700205819000)/",15400,5600,2139200,33352000000,-250,true,-1.6
"LPB",142304,"/Date(1700205819000)/",15400,200,2133600,33265000000,-250,true,-1.6
"LPB",142304,"/Date(1700205819000)/",15450,33800,2133400,33262000000,-200,false,-1.28
"LPB",142304,"/Date(1700205819000)/",15450,3800,2099600,32740000000,-200,false,-1.28
"LPB",142304,"/Date(1700205819000)/",15450,2000,2095800,32681000000,-200,false,-1.28
"LPB",142304,"/Date(1700205819000)/",15450,1100,2093800,32650000000,-200,false,-1.28
"LPB",142304,"/Date(1700205819000)/",15450,200,2092700,32633000000,-200,false,-1.28
"LPB",142304,"/Date(1700205819000)/",15450,9100,2092500,32630000000,-200,false,-1.28
"LPB",142304,"/Date(1700205818000)/",15450,1000,2083400,32490000000,-200,false,-1.28
"LPB",142241,"/Date(1700205798000)/",15450,9900,2082400,32474000000,-200,false,-1.28
"LPB",142241,"/Date(1700205798000)/",15450,100,2072500,32321000000,-200,false,-1.28
"LPB",142241,"/Date(1700205796000)/",15450,2000,2072400,32320000000,-200,false,-1.28
"LPB",142238,"/Date(1700205792000)/",15450,2000,2070400,32289000000,-200,false,-1.28
"LPB",142228,"/Date(1700205783000)/",15450,15900,2068400,32258000000,-200,false,-1.28
"LPB",142228,"/Date(1700205783000)/",15450,700,2052500,32012000000,-200,false,-1.28
"LPB",142228,"/Date(1700205783000)/",15450,1800,2051800,32002000000,-200,false,-1.28
"LPB",142219,"/Date(1700205774000)/",15400,300,2050000,31974000000,-250,true,-1.6
"LPB",142216,"/Date(1700205772000)/",15400,2800,2049700,31969000000,-250,true,-1.6
"LPB",142216,"/Date(1700205771000)/",15400,7200,2046900,31926000000,-250,true,-1.6
"LPB",142216,"/Date(1700205771000)/",15400,5000,2039700,31815000000,-250,true,-1.6
"LPB",142216,"/Date(1700205771000)/",15400,200,2034700,31738000000,-250,true,-1.6
"LPB",142216,"/Date(1700205771000)/",15400,100,2034500,31735000000,-250,true,-1.6
"LPB",142216,"/Date(1700205771000)/",15400,100,2034400,31734000000,-250,true,-1.6
"LPB",142216,"/Date(1700205771000)/",15400,1000,2034300,31732000000,-250,true,-1.6
"LPB",142216,"/Date(1700205771000)/",15400,1500,2033300,31717000000,-250,true,-1.6
"LPB",142216,"/Date(1700205771000)/",15400,500,2031800,31694000000,-250,true,-1.6
"LPB",142216,"/Date(1700205771000)/",15400,10000,2031300,31686000000,-250,true,-1.6
"LPB",142216,"/Date(1700205771000)/",15400,100,2021300,31532000000,-250,true,-1.6
"LPB",142216,"/Date(1700205771000)/",15400,300,2021200,31530000000,-250,true,-1.6
"LPB",142212,"/Date(1700205769000)/",15450,2000,2020900,31526000000,-200,false,-1.28
"LPB",142212,"/Date(1700205769000)/",15450,1000,2018900,31495000000,-200,false,-1.28
"LPB",142212,"/Date(1700205769000)/",15450,7000,2017900,31479000000,-200,false,-1.28
"LPB",142156,"/Date(1700205751000)/",15400,400,2010900,31371000000,-250,true,-1.6
"LPB",142146,"/Date(1700205742000)/",15400,300,2010500,31365000000,-250,true,-1.6
"LPB",142143,"/Date(1700205737000)/",15400,200,2010200,31360000000,-250,true,-1.6
"LPB",142140,"/Date(1700205734000)/",15400,400,2010000,31357000000,-250,true,-1.6
"LPB",142137,"/Date(1700205731000)/",15400,300,2009600,31351000000,-250,true,-1.6
"LPB",142134,"/Date(1700205728000)/",15400,100,2009300,31347000000,-250,true,-1.6
"LPB",142130,"/Date(1700205725000)/",15400,200,2009200,31345000000,-250,true,-1.6
"LPB",142127,"/Date(1700205721000)/",15400,300,2009000,31342000000,-250,true,-1.6
"LPB",142124,"/Date(1700205718000)/",15400,100,2008700,31337000000,-250,true,-1.6
"LPB",142121,"/Date(1700205717000)/",15400,500,2008600,31336000000,-250,true,-1.6
"LPB",142121,"/Date(1700205715000)/",15400,800,2008100,31328000000,-250,true,-1.6
"LPB",142114,"/Date(1700205711000)/",15400,200,2007300,31316000000,-250,true,-1.6
"LPB",142114,"/Date(1700205708000)/",15400,500,2007100,31313000000,-250,true,-1.6
"LPB",142111,"/Date(1700205706000)/",15400,400,2006600,31305000000,-250,true,-1.6
"LPB",142105,"/Date(1700205700000)/",15400,200,2006200,31299000000,-250,true,-1.6
"LPB",142102,"/Date(1700205698000)/",15400,400,2006000,31296000000,-250,true,-1.6
"LPB",142102,"/Date(1700205696000)/",15400,300,2005600,31290000000,-250,true,-1.6
"LPB",142052,"/Date(1700205687000)/",15400,500,2005300,31285000000,-250,true,-1.6
"LPB",142052,"/Date(1700205686000)/",15400,5000,2004800,31277000000,-250,true,-1.6
"LPB",142033,"/Date(1700205669000)/",15450,2000,1999800,31200000000,-200,false,-1.28
"LPB",142030,"/Date(1700205665000)/",15450,3000,1997800,31169000000,-200,false,-1.28
"LPB",141942,"/Date(1700205617000)/",15450,3000,1994800,31123000000,-200,false,-1.28
"LPB",141942,"/Date(1700205617000)/",15450,2000,1991800,31077000000,-200,false,-1.28
"LPB",141929,"/Date(1700205605000)/",15450,3000,1989800,31046000000,-200,false,-1.28
"LPB",141929,"/Date(1700205605000)/",15450,400,1986800,30999000000,-200,false,-1.28
"LPB",141929,"/Date(1700205605000)/",15450,6600,1986400,30993000000,-200,false,-1.28
"LPB",141903,"/Date(1700205578000)/",15400,500,1979800,30891000000,-250,true,-1.6
"LPB",141844,"/Date(1700205558000)/",15400,100,1979300,30884000000,-250,true,-1.6
"LPB",141841,"/Date(1700205557000)/",15400,1200,1979200,30882000000,-250,true,-1.6
"LPB",141837,"/Date(1700205553000)/",15400,300,1978000,30863000000,-250,true,-1.6
"LPB",141831,"/Date(1700205546000)/",15400,400,1977700,30859000000,-250,true,-1.6
"LPB",141828,"/Date(1700205542000)/",15400,200,1977300,30853000000,-250,true,-1.6
"LPB",141825,"/Date(1700205540000)/",15400,500,1977100,30850000000,-250,true,-1.6
"LPB",141825,"/Date(1700205539000)/",15400,400,1976600,30842000000,-250,true,-1.6
"LPB",141821,"/Date(1700205537000)/",15400,200,1976200,30836000000,-250,true,-1.6
"LPB",141815,"/Date(1700205531000)/",15400,300,1976000,30833000000,-250,true,-1.6
"LPB",141815,"/Date(1700205530000)/",15400,3000,1975700,30828000000,-250,true,-1.6
"LPB",141815,"/Date(1700205529000)/",15400,200,1972700,30782000000,-250,true,-1.6
"LPB",141812,"/Date(1700205527000)/",15400,300,1972500,30779000000,-250,true,-1.6
"LPB",141809,"/Date(1700205524000)/",15400,500,1972200,30774000000,-250,true,-1.6
"LPB",141805,"/Date(1700205521000)/",15400,400,1971700,30766000000,-250,true,-1.6
"LPB",141805,"/Date(1700205519000)/",15400,300,1971300,30760000000,-250,true,-1.6
"LPB",141805,"/Date(1700205519000)/",15400,500,1971000,30756000000,-250,true,-1.6
"LPB",141802,"/Date(1700205517000)/",15400,200,1970500,30748000000,-250,true,-1.6
"LPB",141759,"/Date(1700205515000)/",15400,400,1970300,30745000000,-250,true,-1.6
"LPB",141759,"/Date(1700205513000)/",15400,500,1969900,30739000000,-250,true,-1.6
"LPB",141756,"/Date(1700205512000)/",15400,400,1969400,30731000000,-250,true,-1.6
"LPB",141756,"/Date(1700205510000)/",15400,300,1969000,30725000000,-250,true,-1.6
"LPB",141642,"/Date(1700205436000)/",15450,8400,1968700,30720000000,-200,false,-1.28
"LPB",141642,"/Date(1700205436000)/",15450,1600,1960300,30590000000,-200,false,-1.28
"LPB",141434,"/Date(1700205308000)/",15450,2200,1958700,30566000000,-200,false,-1.28
"LPB",141434,"/Date(1700205308000)/",15450,100,1956500,30532000000,-200,false,-1.28
"LPB",141434,"/Date(1700205308000)/",15450,100,1956400,30530000000,-200,false,-1.28
"LPB",141434,"/Date(1700205308000)/",15450,100,1956300,30529000000,-200,false,-1.28
"LPB",141434,"/Date(1700205308000)/",15450,100,1956200,30527000000,-200,false,-1.28
"LPB",141434,"/Date(1700205308000)/",15450,1400,1956100,30526000000,-200,false,-1.28
"LPB",141434,"/Date(1700205308000)/",15450,2400,1954700,30504000000,-200,false,-1.28
"LPB",141424,"/Date(1700205300000)/",15400,500,1952300,30467000000,-250,true,-1.6
"LPB",141424,"/Date(1700205299000)/",15400,5000,1951800,30459000000,-250,true,-1.6
"LPB",141408,"/Date(1700205283000)/",15400,700,1946800,30382000000,-250,true,-1.6
"LPB",141223,"/Date(1700205177000)/",15400,400,1946100,30371000000,-250,true,-1.6
"LPB",141223,"/Date(1700205176000)/",15400,3800,1945700,30365000000,-250,true,-1.6
"LPB",141210,"/Date(1700205165000)/",15400,400,1941900,30307000000,-250,true,-1.6
"LPB",141210,"/Date(1700205165000)/",15400,3800,1941500,30301000000,-250,true,-1.6
"LPB",141144,"/Date(1700205138000)/",15400,300,1937700,30242000000,-250,true,-1.6
"LPB",141144,"/Date(1700205137000)/",15400,3000,1937400,30237000000,-250,true,-1.6
"LPB",141135,"/Date(1700205128000)/",15450,600,1934400,30191000000,-200,false,-1.28
"LPB",141031,"/Date(1700205065000)/",15400,100,1933800,30182000000,-250,true,-1.6
"LPB",141031,"/Date(1700205064000)/",15400,1000,1933700,30180000000,-250,true,-1.6
"LPB",141015,"/Date(1700205047000)/",15450,1000,1932700,30165000000,-200,false,-1.28
"LPB",141008,"/Date(1700205041000)/",15450,200,1931700,30150000000,-200,false,-1.28
"LPB",140946,"/Date(1700205019000)/",15450,1000,1931500,30146000000,-200,false,-1.28
"LPB",140936,"/Date(1700205009000)/",15450,300,1930500,30131000000,-200,true,-1.28
"LPB",140936,"/Date(1700205009000)/",15450,400,1930200,30126000000,-200,true,-1.28
"LPB",140936,"/Date(1700205009000)/",15450,1000,1929800,30120000000,-200,true,-1.28
"LPB",140936,"/Date(1700205009000)/",15450,5000,1928800,30105000000,-200,true,-1.28
"LPB",140936,"/Date(1700205009000)/",15450,2000,1923800,30028000000,-200,true,-1.28
"LPB",140936,"/Date(1700205009000)/",15450,6100,1921800,29997000000,-200,true,-1.28
"LPB",140923,"/Date(1700204997000)/",15450,400,1915700,29902000000,-200,true,-1.28
"LPB",140923,"/Date(1700204996000)/",15450,3500,1915300,29896000000,-200,true,-1.28
"LPB",140923,"/Date(1700204996000)/",15450,300,1911800,29842000000,-200,true,-1.28
"LPB",140917,"/Date(1700204991000)/",15450,200,1911500,29837000000,-200,true,-1.28
"LPB",140904,"/Date(1700204978000)/",15500,5900,1911300,29834000000,-150,false,-0.96
"LPB",140904,"/Date(1700204978000)/",15500,1000,1905400,29743000000,-150,false,-0.96
"LPB",140904,"/Date(1700204978000)/",15500,600,1904400,29727000000,-150,false,-0.96
"LPB",140904,"/Date(1700204978000)/",15500,1400,1903800,29718000000,-150,false,-0.96
"LPB",140854,"/Date(1700204968000)/",15500,1000,1902400,29696000000,-150,false,-0.96
"LPB",140845,"/Date(1700204959000)/",15500,1000,1901400,29681000000,-150,false,-0.96
"LPB",140719,"/Date(1700204872000)/",15450,100,1900400,29665000000,-200,true,-1.28
"LPB",140715,"/Date(1700204871000)/",15450,1100,1900300,29664000000,-200,true,-1.28
"LPB",140624,"/Date(1700204819000)/",15450,500,1899200,29647000000,-200,true,-1.28
"LPB",140624,"/Date(1700204817000)/",15450,5000,1898700,29639000000,-200,true,-1.28
"LPB",140621,"/Date(1700204816000)/",15450,500,1893700,29562000000,-200,true,-1.28
"LPB",140559,"/Date(1700204791000)/",15450,500,1893200,29554000000,-200,true,-1.28
"LPB",140546,"/Date(1700204781000)/",15450,100,1892700,29546000000,-200,false,-1.28
"LPB",140546,"/Date(1700204780000)/",15450,1300,1892600,29545000000,-200,false,-1.28
"LPB",140546,"/Date(1700204779000)/",15450,3000,1891300,29525000000,-200,false,-1.28
"LPB",140546,"/Date(1700204779000)/",15450,500,1888300,29478000000,-200,false,-1.28
"LPB",140546,"/Date(1700204779000)/",15450,8500,1887800,29471000000,-200,false,-1.28
"LPB",140536,"/Date(1700204770000)/",15450,100,1879300,29339000000,-200,false,-1.28
"LPB",140523,"/Date(1700204758000)/",15400,100,1879200,29338000000,-250,true,-1.6
"LPB",140501,"/Date(1700204735000)/",15400,200,1879100,29336000000,-250,true,-1.6
"LPB",140501,"/Date(1700204734000)/",15400,2700,1878900,29333000000,-250,true,-1.6
"LPB",140448,"/Date(1700204723000)/",15450,100,1876200,29292000000,-200,true,-1.28
"LPB",140448,"/Date(1700204723000)/",15450,5300,1876100,29290000000,-200,true,-1.28
"LPB",140344,"/Date(1700204658000)/",15450,100,1870800,29208000000,-200,true,-1.28
"LPB",140331,"/Date(1700204646000)/",15450,300,1870700,29207000000,-200,true,-1.28
"LPB",140331,"/Date(1700204645000)/",15450,3000,1870400,29202000000,-200,true,-1.28
"LPB",140306,"/Date(1700204618000)/",15450,100,1867400,29156000000,-200,true,-1.28
"LPB",140259,"/Date(1700204612000)/",15450,100,1867300,29154000000,-200,true,-1.28
"LPB",140256,"/Date(1700204611000)/",15450,1000,1867200,29153000000,-200,false,-1.28
"LPB",140256,"/Date(1700204610000)/",15450,7500,1866200,29137000000,-200,false,-1.28
"LPB",140256,"/Date(1700204610000)/",15450,2000,1858700,29021000000,-200,false,-1.28
"LPB",140256,"/Date(1700204610000)/",15450,200,1856700,28990000000,-200,false,-1.28
"LPB",140256,"/Date(1700204610000)/",15450,100,1856500,28987000000,-200,false,-1.28
"LPB",140234,"/Date(1700204586000)/",15450,1000,1856400,28986000000,-200,true,-1.28
"LPB",140215,"/Date(1700204569000)/",15450,100,1855400,28970000000,-200,true,-1.28
"LPB",140205,"/Date(1700204559000)/",15450,200,1855300,28969000000,-200,true,-1.28
"LPB",140205,"/Date(1700204558000)/",15450,2000,1855100,28966000000,-200,true,-1.28
"LPB",140202,"/Date(1700204555000)/",15450,400,1853100,28935000000,-200,true,-1.28
"LPB",140159,"/Date(1700204554000)/",15450,3800,1852700,28929000000,-200,true,-1.28
"LPB",140042,"/Date(1700204475000)/",15450,400,1848900,28870000000,-200,true,-1.28
"LPB",140042,"/Date(1700204474000)/",15450,3800,1848500,28864000000,-200,true,-1.28
"LPB",140035,"/Date(1700204470000)/",15450,300,1844700,28805000000,-200,true,-1.28
"LPB",140035,"/Date(1700204469000)/",15450,3000,1844400,28800000000,-200,true,-1.28
"LPB",140023,"/Date(1700204456000)/",15550,100,1841400,28754000000,-100,false,-0.64
"LPB",140010,"/Date(1700204444000)/",15400,500,1841300,28752000000,-250,false,-1.6
"LPB",140010,"/Date(1700204443000)/",15400,200,1840800,28745000000,-250,false,-1.6
"LPB",140010,"/Date(1700204443000)/",15400,300,1840600,28742000000,-250,false,-1.6
"LPB",140010,"/Date(1700204443000)/",15400,4500,1840300,28737000000,-250,false,-1.6
"LPB",140000,"/Date(1700204434000)/",15400,1500,1835800,28668000000,-250,false,-1.6
"LPB",140000,"/Date(1700204434000)/",15400,500,1834300,28645000000,-250,false,-1.6
"LPB",140000,"/Date(1700204433000)/",15350,100,1833800,28637000000,-300,true,-1.92
"LPB",140000,"/Date(1700204433000)/",15350,500,1833700,28635000000,-300,true,-1.92
"LPB",140000,"/Date(1700204433000)/",15350,200,1833200,28628000000,-300,true,-1.92
"LPB",135938,"/Date(1700204412000)/",15400,200,1833000,28625000000,-250,false,-1.6
"LPB",135938,"/Date(1700204412000)/",15400,300,1832800,28622000000,-250,false,-1.6
"LPB",135938,"/Date(1700204412000)/",15400,100,1832500,28617000000,-250,false,-1.6
"LPB",135938,"/Date(1700204412000)/",15400,100,1832400,28615000000,-250,false,-1.6
"LPB",135938,"/Date(1700204412000)/",15400,500,1832300,28614000000,-250,false,-1.6
"LPB",135938,"/Date(1700204412000)/",15400,2300,1831800,28606000000,-250,false,-1.6
"LPB",135925,"/Date(1700204396000)/",15400,100,1829500,28571000000,-250,true,-1.6
"LPB",135859,"/Date(1700204372000)/",15400,200,1829400,28569000000,-250,true,-1.6
"LPB",135859,"/Date(1700204371000)/",15400,2200,1829200,28566000000,-250,true,-1.6
"LPB",135856,"/Date(1700204370000)/",15400,5200,1827000,28532000000,-250,true,-1.6
"LPB",135856,"/Date(1700204370000)/",15400,100,1821800,28452000000,-250,true,-1.6
"LPB",135856,"/Date(1700204370000)/",15400,400,1821700,28451000000,-250,true,-1.6
"LPB",135856,"/Date(1700204370000)/",15400,5000,1821300,28445000000,-250,true,-1.6
"LPB",135856,"/Date(1700204370000)/",15400,9300,1816300,28368000000,-250,true,-1.6
"LPB",135850,"/Date(1700204363000)/",15400,700,1807000,28224000000,-250,true,-1.6
"LPB",135850,"/Date(1700204362000)/",15400,200,1806300,28214000000,-250,true,-1.6
"LPB",135850,"/Date(1700204362000)/",15400,100,1806100,28210000000,-250,true,-1.6
"LPB",135850,"/Date(1700204362000)/",15400,200,1806000,28209000000,-250,true,-1.6
"LPB",135850,"/Date(1700204362000)/",15400,100,1805800,28206000000,-250,true,-1.6
"LPB",135850,"/Date(1700204362000)/",15400,500,1805700,28204000000,-250,true,-1.6
"LPB",135850,"/Date(1700204362000)/",15400,300,1805200,28197000000,-250,true,-1.6
"LPB",135850,"/Date(1700204362000)/",15400,400,1804900,28192000000,-250,true,-1.6
"LPB",135850,"/Date(1700204362000)/",15500,700,1804500,28186000000,-150,false,-0.96
"LPB",135850,"/Date(1700204362000)/",15500,4300,1803800,28175000000,-150,false,-0.96
"LPB",135850,"/Date(1700204361000)/",15400,23000,1799500,28108000000,-250,true,-1.6
"LPB",135843,"/Date(1700204356000)/",15500,200,1776500,27754000000,-150,false,-0.96
"LPB",135745,"/Date(1700204300000)/",15400,800,1776300,27751000000,-250,true,-1.6
"LPB",135745,"/Date(1700204299000)/",15400,7600,1775500,27739000000,-250,true,-1.6
"LPB",135733,"/Date(1700204287000)/",15400,100,1767900,27622000000,-250,true,-1.6
"LPB",135733,"/Date(1700204286000)/",15400,100,1767800,27620000000,-250,true,-1.6
"LPB",135733,"/Date(1700204286000)/",15550,700,1767700,27619000000,-100,false,-0.64
"LPB",135733,"/Date(1700204286000)/",15550,300,1767000,27608000000,-100,false,-0.64
"LPB",135733,"/Date(1700204285000)/",15400,1400,1766700,27603000000,-250,true,-1.6
"LPB",135733,"/Date(1700204284000)/",15400,6000,1765300,27581000000,-250,true,-1.6
"LPB",135733,"/Date(1700204284000)/",15500,200,1759300,27489000000,-150,true,-0.96
"LPB",135733,"/Date(1700204284000)/",15500,5000,1759100,27486000000,-150,true,-0.96
"LPB",135733,"/Date(1700204284000)/",15500,100,1754100,27408000000,-150,true,-0.96
"LPB",135733,"/Date(1700204284000)/",15500,2100,1754000,27407000000,-150,true,-0.96
"LPB",135726,"/Date(1700204279000)/",15500,800,1751900,27374000000,-150,true,-0.96
"LPB",135726,"/Date(1700204278000)/",15500,100,1751100,27362000000,-150,true,-0.96
"LPB",135726,"/Date(1700204278000)/",15500,7500,1751000,27360000000,-150,true,-0.96
"LPB",135616,"/Date(1700204209000)/",15500,100,1743500,27244000000,-150,true,-0.96
"LPB",135547,"/Date(1700204178000)/",15550,200,1743400,27243000000,-100,false,-0.64
"LPB",135531,"/Date(1700204165000)/",15550,4000,1743200,27239000000,-100,false,-0.64
"LPB",135531,"/Date(1700204165000)/",15550,100,1739200,27177000000,-100,false,-0.64
"LPB",135531,"/Date(1700204165000)/",15550,200,1739100,27176000000,-100,false,-0.64
"LPB",135531,"/Date(1700204165000)/",15550,200,1738900,27173000000,-100,false,-0.64
"LPB",135531,"/Date(1700204165000)/",15550,500,1738700,27170000000,-100,false,-0.64
"LPB",135518,"/Date(1700204152000)/",15500,200,1738200,27162000000,-150,true,-0.96
"LPB",135518,"/Date(1700204151000)/",15500,200,1738000,27159000000,-150,true,-0.96
"LPB",135518,"/Date(1700204151000)/",15500,2000,1737800,27156000000,-150,true,-0.96
"LPB",135512,"/Date(1700204145000)/",15500,1000,1735800,27125000000,-150,false,-0.96
"LPB",135512,"/Date(1700204145000)/",15500,1000,1734800,27109000000,-150,false,-0.96
"LPB",135459,"/Date(1700204133000)/",15500,12100,1733800,27094000000,-150,false,-0.96
"LPB",135459,"/Date(1700204133000)/",15500,20000,1721700,26906000000,-150,false,-0.96
"LPB",135459,"/Date(1700204133000)/",15500,4900,1701700,26596000000,-150,false,-0.96
"LPB",135439,"/Date(1700204113000)/",15500,100,1696800,26520000000,-150,false,-0.96
"LPB",135411,"/Date(1700204083000)/",15500,61700,1696700,26518000000,-150,false,-0.96
"LPB",135411,"/Date(1700204083000)/",15500,1000,1635000,25562000000,-150,false,-0.96
"LPB",135411,"/Date(1700204083000)/",15500,100,1634000,25547000000,-150,false,-0.96
"LPB",135411,"/Date(1700204083000)/",15500,20000,1633900,25545000000,-150,false,-0.96
"LPB",135411,"/Date(1700204083000)/",15450,1000,1613900,25235000000,-200,false,-1.28
"LPB",135411,"/Date(1700204083000)/",15450,8600,1612900,25220000000,-200,false,-1.28
"LPB",135411,"/Date(1700204083000)/",15450,6300,1604300,25087000000,-200,false,-1.28
"LPB",135411,"/Date(1700204083000)/",15450,3000,1598000,24989000000,-200,false,-1.28
"LPB",135411,"/Date(1700204083000)/",15450,100,1595000,24943000000,-200,false,-1.28
"LPB",135411,"/Date(1700204083000)/",15450,200,1594900,24942000000,-200,false,-1.28
"LPB",135411,"/Date(1700204083000)/",15450,100,1594700,24938000000,-200,false,-1.28
"LPB",135411,"/Date(1700204083000)/",15450,7900,1594600,24937000000,-200,false,-1.28
"LPB",135355,"/Date(1700204067000)/",15400,100,1586700,24815000000,-250,true,-1.6
"LPB",135355,"/Date(1700204066000)/",15400,100,1586600,24813000000,-250,true,-1.6
"LPB",135348,"/Date(1700204062000)/",15400,200,1586500,24812000000,-250,true,-1.6
"LPB",135348,"/Date(1700204061000)/",15400,2000,1586300,24809000000,-250,true,-1.6
"LPB",135335,"/Date(1700204049000)/",15400,400,1584300,24778000000,-250,true,-1.6
"LPB",135329,"/Date(1700204042000)/",15400,200,1583900,24772000000,-250,true,-1.6
"LPB",135231,"/Date(1700203985000)/",15400,400,1583700,24769000000,-250,true,-1.6
"LPB",135231,"/Date(1700203984000)/",15400,4500,1583300,24762000000,-250,true,-1.6
"LPB",135231,"/Date(1700203983000)/",15400,300,1578800,24693000000,-250,true,-1.6
"LPB",135228,"/Date(1700203982000)/",15400,2400,1578500,24689000000,-250,true,-1.6
"LPB",135228,"/Date(1700203982000)/",15400,600,1576100,24652000000,-250,true,-1.6
"LPB",135225,"/Date(1700203977000)/",15400,100,1575500,24642000000,-250,true,-1.6
"LPB",135222,"/Date(1700203976000)/",15400,300,1575400,24641000000,-250,true,-1.6
"LPB",135222,"/Date(1700203976000)/",15400,700,1575100,24636000000,-250,true,-1.6
"LPB",135219,"/Date(1700203972000)/",15400,300,1574400,24625000000,-250,true,-1.6
"LPB",135219,"/Date(1700203971000)/",15400,400,1574100,24621000000,-250,true,-1.6
"LPB",135219,"/Date(1700203971000)/",15400,3000,1573700,24615000000,-250,true,-1.6
"LPB",135212,"/Date(1700203964000)/",15400,100,1570700,24568000000,-250,true,-1.6
"LPB",135203,"/Date(1700203954000)/",15400,400,1570600,24567000000,-250,true,-1.6
"LPB",135203,"/Date(1700203953000)/",15450,100,1570200,24561000000,-200,false,-1.28
"LPB",135153,"/Date(1700203945000)/",15400,600,1570100,24559000000,-250,true,-1.6
"LPB",135153,"/Date(1700203945000)/",15400,100,1569500,24550000000,-250,true,-1.6
"LPB",135153,"/Date(1700203944000)/",15400,1000,1569400,24548000000,-250,true,-1.6
"LPB",135150,"/Date(1700203942000)/",15400,200,1568400,24533000000,-250,true,-1.6
"LPB",135150,"/Date(1700203941000)/",15400,2000,1568200,24530000000,-250,true,-1.6
"LPB",135140,"/Date(1700203933000)/",15400,400,1566200,24499000000,-250,true,-1.6
"LPB",135140,"/Date(1700203933000)/",15400,700,1565800,24493000000,-250,true,-1.6
"LPB",135140,"/Date(1700203931000)/",15400,700,1565100,24482000000,-250,true,-1.6
"LPB",135134,"/Date(1700203925000)/",15400,200,1564400,24471000000,-250,true,-1.6
"LPB",135114,"/Date(1700203907000)/",15400,300,1564200,24468000000,-250,true,-1.6
"LPB",135114,"/Date(1700203906000)/",15400,3000,1563900,24464000000,-250,true,-1.6
"LPB",135111,"/Date(1700203904000)/",15400,100,1560900,24418000000,-250,true,-1.6
"LPB",135102,"/Date(1700203894000)/",15400,100,1560800,24416000000,-250,true,-1.6
"LPB",135102,"/Date(1700203893000)/",15400,1000,1560700,24414000000,-250,true,-1.6
"LPB",135058,"/Date(1700203892000)/",15400,9400,1559700,24399000000,-250,true,-1.6
"LPB",135058,"/Date(1700203890000)/",15400,500,1550300,24254000000,-250,true,-1.6
"LPB",135036,"/Date(1700203868000)/",15400,100,1549800,24247000000,-250,true,-1.6
"LPB",135036,"/Date(1700203867000)/",15400,1100,1549700,24245000000,-250,true,-1.6
"LPB",135033,"/Date(1700203866000)/",15400,10000,1548600,24228000000,-250,true,-1.6
"LPB",135030,"/Date(1700203863000)/",15400,100,1538600,24074000000,-250,true,-1.6
"LPB",135030,"/Date(1700203862000)/",15400,1500,1538500,24073000000,-250,true,-1.6
"LPB",135030,"/Date(1700203861000)/",15400,14100,1537000,24049000000,-250,true,-1.6
"LPB",135020,"/Date(1700203853000)/",15400,700,1522900,23832000000,-250,false,-1.6
"LPB",135020,"/Date(1700203852000)/",15400,1000,1522200,23822000000,-250,false,-1.6
"LPB",135020,"/Date(1700203852000)/",15400,3700,1521200,23806000000,-250,false,-1.6
"LPB",135020,"/Date(1700203852000)/",15400,2500,1517500,23749000000,-250,false,-1.6
"LPB",135004,"/Date(1700203836000)/",15400,100,1515000,23711000000,-250,false,-1.6
"LPB",135004,"/Date(1700203836000)/",15400,300,1514900,23709000000,-250,false,-1.6
"LPB",135004,"/Date(1700203836000)/",15400,100,1514600,23705000000,-250,false,-1.6
"LPB",134958,"/Date(1700203830000)/",15400,100,1514500,23703000000,-250,true,-1.6
"LPB",134958,"/Date(1700203829000)/",15400,1200,1514400,23701000000,-250,true,-1.6
"LPB",134954,"/Date(1700203824000)/",15400,500,1513200,23683000000,-250,true,-1.6
"LPB",134932,"/Date(1700203802000)/",15400,100,1512700,23675000000,-250,true,-1.6
"LPB",134928,"/Date(1700203801000)/",15400,100,1512600,23674000000,-250,true,-1.6
"LPB",134928,"/Date(1700203801000)/",15400,100,1512500,23672000000,-250,true,-1.6
"LPB",134928,"/Date(1700203801000)/",15400,300,1512400,23671000000,-250,true,-1.6
"LPB",134928,"/Date(1700203801000)/",15400,500,1512100,23666000000,-250,true,-1.6
"LPB",134925,"/Date(1700203796000)/",15400,100,1511600,23658000000,-250,true,-1.6
"LPB",134925,"/Date(1700203796000)/",15400,300,1511500,23657000000,-250,true,-1.6
"LPB",134922,"/Date(1700203795000)/",15400,3800,1511200,23652000000,-250,true,-1.6
"LPB",134919,"/Date(1700203790000)/",15400,100,1507400,23594000000,-250,true,-1.6
"LPB",134916,"/Date(1700203789000)/",15400,1000,1507300,23592000000,-250,true,-1.6
"LPB",134906,"/Date(1700203778000)/",15400,400,1506300,23577000000,-250,true,-1.6
"LPB",134906,"/Date(1700203778000)/",15400,3800,1505900,23571000000,-250,true,-1.6
"LPB",134903,"/Date(1700203774000)/",15400,500,1502100,23512000000,-250,true,-1.6
"LPB",134856,"/Date(1700203769000)/",15400,400,1501600,23504000000,-250,true,-1.6
"LPB",134856,"/Date(1700203769000)/",15400,3800,1501200,23498000000,-250,true,-1.6
"LPB",134850,"/Date(1700203761000)/",15400,400,1497400,23440000000,-250,true,-1.6
"LPB",134847,"/Date(1700203760000)/",15400,4000,1497000,23433000000,-250,true,-1.6
"LPB",134821,"/Date(1700203735000)/",15400,100,1493000,23372000000,-250,true,-1.6
"LPB",134821,"/Date(1700203732000)/",15400,100,1492900,23370000000,-250,true,-1.6
"LPB",134746,"/Date(1700203698000)/",15400,100,1492800,23369000000,-250,true,-1.6
"LPB",134746,"/Date(1700203697000)/",15400,1400,1492700,23367000000,-250,true,-1.6
"LPB",134742,"/Date(1700203695000)/",15400,200,1491300,23346000000,-250,true,-1.6
"LPB",134742,"/Date(1700203694000)/",15400,2000,1491100,23343000000,-250,true,-1.6
"LPB",134742,"/Date(1700203693000)/",15400,400,1489100,23312000000,-250,true,-1.6
"LPB",134739,"/Date(1700203692000)/",15400,3800,1488700,23306000000,-250,true,-1.6
"LPB",134657,"/Date(1700203650000)/",15400,900,1484900,23247000000,-250,true,-1.6
"LPB",134654,"/Date(1700203647000)/",15400,200,1484000,23233000000,-250,true,-1.6
"LPB",134654,"/Date(1700203646000)/",15400,2000,1483800,23230000000,-250,true,-1.6
"LPB",134612,"/Date(1700203604000)/",15400,200,1481800,23199000000,-250,true,-1.6
"LPB",134612,"/Date(1700203603000)/",15400,100,1481600,23196000000,-250,true,-1.6
"LPB",134612,"/Date(1700203603000)/",15400,300,1481500,23195000000,-250,true,-1.6
"LPB",134612,"/Date(1700203603000)/",15400,1000,1481200,23190000000,-250,true,-1.6
"LPB",134612,"/Date(1700203603000)/",15400,300,1480200,23175000000,-250,true,-1.6
"LPB",134612,"/Date(1700203603000)/",15400,200,1479900,23170000000,-250,true,-1.6
"LPB",134612,"/Date(1700203603000)/",15400,100,1479700,23167000000,-250,true,-1.6
"LPB",134609,"/Date(1700203602000)/",15400,700,1479600,23166000000,-250,true,-1.6
"LPB",134609,"/Date(1700203602000)/",15400,100,1478900,23155000000,-250,true,-1.6
"LPB",134609,"/Date(1700203602000)/",15400,200,1478800,23153000000,-250,true,-1.6
"LPB",134559,"/Date(1700203591000)/",15400,100,1478600,23150000000,-250,true,-1.6
"LPB",134556,"/Date(1700203588000)/",15400,200,1478500,23149000000,-250,true,-1.6
"LPB",134553,"/Date(1700203585000)/",15400,100,1478300,23145000000,-250,true,-1.6
"LPB",134543,"/Date(1700203573000)/",15400,100,1478200,23144000000,-250,true,-1.6
"LPB",134543,"/Date(1700203573000)/",15400,100,1478100,23142000000,-250,true,-1.6
"LPB",134540,"/Date(1700203572000)/",15400,400,1478000,23141000000,-250,true,-1.6
"LPB",134537,"/Date(1700203569000)/",15400,300,1477600,23135000000,-250,true,-1.6
"LPB",134537,"/Date(1700203567000)/",15450,1000,1477300,23130000000,-200,false,-1.28
"LPB",134533,"/Date(1700203566000)/",15400,200,1476300,23115000000,-250,true,-1.6
"LPB",134533,"/Date(1700203566000)/",15400,200,1476100,23112000000,-250,true,-1.6
"LPB",134533,"/Date(1700203564000)/",15400,300,1475900,23108000000,-250,true,-1.6
"LPB",134530,"/Date(1700203563000)/",15400,200,1475600,23104000000,-250,true,-1.6
"LPB",134530,"/Date(1700203561000)/",15400,500,1475400,23101000000,-250,true,-1.6
"LPB",134527,"/Date(1700203559000)/",15400,400,1474900,23093000000,-250,true,-1.6
"LPB",134527,"/Date(1700203559000)/",15400,100,1474500,23087000000,-250,true,-1.6
"LPB",134527,"/Date(1700203558000)/",15400,300,1474400,23085000000,-250,true,-1.6
"LPB",134527,"/Date(1700203558000)/",15400,1000,1474100,23081000000,-250,true,-1.6
"LPB",134527,"/Date(1700203558000)/",15400,200,1473100,23065000000,-250,true,-1.6
"LPB",134524,"/Date(1700203557000)/",15400,300,1472900,23062000000,-250,true,-1.6
"LPB",134501,"/Date(1700203534000)/",15450,300,1472600,23058000000,-200,false,-1.28
"LPB",134501,"/Date(1700203534000)/",15450,300,1472300,23053000000,-200,false,-1.28
"LPB",134501,"/Date(1700203534000)/",15450,200,1472000,23048000000,-200,false,-1.28
"LPB",134458,"/Date(1700203531000)/",15450,100,1471800,23045000000,-200,true,-1.28
"LPB",134458,"/Date(1700203531000)/",15450,100,1471700,23044000000,-200,true,-1.28
"LPB",134458,"/Date(1700203531000)/",15450,100,1471600,23042000000,-200,true,-1.28
"LPB",134455,"/Date(1700203528000)/",15450,100,1471500,23041000000,-200,true,-1.28
"LPB",134455,"/Date(1700203528000)/",15450,100,1471400,23039000000,-200,true,-1.28
"LPB",134455,"/Date(1700203526000)/",15450,300,1471300,23038000000,-200,true,-1.28
"LPB",134452,"/Date(1700203524000)/",15450,400,1471000,23033000000,-200,true,-1.28
"LPB",134452,"/Date(1700203523000)/",15450,200,1470600,23027000000,-200,true,-1.28
"LPB",134452,"/Date(1700203523000)/",15450,200,1470400,23024000000,-200,true,-1.28
"LPB",134452,"/Date(1700203522000)/",15450,300,1470200,23021000000,-200,true,-1.28
"LPB",134452,"/Date(1700203522000)/",15450,500,1469900,23016000000,-200,true,-1.28
"LPB",134452,"/Date(1700203522000)/",15450,3000,1469400,23008000000,-200,true,-1.28
"LPB",134445,"/Date(1700203517000)/",15450,400,1466400,22962000000,-200,true,-1.28
"LPB",134445,"/Date(1700203516000)/",15450,2000,1466000,22956000000,-200,true,-1.28
"LPB",134445,"/Date(1700203516000)/",15500,1800,1464000,22925000000,-150,true,-0.96
"LPB",134442,"/Date(1700203515000)/",15500,200,1462200,22897000000,-150,true,-0.96
"LPB",134439,"/Date(1700203511000)/",15450,200,1462000,22894000000,-200,true,-1.28
"LPB",134439,"/Date(1700203511000)/",15450,500,1461800,22891000000,-200,true,-1.28
"LPB",134439,"/Date(1700203510000)/",15450,2000,1461300,22883000000,-200,true,-1.28
"LPB",134436,"/Date(1700203508000)/",15450,400,1459300,22852000000,-200,true,-1.28
"LPB",134433,"/Date(1700203506000)/",15450,200,1458900,22846000000,-200,true,-1.28
"LPB",134433,"/Date(1700203504000)/",15450,500,1458700,22843000000,-200,true,-1.28
"LPB",134429,"/Date(1700203502000)/",15450,400,1458200,22835000000,-200,true,-1.28
"LPB",134429,"/Date(1700203500000)/",15450,300,1457800,22829000000,-200,true,-1.28
"LPB",134426,"/Date(1700203498000)/",15550,1900,1457500,22824000000,-100,false,-0.64
"LPB",134426,"/Date(1700203498000)/",15550,100,1455600,22795000000,-100,false,-0.64
"LPB",134426,"/Date(1700203497000)/",15450,100,1455500,22793000000,-200,true,-1.28
"LPB",134426,"/Date(1700203497000)/",15500,100,1455400,22792000000,-150,true,-0.96
"LPB",134423,"/Date(1700203494000)/",15500,100,1455300,22790000000,-150,true,-0.96
"LPB",134423,"/Date(1700203493000)/",15500,800,1455200,22789000000,-150,true,-0.96
"LPB",134423,"/Date(1700203493000)/",15500,100,1454400,22776000000,-150,true,-0.96
"LPB",134423,"/Date(1700203493000)/",15500,100,1454300,22775000000,-150,true,-0.96
"LPB",134417,"/Date(1700203489000)/",15500,200,1454200,22773000000,-150,true,-0.96
"LPB",134417,"/Date(1700203488000)/",15500,2000,1454000,22770000000,-150,true,-0.96
"LPB",134410,"/Date(1700203483000)/",15500,100,1452000,22739000000,-150,true,-0.96
"LPB",134410,"/Date(1700203482000)/",15500,1100,1451900,22737000000,-150,true,-0.96
"LPB",134410,"/Date(1700203481000)/",15500,10000,1450800,22720000000,-150,true,-0.96
"LPB",134357,"/Date(1700203470000)/",15500,400,1440800,22565000000,-150,false,-0.96
"LPB",134357,"/Date(1700203469000)/",15500,4500,1440400,22559000000,-150,false,-0.96
"LPB",134357,"/Date(1700203468000)/",15500,1000,1435900,22489000000,-150,false,-0.96
"LPB",134357,"/Date(1700203468000)/",15500,40600,1434900,22474000000,-150,false,-0.96
"LPB",134341,"/Date(1700203452000)/",15500,1000,1394300,21845000000,-150,false,-0.96
"LPB",134341,"/Date(1700203452000)/",15500,500,1393300,21829000000,-150,false,-0.96
"LPB",134341,"/Date(1700203452000)/",15500,200,1392800,21821000000,-150,false,-0.96
"LPB",134341,"/Date(1700203452000)/",15500,600,1392600,21818000000,-150,false,-0.96
"LPB",134341,"/Date(1700203452000)/",15500,300,1392000,21809000000,-150,false,-0.96
"LPB",134341,"/Date(1700203452000)/",15500,6800,1391700,21804000000,-150,false,-0.96
"LPB",134329,"/Date(1700203439000)/",15500,400,1384900,21699000000,-150,true,-0.96
"LPB",134325,"/Date(1700203437000)/",15500,300,1384500,21693000000,-150,true,-0.96
"LPB",134237,"/Date(1700203388000)/",15500,300,1384200,21688000000,-150,true,-0.96
"LPB",134234,"/Date(1700203387000)/",15500,2200,1383900,21683000000,-150,true,-0.96
"LPB",134234,"/Date(1700203387000)/",15500,800,1381700,21649000000,-150,true,-0.96
"LPB",134221,"/Date(1700203374000)/",15500,100,1380900,21637000000,-150,true,-0.96
"LPB",134221,"/Date(1700203373000)/",15500,100,1380800,21635000000,-150,true,-0.96
"LPB",134221,"/Date(1700203373000)/",15500,100,1380700,21634000000,-150,true,-0.96
"LPB",134221,"/Date(1700203373000)/",15500,500,1380600,21632000000,-150,true,-0.96
"LPB",134221,"/Date(1700203373000)/",15500,100,1380100,21624000000,-150,true,-0.96
"LPB",134221,"/Date(1700203373000)/",15500,500,1380000,21623000000,-150,true,-0.96
"LPB",134221,"/Date(1700203373000)/",15500,100,1379500,21615000000,-150,true,-0.96
"LPB",134221,"/Date(1700203373000)/",15500,300,1379400,21614000000,-150,true,-0.96
"LPB",134218,"/Date(1700203369000)/",15500,100,1379100,21609000000,-150,true,-0.96
"LPB",134218,"/Date(1700203369000)/",15500,700,1379000,21607000000,-150,true,-0.96
"LPB",134215,"/Date(1700203366000)/",15500,500,1378300,21597000000,-150,true,-0.96
"LPB",134215,"/Date(1700203365000)/",15500,300,1377800,21589000000,-150,true,-0.96
"LPB",134215,"/Date(1700203365000)/",15500,100,1377500,21584000000,-150,true,-0.96
"LPB",134215,"/Date(1700203365000)/",15500,100,1377400,21583000000,-150,true,-0.96
"LPB",134215,"/Date(1700203365000)/",15500,200,1377300,21581000000,-150,true,-0.96
"LPB",134215,"/Date(1700203365000)/",15500,4300,1377100,21578000000,-150,true,-0.96
"LPB",134202,"/Date(1700203355000)/",15500,100,1372800,21511000000,-150,true,-0.96
"LPB",134143,"/Date(1700203335000)/",15500,400,1372700,21510000000,-150,true,-0.96
"LPB",134143,"/Date(1700203334000)/",15500,3000,1372300,21504000000,-150,true,-0.96
"LPB",134143,"/Date(1700203334000)/",15500,1100,1369300,21457000000,-150,true,-0.96
"LPB",134143,"/Date(1700203333000)/",15500,1100,1368200,21440000000,-150,true,-0.96
"LPB",134143,"/Date(1700203333000)/",15550,5000,1367100,21423000000,-100,true,-0.64
"LPB",134143,"/Date(1700203333000)/",15550,500,1362100,21345000000,-100,true,-0.64
"LPB",134143,"/Date(1700203333000)/",15550,2000,1361600,21337000000,-100,true,-0.64
"LPB",134143,"/Date(1700203333000)/",15550,200,1359600,21306000000,-100,true,-0.64
"LPB",134143,"/Date(1700203333000)/",15550,1200,1359400,21303000000,-100,true,-0.64
"LPB",134133,"/Date(1700203325000)/",15550,200,1358200,21285000000,-100,true,-0.64
"LPB",134133,"/Date(1700203324000)/",15550,2000,1358000,21281000000,-100,true,-0.64
"LPB",134124,"/Date(1700203314000)/",15550,500,1356000,21250000000,-100,true,-0.64
"LPB",134121,"/Date(1700203313000)/",15550,5000,1355500,21243000000,-100,true,-0.64
"LPB",134117,"/Date(1700203310000)/",15550,100,1350500,21165000000,-100,true,-0.64
"LPB",134117,"/Date(1700203308000)/",15550,1000,1350400,21163000000,-100,true,-0.64
"LPB",134042,"/Date(1700203275000)/",15550,400,1349400,21148000000,-100,true,-0.64
"LPB",134042,"/Date(1700203274000)/",15550,3800,1349000,21142000000,-100,true,-0.64
"LPB",134020,"/Date(1700203252000)/",15550,500,1345200,21082000000,-100,true,-0.64
"LPB",134020,"/Date(1700203251000)/",15550,3800,1344700,21075000000,-100,true,-0.64
"LPB",134020,"/Date(1700203251000)/",15550,1000,1340900,21016000000,-100,true,-0.64
"LPB",134017,"/Date(1700203247000)/",15550,400,1339900,21000000000,-100,true,-0.64
"LPB",134017,"/Date(1700203246000)/",15550,500,1339500,20994000000,-100,true,-0.64
"LPB",134013,"/Date(1700203245000)/",15550,3800,1339000,20986000000,-100,true,-0.64
"LPB",134013,"/Date(1700203244000)/",15550,500,1335200,20927000000,-100,true,-0.64
"LPB",133942,"/Date(1700203212000)/",15550,100,1334700,20919000000,-100,true,-0.64
"LPB",133913,"/Date(1700203185000)/",15550,500,1334600,20918000000,-100,true,-0.64
"LPB",133815,"/Date(1700203126000)/",15550,100,1334100,20910000000,-100,true,-0.64
"LPB",133815,"/Date(1700203125000)/",15550,1600,1334000,20908000000,-100,true,-0.64
"LPB",133812,"/Date(1700203124000)/",15550,3000,1332400,20883000000,-100,true,-0.64
"LPB",133812,"/Date(1700203124000)/",15550,2000,1329400,20837000000,-100,true,-0.64
"LPB",133812,"/Date(1700203124000)/",15550,10000,1327400,20806000000,-100,true,-0.64
"LPB",133753,"/Date(1700203104000)/",15550,100,1317400,20650000000,-100,true,-0.64
"LPB",133753,"/Date(1700203103000)/",15550,1000,1317300,20649000000,-100,true,-0.64
"LPB",133727,"/Date(1700203078000)/",15550,400,1316300,20633000000,-100,true,-0.64
"LPB",133727,"/Date(1700203077000)/",15550,100,1315900,20627000000,-100,true,-0.64
"LPB",133724,"/Date(1700203076000)/",15550,1200,1315800,20625000000,-100,true,-0.64
"LPB",133724,"/Date(1700203075000)/",15550,11700,1314600,20607000000,-100,true,-0.64
"LPB",133714,"/Date(1700203065000)/",15550,300,1302900,20425000000,-100,true,-0.64
"LPB",133708,"/Date(1700203060000)/",15550,800,1302600,20420000000,-100,true,-0.64
"LPB",133708,"/Date(1700203059000)/",15550,4400,1301800,20408000000,-100,true,-0.64
"LPB",133708,"/Date(1700203059000)/",15550,100,1297400,20339000000,-100,true,-0.64
"LPB",133708,"/Date(1700203059000)/",15550,300,1297300,20338000000,-100,true,-0.64
"LPB",133708,"/Date(1700203059000)/",15550,300,1297000,20333000000,-100,true,-0.64
"LPB",133708,"/Date(1700203059000)/",15550,200,1296700,20328000000,-100,true,-0.64
"LPB",133708,"/Date(1700203059000)/",15550,200,1296500,20325000000,-100,true,-0.64
"LPB",133708,"/Date(1700203059000)/",15550,1000,1296300,20322000000,-100,true,-0.64
"LPB",133708,"/Date(1700203059000)/",15550,300,1295300,20306000000,-100,true,-0.64
"LPB",133708,"/Date(1700203059000)/",15550,100,1295000,20302000000,-100,true,-0.64
"LPB",133708,"/Date(1700203059000)/",15550,700,1294900,20300000000,-100,true,-0.64
"LPB",133655,"/Date(1700203046000)/",15550,100,1294200,20289000000,-100,true,-0.64
"LPB",133655,"/Date(1700203045000)/",15550,200,1294100,20288000000,-100,true,-0.64
"LPB",133655,"/Date(1700203045000)/",15550,500,1293900,20285000000,-100,true,-0.64
"LPB",133655,"/Date(1700203045000)/",15550,300,1293400,20277000000,-100,true,-0.64
"LPB",133639,"/Date(1700203030000)/",15600,9400,1293100,20272000000,-50,false,-0.32
"LPB",133614,"/Date(1700203006000)/",15600,600,1283700,20126000000,-50,false,-0.32
"LPB",133601,"/Date(1700202993000)/",15600,400,1283100,20116000000,-50,true,-0.32
"LPB",133532,"/Date(1700202962000)/",15600,400,1282700,20110000000,-50,true,-0.32
"LPB",133532,"/Date(1700202962000)/",15600,3800,1282300,20104000000,-50,true,-0.32
"LPB",133519,"/Date(1700202950000)/",15600,400,1278500,20045000000,-50,true,-0.32
"LPB",133519,"/Date(1700202949000)/",15600,3800,1278100,20038000000,-50,true,-0.32
"LPB",133516,"/Date(1700202946000)/",15600,400,1274300,19979000000,-50,true,-0.32
"LPB",133516,"/Date(1700202945000)/",15600,800,1273900,19973000000,-50,true,-0.32
"LPB",133516,"/Date(1700202945000)/",15600,300,1273100,19960000000,-50,true,-0.32
"LPB",133516,"/Date(1700202945000)/",15600,100,1272800,19956000000,-50,true,-0.32
"LPB",133516,"/Date(1700202945000)/",15600,2800,1272700,19954000000,-50,true,-0.32
"LPB",133513,"/Date(1700202944000)/",15600,700,1269900,19910000000,-50,true,-0.32
"LPB",133513,"/Date(1700202943000)/",15600,7000,1269200,19899000000,-50,true,-0.32
"LPB",133500,"/Date(1700202931000)/",15600,200,1262200,19790000000,-50,true,-0.32
"LPB",133500,"/Date(1700202930000)/",15600,2000,1262000,19787000000,-50,true,-0.32
"LPB",133441,"/Date(1700202912000)/",15600,100,1260000,19756000000,-50,true,-0.32
"LPB",133441,"/Date(1700202911000)/",15600,1100,1259900,19754000000,-50,true,-0.32
"LPB",133437,"/Date(1700202910000)/",15600,6100,1258800,19737000000,-50,true,-0.32
"LPB",133437,"/Date(1700202910000)/",15600,100,1252700,19642000000,-50,true,-0.32
"LPB",133437,"/Date(1700202910000)/",15600,1000,1252600,19640000000,-50,true,-0.32
"LPB",133437,"/Date(1700202910000)/",15600,100,1251600,19625000000,-50,true,-0.32
"LPB",133437,"/Date(1700202910000)/",15600,300,1251500,19623000000,-50,true,-0.32
"LPB",133437,"/Date(1700202910000)/",15600,300,1251200,19619000000,-50,true,-0.32
"LPB",133437,"/Date(1700202910000)/",15600,3000,1250900,19614000000,-50,true,-0.32
"LPB",133349,"/Date(1700202860000)/",15600,700,1247900,19567000000,-50,true,-0.32
"LPB",133324,"/Date(1700202835000)/",15600,800,1247200,19556000000,-50,true,-0.32
"LPB",133324,"/Date(1700202834000)/",15600,5500,1246400,19544000000,-50,true,-0.32
"LPB",133324,"/Date(1700202834000)/",15600,2100,1240900,19458000000,-50,true,-0.32
"LPB",133308,"/Date(1700202819000)/",15600,500,1238800,19425000000,-50,true,-0.32
"LPB",133204,"/Date(1700202756000)/",15600,100,1238300,19417000000,-50,true,-0.32
"LPB",133204,"/Date(1700202755000)/",15600,1700,1238200,19416000000,-50,true,-0.32
"LPB",133041,"/Date(1700202670000)/",15600,900,1236500,19389000000,-50,true,-0.32
"LPB",133037,"/Date(1700202669000)/",15600,4700,1235600,19375000000,-50,true,-0.32
"LPB",133037,"/Date(1700202669000)/",15600,500,1230900,19302000000,-50,true,-0.32
"LPB",133037,"/Date(1700202669000)/",15600,3100,1230400,19294000000,-50,true,-0.32
"LPB",133031,"/Date(1700202663000)/",15600,800,1227300,19246000000,-50,true,-0.32
"LPB",133031,"/Date(1700202662000)/",15600,300,1226500,19233000000,-50,true,-0.32
"LPB",133031,"/Date(1700202662000)/",15600,7600,1226200,19229000000,-50,true,-0.32
"LPB",133031,"/Date(1700202661000)/",15600,3000,1218600,19110000000,-50,true,-0.32
"LPB",133012,"/Date(1700202641000)/",15600,100,1215600,19063000000,-50,true,-0.32
"LPB",132810,"/Date(1700202522000)/",15600,200,1215500,19062000000,-50,true,-0.32
"LPB",132758,"/Date(1700202506000)/",15600,500,1215300,19059000000,-50,true,-0.32
"LPB",132754,"/Date(1700202504000)/",15600,200,1214800,19051000000,-50,true,-0.32
"LPB",132738,"/Date(1700202488000)/",15600,300,1214600,19048000000,-50,true,-0.32
"LPB",132732,"/Date(1700202483000)/",15600,400,1214300,19043000000,-50,true,-0.32
"LPB",132729,"/Date(1700202480000)/",15650,300,1213900,19037000000,0,false,0
"LPB",132729,"/Date(1700202480000)/",15650,700,1213600,19032000000,0,false,0
"LPB",132729,"/Date(1700202480000)/",15600,200,1212900,19021000000,-50,true,-0.32
"LPB",132726,"/Date(1700202477000)/",15600,400,1212700,19018000000,-50,true,-0.32
"LPB",132726,"/Date(1700202475000)/",15600,200,1212300,19012000000,-50,true,-0.32
"LPB",132722,"/Date(1700202472000)/",15600,400,1212100,19009000000,-50,true,-0.32
"LPB",132719,"/Date(1700202469000)/",15600,300,1211700,19002000000,-50,true,-0.32
"LPB",132716,"/Date(1700202467000)/",15600,200,1211400,18998000000,-50,true,-0.32
"LPB",132716,"/Date(1700202465000)/",15600,100,1211200,18995000000,-50,true,-0.32
"LPB",132713,"/Date(1700202464000)/",15600,1000,1211100,18993000000,-50,true,-0.32
"LPB",132710,"/Date(1700202461000)/",15600,100,1210100,18977000000,-50,true,-0.32
"LPB",132710,"/Date(1700202459000)/",15600,600,1210000,18976000000,-50,true,-0.32
"LPB",132710,"/Date(1700202459000)/",15600,900,1209400,18966000000,-50,true,-0.32
"LPB",132706,"/Date(1700202458000)/",15600,100,1208500,18952000000,-50,true,-0.32
"LPB",132706,"/Date(1700202458000)/",15600,400,1208400,18951000000,-50,true,-0.32
"LPB",132706,"/Date(1700202457000)/",15600,600,1208000,18945000000,-50,true,-0.32
"LPB",132706,"/Date(1700202457000)/",15600,100,1207400,18935000000,-50,true,-0.32
"LPB",132706,"/Date(1700202457000)/",15600,3000,1207300,18934000000,-50,true,-0.32
"LPB",132706,"/Date(1700202457000)/",15600,1300,1204300,18887000000,-50,true,-0.32
"LPB",132703,"/Date(1700202455000)/",15600,200,1203000,18867000000,-50,true,-0.32
"LPB",132634,"/Date(1700202425000)/",15600,100,1202800,18864000000,-50,true,-0.32
"LPB",132634,"/Date(1700202424000)/",15600,1000,1202700,18862000000,-50,true,-0.32
"LPB",132628,"/Date(1700202417000)/",15600,200,1201700,18846000000,-50,true,-0.32
"LPB",132625,"/Date(1700202416000)/",15600,2000,1201500,18843000000,-50,true,-0.32
"LPB",132606,"/Date(1700202397000)/",15600,100,1199500,18812000000,-50,true,-0.32
"LPB",132606,"/Date(1700202397000)/",15600,1000,1199400,18810000000,-50,true,-0.32
"LPB",132603,"/Date(1700202394000)/",15600,200,1198400,18795000000,-50,true,-0.32
"LPB",132603,"/Date(1700202393000)/",15600,2200,1198200,18792000000,-50,true,-0.32
"LPB",132603,"/Date(1700202392000)/",15600,200,1196000,18757000000,-50,true,-0.32
"LPB",132603,"/Date(1700202392000)/",15600,20000,1195800,18754000000,-50,true,-0.32
"LPB",132559,"/Date(1700202391000)/",15600,2500,1175800,18442000000,-50,true,-0.32
"LPB",132452,"/Date(1700202322000)/",15600,100,1173300,18403000000,-50,true,-0.32
"LPB",132452,"/Date(1700202321000)/",15600,400,1173200,18402000000,-50,true,-0.32
"LPB",132449,"/Date(1700202318000)/",15600,100,1172800,18396000000,-50,true,-0.32
"LPB",132446,"/Date(1700202315000)/",15600,100,1172700,18394000000,-50,true,-0.32
"LPB",132439,"/Date(1700202308000)/",15600,400,1172600,18392000000,-50,true,-0.32
"LPB",132436,"/Date(1700202306000)/",15600,200,1172200,18386000000,-50,true,-0.32
"LPB",132427,"/Date(1700202298000)/",15600,500,1172000,18383000000,-50,true,-0.32
"LPB",132423,"/Date(1700202294000)/",15600,200,1171500,18375000000,-50,true,-0.32
"LPB",132423,"/Date(1700202293000)/",15600,2000,1171300,18372000000,-50,true,-0.32
"LPB",132423,"/Date(1700202293000)/",15600,400,1169300,18341000000,-50,true,-0.32
"LPB",132420,"/Date(1700202292000)/",15600,4000,1168900,18335000000,-50,true,-0.32
"LPB",132407,"/Date(1700202276000)/",15600,300,1164900,18272000000,-50,true,-0.32
"LPB",132404,"/Date(1700202273000)/",15600,300,1164600,18268000000,-50,true,-0.32
"LPB",132404,"/Date(1700202273000)/",15600,100,1164300,18263000000,-50,true,-0.32
"LPB",132404,"/Date(1700202273000)/",15600,100,1164200,18261000000,-50,true,-0.32
"LPB",132401,"/Date(1700202271000)/",15600,400,1164100,18260000000,-50,true,-0.32
"LPB",132358,"/Date(1700202268000)/",15600,200,1163700,18254000000,-50,true,-0.32
"LPB",132355,"/Date(1700202265000)/",15600,400,1163500,18250000000,-50,true,-0.32
"LPB",132355,"/Date(1700202263000)/",15600,300,1163100,18244000000,-50,true,-0.32
"LPB",132351,"/Date(1700202262000)/",15600,100,1162800,18240000000,-50,true,-0.32
"LPB",132351,"/Date(1700202262000)/",15600,100,1162700,18238000000,-50,true,-0.32
"LPB",132351,"/Date(1700202262000)/",15600,200,1162600,18236000000,-50,true,-0.32
"LPB",132351,"/Date(1700202261000)/",15600,4000,1162400,18233000000,-50,true,-0.32
"LPB",132351,"/Date(1700202260000)/",15600,100,1158400,18171000000,-50,true,-0.32
"LPB",132351,"/Date(1700202259000)/",15600,1100,1158300,18169000000,-50,true,-0.32
"LPB",132348,"/Date(1700202258000)/",15600,4600,1157200,18152000000,-50,true,-0.32
"LPB",132348,"/Date(1700202258000)/",15600,100,1152600,18080000000,-50,true,-0.32
"LPB",132348,"/Date(1700202258000)/",15600,5300,1152500,18079000000,-50,true,-0.32
"LPB",132345,"/Date(1700202253000)/",15600,100,1147200,17996000000,-50,true,-0.32
"LPB",132323,"/Date(1700202234000)/",15600,900,1147100,17995000000,-50,true,-0.32
"LPB",132323,"/Date(1700202233000)/",15600,3700,1146200,17981000000,-50,true,-0.32
"LPB",132323,"/Date(1700202233000)/",15600,1000,1142500,17923000000,-50,true,-0.32
"LPB",132323,"/Date(1700202233000)/",15600,1000,1141500,17907000000,-50,true,-0.32
"LPB",132323,"/Date(1700202233000)/",15600,100,1140500,17892000000,-50,true,-0.32
"LPB",132323,"/Date(1700202233000)/",15600,1000,1140400,17890000000,-50,true,-0.32
"LPB",132323,"/Date(1700202233000)/",15600,1000,1139400,17874000000,-50,true,-0.32
"LPB",132323,"/Date(1700202233000)/",15600,200,1138400,17859000000,-50,true,-0.32
"LPB",132323,"/Date(1700202233000)/",15600,900,1138200,17856000000,-50,true,-0.32
"LPB",132251,"/Date(1700202201000)/",15650,700,1137300,17842000000,0,true,0
"LPB",132251,"/Date(1700202201000)/",15650,100,1136600,17831000000,0,true,0
"LPB",132251,"/Date(1700202201000)/",15650,5800,1136500,17829000000,0,true,0
"LPB",132251,"/Date(1700202199000)/",15650,100,1130700,17738000000,0,true,0
"LPB",132238,"/Date(1700202187000)/",15650,200,1130600,17737000000,0,true,0
"LPB",132235,"/Date(1700202186000)/",15650,2000,1130400,17734000000,0,true,0
"LPB",132235,"/Date(1700202185000)/",15650,11900,1128400,17702000000,0,true,0
"LPB",132235,"/Date(1700202185000)/",15650,7100,1116500,17516000000,0,true,0
"LPB",132228,"/Date(1700202178000)/",15650,500,1109400,17405000000,0,true,0
"LPB",132228,"/Date(1700202177000)/",15650,4700,1108900,17397000000,0,true,0
"LPB",132150,"/Date(1700202139000)/",15650,100,1104200,17324000000,0,true,0
"LPB",132147,"/Date(1700202137000)/",15650,200,1104100,17322000000,0,true,0
"LPB",132147,"/Date(1700202136000)/",15650,2300,1103900,17319000000,0,true,0
"LPB",132147,"/Date(1700202135000)/",15650,21000,1101600,17283000000,0,true,0
"LPB",132108,"/Date(1700202099000)/",15650,100,1080600,16954000000,0,true,0
"LPB",132108,"/Date(1700202098000)/",15650,300,1080500,16953000000,0,true,0
"LPB",132105,"/Date(1700202096000)/",15650,100,1080200,16948000000,0,true,0
"LPB",132105,"/Date(1700202095000)/",15650,1000,1080100,16947000000,0,true,0
"LPB",132039,"/Date(1700202070000)/",15650,200,1079100,16931000000,0,true,0
"LPB",132039,"/Date(1700202069000)/",15650,2000,1078900,16928000000,0,true,0
"LPB",132007,"/Date(1700202038000)/",15650,300,1076900,16896000000,0,true,0
"LPB",131935,"/Date(1700202005000)/",15650,400,1076600,16892000000,0,true,0
"LPB",131935,"/Date(1700202004000)/",15650,4500,1076200,16886000000,0,true,0
"LPB",131724,"/Date(1700201873000)/",15650,500,1071700,16815000000,0,true,0
"LPB",131708,"/Date(1700201856000)/",15650,500,1071200,16807000000,0,true,0
"LPB",131535,"/Date(1700201763000)/",15650,200,1070700,16799000000,0,true,0
"LPB",131532,"/Date(1700201762000)/",15650,2300,1070500,16796000000,0,false,0
"LPB",131532,"/Date(1700201761000)/",15650,10000,1068200,16760000000,0,false,0
"LPB",131532,"/Date(1700201761000)/",15650,7100,1058200,16604000000,0,false,0
"LPB",131532,"/Date(1700201761000)/",15650,3800,1051100,16493000000,0,false,0
"LPB",131532,"/Date(1700201761000)/",15650,500,1047300,16433000000,0,false,0
"LPB",131532,"/Date(1700201761000)/",15650,300,1046800,16425000000,0,false,0
"LPB",131454,"/Date(1700201723000)/",15600,200,1046500,16421000000,-50,true,-0.32
"LPB",131240,"/Date(1700201588000)/",15600,300,1046300,16418000000,-50,true,-0.32
"LPB",131155,"/Date(1700201544000)/",15650,300,1046000,16413000000,0,true,0
"LPB",131155,"/Date(1700201544000)/",15650,1000,1045700,16408000000,0,true,0
"LPB",131155,"/Date(1700201544000)/",15650,3400,1044700,16393000000,0,true,0
"LPB",131054,"/Date(1700201482000)/",15650,300,1041300,16339000000,0,true,0
"LPB",131051,"/Date(1700201481000)/",15650,3000,1041000,16335000000,0,true,0
"LPB",131042,"/Date(1700201472000)/",15650,100,1038000,16288000000,0,true,0
"LPB",131042,"/Date(1700201471000)/",15650,1100,1037900,16286000000,0,true,0
"LPB",131003,"/Date(1700201432000)/",15650,100,1036800,16269000000,0,true,0
"LPB",130947,"/Date(1700201415000)/",15650,500,1036700,16267000000,0,true,0
"LPB",130938,"/Date(1700201408000)/",15700,1000,1036200,16260000000,50,false,0.32
"LPB",130931,"/Date(1700201401000)/",15650,500,1035200,16244000000,0,true,0
"LPB",130903,"/Date(1700201370000)/",15650,100,1034700,16236000000,0,true,0
"LPB",130827,"/Date(1700201336000)/",15650,100,1034600,16234000000,0,true,0
"LPB",130827,"/Date(1700201335000)/",15650,1000,1034500,16233000000,0,true,0
"LPB",130811,"/Date(1700201321000)/",15650,100,1033500,16217000000,0,true,0
"LPB",130811,"/Date(1700201320000)/",15650,1000,1033400,16216000000,0,true,0
"LPB",130746,"/Date(1700201294000)/",15650,500,1032400,16200000000,0,true,0
"LPB",130743,"/Date(1700201291000)/",15650,100,1031900,16192000000,0,true,0
"LPB",130743,"/Date(1700201290000)/",15650,1200,1031800,16191000000,0,true,0
"LPB",130739,"/Date(1700201287000)/",15650,100,1030600,16172000000,0,true,0
"LPB",130736,"/Date(1700201286000)/",15650,1100,1030500,16170000000,0,false,0
"LPB",130736,"/Date(1700201285000)/",15650,10400,1029400,16153000000,0,false,0
"LPB",130736,"/Date(1700201284000)/",15650,100,1019000,15990000000,0,false,0
"LPB",130736,"/Date(1700201284000)/",15650,8000,1018900,15989000000,0,false,0
"LPB",130736,"/Date(1700201284000)/",15650,10000,1010900,15864000000,0,false,0
"LPB",130736,"/Date(1700201284000)/",15650,2800,1000900,15707000000,0,false,0
"LPB",130736,"/Date(1700201284000)/",15650,74400,998100,15663000000,0,false,0
"LPB",130623,"/Date(1700201211000)/",15600,200,923700,14499000000,-50,true,-0.32
"LPB",130557,"/Date(1700201187000)/",15600,100,923500,14496000000,-50,true,-0.32
"LPB",130557,"/Date(1700201185000)/",15600,1000,923400,14494000000,-50,true,-0.32
"LPB",130551,"/Date(1700201179000)/",15600,300,922400,14479000000,-50,true,-0.32
"LPB",130525,"/Date(1700201152000)/",15600,100,922100,14474000000,-50,true,-0.32
"LPB",130522,"/Date(1700201150000)/",15600,500,922000,14472000000,-50,true,-0.32
"LPB",130519,"/Date(1700201148000)/",15600,500,921500,14465000000,-50,true,-0.32
"LPB",130519,"/Date(1700201147000)/",15600,5000,921000,14457000000,-50,true,-0.32
"LPB",130516,"/Date(1700201145000)/",15600,100,916000,14379000000,-50,true,-0.32
"LPB",130516,"/Date(1700201144000)/",15600,800,915900,14377000000,-50,true,-0.32
"LPB",130516,"/Date(1700201144000)/",15600,100,915100,14365000000,-50,true,-0.32
"LPB",130516,"/Date(1700201144000)/",15600,100,915000,14363000000,-50,true,-0.32
"LPB",130512,"/Date(1700201141000)/",15600,500,914900,14362000000,-50,true,-0.32
"LPB",130512,"/Date(1700201139000)/",15600,500,914400,14354000000,-50,true,-0.32
"LPB",130512,"/Date(1700201139000)/",15600,300,913900,14346000000,-50,true,-0.32
"LPB",130509,"/Date(1700201138000)/",15600,200,913600,14341000000,-50,true,-0.32
"LPB",130509,"/Date(1700201138000)/",15600,7800,913400,14338000000,-50,true,-0.32
"LPB",130506,"/Date(1700201134000)/",15600,200,905600,14217000000,-50,true,-0.32
"LPB",130506,"/Date(1700201133000)/",15600,2000,905400,14213000000,-50,true,-0.32
"LPB",130447,"/Date(1700201116000)/",15650,200,903400,14182000000,0,true,0
"LPB",130447,"/Date(1700201116000)/",15650,1000,903200,14179000000,0,true,0
"LPB",130447,"/Date(1700201116000)/",15650,24400,902200,14163000000,0,true,0
"LPB",130447,"/Date(1700201114000)/",15650,300,877800,13782000000,0,true,0
"LPB",130421,"/Date(1700201088000)/",15650,200,877500,13777000000,0,true,0
"LPB",130359,"/Date(1700201066000)/",15650,200,877300,13774000000,0,true,0
"LPB",130356,"/Date(1700201065000)/",15650,2300,877100,13771000000,0,true,0
"LPB",130349,"/Date(1700201058000)/",15650,100,874800,13735000000,0,true,0
"LPB",130346,"/Date(1700201054000)/",15650,100,874700,13733000000,0,true,0
"LPB",130346,"/Date(1700201054000)/",15650,1000,874600,13731000000,0,true,0
"LPB",130343,"/Date(1700201051000)/",15650,300,873600,13716000000,0,true,0
"LPB",130314,"/Date(1700201022000)/",15650,300,873300,13711000000,0,true,0
"LPB",130305,"/Date(1700201013000)/",15650,300,873000,13706000000,0,true,0
"LPB",130305,"/Date(1700201012000)/",15650,3000,872700,13702000000,0,true,0
"LPB",130226,"/Date(1700200976000)/",15650,500,869700,13655000000,0,true,0
"LPB",130158,"/Date(1700200946000)/",15650,600,869200,13647000000,0,true,0
"LPB",130158,"/Date(1700200945000)/",15650,5800,868600,13638000000,0,true,0
"LPB",130028,"/Date(1700200833000)/",15650,200,862800,13547000000,0,true,0
"LPB",130025,"/Date(1700200830000)/",15700,1400,862600,13544000000,50,false,0.32
"LPB",130025,"/Date(1700200830000)/",15700,16300,861200,13522000000,50,false,0.32
"LPB",130025,"/Date(1700200830000)/",15700,500,844900,13266000000,50,false,0.32
"LPB",130025,"/Date(1700200830000)/",15700,1000,844400,13258000000,50,false,0.32
"LPB",130025,"/Date(1700200830000)/",15700,100,843400,13242000000,50,false,0.32
"LPB",130025,"/Date(1700200830000)/",15700,300,843300,13241000000,50,false,0.32
"LPB",130025,"/Date(1700200830000)/",15700,400,843000,13236000000,50,false,0.32
"LPB",130022,"/Date(1700200823000)/",15700,1000,842600,13230000000,50,false,0.32
"LPB",130022,"/Date(1700200823000)/",15700,9000,841600,13214000000,50,false,0.32
"LPB",130019,"/Date(1700200817000)/",15700,200,832600,13073000000,50,false,0.32
"LPB",125950,"/Date(1700200801000)/",15700,10800,832400,13070000000,50,true,0.32
"LPB",125950,"/Date(1700200801000)/",15700,2000,821600,12900000000,50,true,0.32
"LPB",112929,"/Date(1700195388000)/",15700,700,819600,12869000000,50,false,0.32
"LPB",112929,"/Date(1700195387000)/",15700,3600,818900,12858000000,50,false,0.32
"LPB",112929,"/Date(1700195387000)/",15700,900,815300,12801000000,50,false,0.32
"LPB",112929,"/Date(1700195387000)/",15700,100,814400,12787000000,50,false,0.32
"LPB",112929,"/Date(1700195387000)/",15700,200,814300,12785000000,50,false,0.32
"LPB",112929,"/Date(1700195387000)/",15700,200,814100,12782000000,50,false,0.32
"LPB",112929,"/Date(1700195387000)/",15700,1500,813900,12779000000,50,false,0.32
"LPB",112903,"/Date(1700195363000)/",15650,200,812400,12756000000,0,true,0
"LPB",112828,"/Date(1700195327000)/",15650,200,812200,12752000000,0,false,0
"LPB",112822,"/Date(1700195320000)/",15650,2000,812000,12749000000,0,true,0
"LPB",112746,"/Date(1700195287000)/",15650,100,810000,12718000000,0,true,0
"LPB",112746,"/Date(1700195286000)/",15650,1600,809900,12716000000,0,true,0
"LPB",112746,"/Date(1700195285000)/",15650,15000,808300,12691000000,0,true,0
"LPB",112743,"/Date(1700195283000)/",15650,100,793300,12457000000,0,true,0
"LPB",112743,"/Date(1700195282000)/",15650,1600,793200,12455000000,0,true,0
"LPB",112740,"/Date(1700195281000)/",15650,15000,791600,12430000000,0,true,0
"LPB",112714,"/Date(1700195254000)/",15650,100,776600,12195000000,0,true,0
"LPB",112714,"/Date(1700195253000)/",15650,1400,776500,12194000000,0,true,0
"LPB",112714,"/Date(1700195252000)/",15650,10300,775100,12172000000,0,true,0
"LPB",112714,"/Date(1700195252000)/",15650,300,764800,12011000000,0,true,0
"LPB",112714,"/Date(1700195252000)/",15650,2500,764500,12006000000,0,true,0
"LPB",112659,"/Date(1700195238000)/",15650,100,762000,11967000000,0,false,0
"LPB",112649,"/Date(1700195229000)/",15650,100,761900,11965000000,0,false,0
"LPB",112639,"/Date(1700195218000)/",15650,3000,761800,11964000000,0,true,0
"LPB",112639,"/Date(1700195217000)/",15650,2000,758800,11917000000,0,true,0
"LPB",112639,"/Date(1700195217000)/",15650,200,756800,11885000000,0,true,0
"LPB",112639,"/Date(1700195217000)/",15650,1000,756600,11882000000,0,true,0
"LPB",112639,"/Date(1700195217000)/",15650,10000,755600,11867000000,0,true,0
"LPB",112639,"/Date(1700195217000)/",15650,500,745600,11710000000,0,true,0
"LPB",112639,"/Date(1700195217000)/",15650,10000,745100,11702000000,0,true,0
"LPB",112639,"/Date(1700195217000)/",15650,5000,735100,11546000000,0,true,0
"LPB",112639,"/Date(1700195217000)/",15650,10000,730100,11468000000,0,true,0
"LPB",112639,"/Date(1700195217000)/",15650,5000,720100,11311000000,0,true,0
"LPB",112639,"/Date(1700195217000)/",15650,8200,715100,11233000000,0,true,0
"LPB",112620,"/Date(1700195200000)/",15650,200,706900,11104000000,0,true,0
"LPB",112513,"/Date(1700195131000)/",15650,100,706700,11101000000,0,true,0
"LPB",112510,"/Date(1700195130000)/",15650,1100,706600,11100000000,0,true,0
"LPB",112510,"/Date(1700195129000)/",15650,10000,705500,11083000000,0,true,0
"LPB",112432,"/Date(1700195091000)/",15650,200,695500,10926000000,0,true,0
"LPB",112428,"/Date(1700195089000)/",15650,300,695300,10923000000,0,true,0
"LPB",112428,"/Date(1700195086000)/",15650,500,695000,10918000000,0,true,0
"LPB",112425,"/Date(1700195084000)/",15650,400,694500,10910000000,0,true,0
"LPB",112422,"/Date(1700195081000)/",15650,300,694100,10904000000,0,true,0
"LPB",112419,"/Date(1700195078000)/",15650,200,693800,10899000000,0,true,0
"LPB",112416,"/Date(1700195076000)/",15650,500,693600,10896000000,0,true,0
"LPB",112416,"/Date(1700195074000)/",15650,400,693100,10888000000,0,true,0
"LPB",112412,"/Date(1700195071000)/",15650,300,692700,10882000000,0,true,0
"LPB",112312,"/Date(1700195012000)/",15700,10000,692400,10878000000,50,false,0.32
"LPB",112312,"/Date(1700195012000)/",15700,4100,682400,10721000000,50,false,0.32
"LPB",112309,"/Date(1700195009000)/",15700,100,678300,10656000000,50,true,0.32
"LPB",112309,"/Date(1700195008000)/",15700,1000,678200,10655000000,50,true,0.32
"LPB",112026,"/Date(1700194846000)/",15700,200,677200,10639000000,50,true,0.32
"LPB",112026,"/Date(1700194845000)/",15700,2500,677000,10636000000,50,true,0.32
"LPB",112016,"/Date(1700194833000)/",15700,300,674500,10596000000,50,true,0.32
"LPB",111957,"/Date(1700194816000)/",15700,100,674200,10592000000,50,true,0.32
"LPB",111957,"/Date(1700194815000)/",15700,1000,674100,10590000000,50,true,0.32
"LPB",111554,"/Date(1700194571000)/",15700,100,673100,10575000000,50,true,0.32
"LPB",111305,"/Date(1700194403000)/",15700,200,673000,10573000000,50,true,0.32
"LPB",111217,"/Date(1700194355000)/",15700,500,672800,10570000000,50,true,0.32
"LPB",111217,"/Date(1700194354000)/",15700,5000,672300,10562000000,50,true,0.32
"LPB",111048,"/Date(1700194261000)/",15700,200,667300,10483000000,50,true,0.32
"LPB",111048,"/Date(1700194260000)/",15700,2000,667100,10480000000,50,true,0.32
"LPB",111032,"/Date(1700194251000)/",15700,100,665100,10449000000,50,true,0.32
"LPB",111032,"/Date(1700194250000)/",15700,1500,665000,10447000000,50,true,0.32
"LPB",111019,"/Date(1700194237000)/",15700,600,663500,10424000000,50,true,0.32
"LPB",111013,"/Date(1700194231000)/",15700,100,662900,10414000000,50,true,0.32
"LPB",110925,"/Date(1700194182000)/",15700,200,662800,10413000000,50,true,0.32
"LPB",110925,"/Date(1700194181000)/",15700,200,662600,10410000000,50,true,0.32
"LPB",110925,"/Date(1700194181000)/",15700,1800,662400,10407000000,50,true,0.32
"LPB",110833,"/Date(1700194130000)/",15700,100,660600,10378000000,50,true,0.32
"LPB",110830,"/Date(1700194129000)/",15700,1600,660500,10377000000,50,true,0.32
"LPB",110830,"/Date(1700194128000)/",15700,6500,658900,10352000000,50,true,0.32
"LPB",110830,"/Date(1700194128000)/",15700,8500,652400,10250000000,50,true,0.32
"LPB",110824,"/Date(1700194122000)/",15700,500,643900,10116000000,50,true,0.32
"LPB",110824,"/Date(1700194121000)/",15700,1000,643400,10108000000,50,true,0.32
"LPB",110824,"/Date(1700194121000)/",15700,4000,642400,10093000000,50,true,0.32
"LPB",110817,"/Date(1700194116000)/",15700,100,638400,10030000000,50,true,0.32
"LPB",110817,"/Date(1700194115000)/",15700,1600,638300,10028000000,50,true,0.32
"LPB",110817,"/Date(1700194113000)/",15700,15000,636700,10003000000,50,true,0.32
"LPB",110808,"/Date(1700194106000)/",15700,100,621700,9768000000,50,true,0.32
"LPB",110808,"/Date(1700194105000)/",15700,1600,621600,9766000000,50,true,0.32
"LPB",110808,"/Date(1700194104000)/",15700,15000,620000,9741000000,50,true,0.32
"LPB",110717,"/Date(1700194053000)/",15700,600,605000,9505000000,50,true,0.32
"LPB",110714,"/Date(1700194052000)/",15700,2000,604400,9496000000,50,true,0.32
"LPB",110714,"/Date(1700194052000)/",15700,4000,602400,9465000000,50,true,0.32
"LPB",110639,"/Date(1700194016000)/",15700,100,598400,9402000000,50,true,0.32
"LPB",110639,"/Date(1700194015000)/",15700,1600,598300,9400000000,50,true,0.32
"LPB",110635,"/Date(1700194013000)/",15700,15000,596700,9375000000,50,true,0.32
"LPB",110626,"/Date(1700194002000)/",15700,100,581700,9140000000,50,true,0.32
"LPB",110623,"/Date(1700194001000)/",15700,1500,581600,9138000000,50,true,0.32
"LPB",110623,"/Date(1700194000000)/",15700,14000,580100,9114000000,50,true,0.32
"LPB",110554,"/Date(1700193972000)/",15700,100,566100,8895000000,50,true,0.32
"LPB",110554,"/Date(1700193971000)/",15700,1300,566000,8893000000,50,true,0.32
"LPB",110554,"/Date(1700193970000)/",15700,7500,564700,8873000000,50,true,0.32
"LPB",110554,"/Date(1700193970000)/",15700,1200,557200,8755000000,50,true,0.32
"LPB",110554,"/Date(1700193970000)/",15700,3600,556000,8736000000,50,true,0.32
"LPB",110548,"/Date(1700193964000)/",15700,11400,552400,8680000000,50,true,0.32
"LPB",110541,"/Date(1700193960000)/",15700,500,541000,8501000000,50,false,0.32
"LPB",110541,"/Date(1700193959000)/",15700,4700,540500,8493000000,50,false,0.32
"LPB",110541,"/Date(1700193958000)/",15700,15000,535800,8419000000,50,false,0.32
"LPB",110541,"/Date(1700193958000)/",15700,100,520800,8183000000,50,false,0.32
"LPB",110541,"/Date(1700193958000)/",15700,15000,520700,8182000000,50,false,0.32
"LPB",110541,"/Date(1700193958000)/",15700,200,505700,7946000000,50,false,0.32
"LPB",110541,"/Date(1700193958000)/",15700,13100,505500,7943000000,50,false,0.32
"LPB",110506,"/Date(1700193924000)/",15700,200,492400,7738000000,50,true,0.32
"LPB",110506,"/Date(1700193924000)/",15700,200,492200,7734000000,50,true,0.32
"LPB",110506,"/Date(1700193924000)/",15700,1500,492000,7731000000,50,true,0.32
"LPB",110428,"/Date(1700193885000)/",15700,200,490500,7708000000,50,true,0.32
"LPB",110428,"/Date(1700193884000)/",15700,2600,490300,7705000000,50,true,0.32
"LPB",110425,"/Date(1700193883000)/",15700,8200,487700,7664000000,50,true,0.32
"LPB",110425,"/Date(1700193883000)/",15700,5200,479500,7535000000,50,true,0.32
"LPB",110425,"/Date(1700193883000)/",15700,10000,474300,7453000000,50,true,0.32
"LPB",110425,"/Date(1700193883000)/",15700,500,464300,7296000000,50,true,0.32
"LPB",110425,"/Date(1700193883000)/",15700,100,463800,7289000000,50,true,0.32
"LPB",110425,"/Date(1700193883000)/",15700,200,463700,7287000000,50,true,0.32
"LPB",110412,"/Date(1700193868000)/",15700,100,463500,7284000000,50,true,0.32
"LPB",110409,"/Date(1700193867000)/",15700,1500,463400,7282000000,50,true,0.32
"LPB",110334,"/Date(1700193830000)/",15700,200,461900,7259000000,50,true,0.32
"LPB",110305,"/Date(1700193801000)/",15700,500,461700,7256000000,50,true,0.32
"LPB",110305,"/Date(1700193800000)/",15700,5000,461200,7248000000,50,true,0.32
"LPB",105550,"/Date(1700193368000)/",15700,200,456200,7169000000,50,true,0.32
"LPB",105550,"/Date(1700193367000)/",15700,2300,456000,7166000000,50,true,0.32
"LPB",105550,"/Date(1700193367000)/",15700,100,453700,7130000000,50,true,0.32
"LPB",105512,"/Date(1700193329000)/",15700,100,453600,7128000000,50,true,0.32
"LPB",105210,"/Date(1700193147000)/",15700,600,453500,7127000000,50,true,0.32
"LPB",105210,"/Date(1700193145000)/",15700,200,452900,7117000000,50,true,0.32
"LPB",105106,"/Date(1700193083000)/",15700,200,452700,7114000000,50,true,0.32
"LPB",105056,"/Date(1700193071000)/",15700,100,452500,7111000000,50,true,0.32
"LPB",105018,"/Date(1700193035000)/",15700,500,452400,7110000000,50,true,0.32
"LPB",104952,"/Date(1700193008000)/",15700,500,451900,7102000000,50,true,0.32
"LPB",104940,"/Date(1700192995000)/",15700,300,451400,7094000000,50,true,0.32
"LPB",104937,"/Date(1700192994000)/",15700,2900,451100,7089000000,50,true,0.32
"LPB",104644,"/Date(1700192821000)/",15700,100,448200,7044000000,50,true,0.32
"LPB",104159,"/Date(1700192536000)/",15700,100,448100,7042000000,50,true,0.32
"LPB",104140,"/Date(1700192517000)/",15700,100,448000,7040000000,50,true,0.32
"LPB",104049,"/Date(1700192464000)/",15700,400,447900,7039000000,50,true,0.32
"LPB",103910,"/Date(1700192365000)/",15700,300,447500,7033000000,50,true,0.32
"LPB",103910,"/Date(1700192364000)/",15700,3000,447200,7028000000,50,true,0.32
"LPB",103731,"/Date(1700192267000)/",15700,700,444200,6981000000,50,true,0.32
"LPB",103731,"/Date(1700192266000)/",15700,7000,443500,6970000000,50,true,0.32
"LPB",103628,"/Date(1700192202000)/",15700,700,436500,6860000000,50,true,0.32
"LPB",103319,"/Date(1700192014000)/",15700,600,435800,6849000000,50,true,0.32
"LPB",103319,"/Date(1700192013000)/",15700,5700,435200,6839000000,50,true,0.32
"LPB",103134,"/Date(1700191909000)/",15700,500,429500,6750000000,50,true,0.32
"LPB",103134,"/Date(1700191908000)/",15700,5000,429000,6742000000,50,true,0.32
"LPB",103134,"/Date(1700191908000)/",15700,100,424000,6664000000,50,true,0.32
"LPB",103134,"/Date(1700191907000)/",15700,1000,423900,6662000000,50,true,0.32
"LPB",103127,"/Date(1700191903000)/",15700,100,422900,6646000000,50,true,0.32
"LPB",103108,"/Date(1700191883000)/",15700,400,422800,6645000000,50,true,0.32
"LPB",103108,"/Date(1700191882000)/",15700,3800,422400,6639000000,50,true,0.32
"LPB",103052,"/Date(1700191867000)/",15700,100,418600,6579000000,50,true,0.32
"LPB",103052,"/Date(1700191866000)/",15700,1000,418500,6577000000,50,true,0.32
"LPB",103011,"/Date(1700191824000)/",15700,300,417500,6562000000,50,true,0.32
"LPB",102929,"/Date(1700191784000)/",15700,200,417200,6557000000,50,false,0.32
"LPB",102929,"/Date(1700191783000)/",15700,2300,417000,6554000000,50,false,0.32
"LPB",102929,"/Date(1700191782000)/",15700,500,414700,6518000000,50,false,0.32
"LPB",102929,"/Date(1700191782000)/",15700,1500,414200,6510000000,50,false,0.32
"LPB",102929,"/Date(1700191782000)/",15700,5000,412700,6486000000,50,false,0.32
"LPB",102929,"/Date(1700191782000)/",15700,200,407700,6408000000,50,false,0.32
"LPB",102929,"/Date(1700191782000)/",15700,100,407500,6405000000,50,false,0.32
"LPB",102929,"/Date(1700191782000)/",15700,2700,407400,6403000000,50,false,0.32
"LPB",102926,"/Date(1700191782000)/",15700,11000,404700,6361000000,50,false,0.32
"LPB",102851,"/Date(1700191746000)/",15700,5000,393700,6188000000,50,false,0.32
"LPB",102845,"/Date(1700191738000)/",15650,900,388700,6109000000,0,true,0
"LPB",102841,"/Date(1700191737000)/",15650,6400,387800,6095000000,0,true,0
"LPB",102841,"/Date(1700191737000)/",15650,100,381400,5995000000,0,true,0
"LPB",102841,"/Date(1700191737000)/",15650,200,381300,5994000000,0,true,0
"LPB",102841,"/Date(1700191737000)/",15650,200,381100,5990000000,0,true,0
"LPB",102841,"/Date(1700191737000)/",15650,1000,380900,5987000000,0,true,0
"LPB",102841,"/Date(1700191737000)/",15650,100,379900,5972000000,0,true,0
"LPB",102841,"/Date(1700191737000)/",15650,100,379800,5970000000,0,true,0
"LPB",102841,"/Date(1700191737000)/",15650,100,379700,5969000000,0,true,0
"LPB",102806,"/Date(1700191700000)/",15650,100,379600,5967000000,0,true,0
"LPB",102806,"/Date(1700191699000)/",15650,300,379500,5965000000,0,true,0
"LPB",102806,"/Date(1700191699000)/",15650,700,379200,5961000000,0,true,0
"LPB",102445,"/Date(1700191499000)/",15700,20000,378500,5950000000,50,true,0.32
"LPB",102445,"/Date(1700191499000)/",15700,200,358500,5636000000,50,true,0.32
"LPB",102445,"/Date(1700191499000)/",15700,4600,358300,5633000000,50,true,0.32
"LPB",102416,"/Date(1700191470000)/",15700,400,353700,5560000000,50,true,0.32
"LPB",102416,"/Date(1700191469000)/",15700,4300,353300,5554000000,50,true,0.32
"LPB",102406,"/Date(1700191461000)/",15700,500,349000,5487000000,50,true,0.32
"LPB",102341,"/Date(1700191435000)/",15700,600,348500,5479000000,50,true,0.32
"LPB",102221,"/Date(1700191354000)/",15700,500,347900,5469000000,50,true,0.32
"LPB",102055,"/Date(1700191268000)/",15750,600,347400,5462000000,100,false,0.64
"LPB",102051,"/Date(1700191264000)/",15750,300,346800,5452000000,100,false,0.64
"LPB",101951,"/Date(1700191203000)/",15750,500,346500,5447000000,100,false,0.64
"LPB",101759,"/Date(1700191092000)/",15700,300,346000,5439000000,50,true,0.32
"LPB",101747,"/Date(1700191079000)/",15700,300,345700,5435000000,50,true,0.32
"LPB",101747,"/Date(1700191078000)/",15700,3500,345400,5430000000,50,true,0.32
"LPB",101724,"/Date(1700191056000)/",15700,100,341900,5375000000,50,true,0.32
"LPB",101721,"/Date(1700191055000)/",15700,1400,341800,5374000000,50,true,0.32
"LPB",101636,"/Date(1700190985000)/",15700,200,340400,5352000000,50,true,0.32
"LPB",101636,"/Date(1700190983000)/",15700,2000,340200,5348000000,50,true,0.32
"LPB",101406,"/Date(1700190860000)/",15700,200,338200,5317000000,50,true,0.32
"LPB",101406,"/Date(1700190859000)/",15700,1100,338000,5314000000,50,true,0.32
"LPB",101406,"/Date(1700190859000)/",15700,500,336900,5297000000,50,true,0.32
"LPB",101406,"/Date(1700190859000)/",15700,100,336400,5289000000,50,true,0.32
"LPB",101406,"/Date(1700190859000)/",15700,100,336300,5287000000,50,true,0.32
"LPB",101406,"/Date(1700190859000)/",15700,100,336200,5286000000,50,true,0.32
"LPB",101406,"/Date(1700190859000)/",15700,100,336100,5284000000,50,true,0.32
"LPB",101309,"/Date(1700190801000)/",15700,200,336000,5282000000,50,true,0.32
"LPB",101309,"/Date(1700190800000)/",15700,2500,335800,5279000000,50,true,0.32
"LPB",101224,"/Date(1700190756000)/",15700,300,333300,5240000000,50,true,0.32
"LPB",101221,"/Date(1700190755000)/",15700,3500,333000,5235000000,50,true,0.32
"LPB",101221,"/Date(1700190753000)/",15700,32000,329500,5180000000,50,true,0.32
"LPB",101215,"/Date(1700190747000)/",15700,100,297500,4678000000,50,true,0.32
"LPB",101215,"/Date(1700190746000)/",15700,1300,297400,4676000000,50,true,0.32
"LPB",100951,"/Date(1700190604000)/",15700,100,296100,4656000000,50,true,0.32
"LPB",100951,"/Date(1700190603000)/",15700,1000,296000,4654000000,50,true,0.32
"LPB",100907,"/Date(1700190559000)/",15700,300,295000,4639000000,50,true,0.32
"LPB",100851,"/Date(1700190543000)/",15700,500,294700,4634000000,50,true,0.32
"LPB",100546,"/Date(1700190358000)/",15700,200,294200,4626000000,50,true,0.32
"LPB",100546,"/Date(1700190356000)/",15700,2500,294000,4623000000,50,true,0.32
"LPB",100543,"/Date(1700190354000)/",15700,100,291500,4584000000,50,true,0.32
"LPB",100540,"/Date(1700190353000)/",15700,1000,291400,4582000000,50,true,0.32
"LPB",100449,"/Date(1700190299000)/",15700,500,290400,4567000000,50,true,0.32
"LPB",100358,"/Date(1700190251000)/",15750,300,289900,4559000000,100,false,0.64
"LPB",100319,"/Date(1700190212000)/",15750,1900,289600,4554000000,100,false,0.64
"LPB",100251,"/Date(1700190183000)/",15700,300,287700,4524000000,50,true,0.32
"LPB",100251,"/Date(1700190182000)/",15700,3300,287400,4519000000,50,true,0.32
"LPB",100251,"/Date(1700190181000)/",15700,1000,284100,4468000000,50,true,0.32
"LPB",100251,"/Date(1700190181000)/",15700,1100,283100,4452000000,50,true,0.32
"LPB",100251,"/Date(1700190181000)/",15700,17000,282000,4435000000,50,true,0.32
"LPB",100251,"/Date(1700190181000)/",15700,100,265000,4168000000,50,true,0.32
"LPB",100251,"/Date(1700190181000)/",15700,1000,264900,4166000000,50,true,0.32
"LPB",100251,"/Date(1700190181000)/",15700,1000,263900,4150000000,50,true,0.32
"LPB",100251,"/Date(1700190181000)/",15700,1300,262900,4135000000,50,true,0.32
"LPB",100251,"/Date(1700190181000)/",15700,1000,261600,4114000000,50,true,0.32
"LPB",100251,"/Date(1700190181000)/",15700,200,260600,4099000000,50,true,0.32
"LPB",100251,"/Date(1700190181000)/",15700,4000,260400,4095000000,50,true,0.32
"LPB",100251,"/Date(1700190181000)/",15700,2500,256400,4033000000,50,true,0.32
"LPB",100206,"/Date(1700190137000)/",15650,200,253900,3993000000,0,true,0
"LPB",100128,"/Date(1700190101000)/",15650,100,253700,3990000000,0,true,0
"LPB",100059,"/Date(1700190071000)/",15700,10000,253600,3989000000,50,false,0.32
"LPB",95628,"/Date(1700189800000)/",15700,200,243600,3832000000,50,false,0.32
"LPB",95537,"/Date(1700189749000)/",15700,300,243400,3829000000,50,false,0.32
"LPB",95440,"/Date(1700189690000)/",15700,30000,243100,3824000000,50,true,0.32
"LPB",95440,"/Date(1700189690000)/",15700,500,213100,3353000000,50,true,0.32
"LPB",95440,"/Date(1700189690000)/",15700,200,212600,3345000000,50,true,0.32
"LPB",95440,"/Date(1700189690000)/",15700,5000,212400,3342000000,50,true,0.32
"LPB",95440,"/Date(1700189690000)/",15700,400,207400,3263000000,50,true,0.32
"LPB",95440,"/Date(1700189690000)/",15700,900,207000,3257000000,50,true,0.32
"LPB",95418,"/Date(1700189667000)/",15700,200,206100,3243000000,50,true,0.32
"LPB",95414,"/Date(1700189666000)/",15700,2000,205900,3240000000,50,true,0.32
"LPB",95355,"/Date(1700189645000)/",15750,500,203900,3208000000,100,false,0.64
"LPB",95336,"/Date(1700189626000)/",15750,100,203400,3201000000,100,true,0.64
"LPB",95336,"/Date(1700189626000)/",15750,2300,203300,3199000000,100,true,0.64
"LPB",95327,"/Date(1700189619000)/",15750,200,201000,3163000000,100,true,0.64
"LPB",95327,"/Date(1700189618000)/",15750,2200,200800,3160000000,100,true,0.64
"LPB",95327,"/Date(1700189617000)/",15750,100,198600,3125000000,100,true,0.64
"LPB",95327,"/Date(1700189617000)/",15750,19900,198500,3123000000,100,true,0.64
"LPB",95248,"/Date(1700189578000)/",15750,200,178600,2810000000,100,true,0.64
"LPB",95245,"/Date(1700189577000)/",15750,300,178400,2807000000,100,true,0.64
"LPB",95245,"/Date(1700189576000)/",15750,3000,178100,2802000000,100,true,0.64
"LPB",95006,"/Date(1700189418000)/",15750,800,175100,2755000000,100,true,0.64
"LPB",95006,"/Date(1700189416000)/",15750,100,174300,2742000000,100,true,0.64
"LPB",94846,"/Date(1700189337000)/",15750,500,174200,2741000000,100,true,0.64
"LPB",94727,"/Date(1700189258000)/",15750,500,173700,2733000000,100,true,0.64
"LPB",94704,"/Date(1700189234000)/",15750,400,173200,2725000000,100,true,0.64
"LPB",94655,"/Date(1700189224000)/",15750,400,172800,2719000000,100,true,0.64
"LPB",94652,"/Date(1700189223000)/",15750,100,172400,2712000000,100,false,0.64
"LPB",94652,"/Date(1700189223000)/",15750,1900,172300,2711000000,100,false,0.64
"LPB",94652,"/Date(1700189223000)/",15750,1900,170400,2681000000,100,false,0.64
"LPB",94626,"/Date(1700189195000)/",15750,100,168500,2651000000,100,false,0.64
"LPB",94626,"/Date(1700189195000)/",15750,3000,168400,2649000000,100,false,0.64
"LPB",94626,"/Date(1700189195000)/",15750,500,165400,2602000000,100,false,0.64
"LPB",94626,"/Date(1700189195000)/",15750,100,164900,2594000000,100,false,0.64
"LPB",94626,"/Date(1700189195000)/",15750,14400,164800,2593000000,100,false,0.64
"LPB",94614,"/Date(1700189183000)/",15750,200,150400,2366000000,100,true,0.64
"LPB",94432,"/Date(1700189082000)/",15750,100,150200,2363000000,100,true,0.64
"LPB",94432,"/Date(1700189081000)/",15750,1100,150100,2361000000,100,true,0.64
"LPB",94429,"/Date(1700189079000)/",15750,10000,149000,2344000000,100,true,0.64
"LPB",94425,"/Date(1700189074000)/",15750,100,139000,2186000000,100,true,0.64
"LPB",94422,"/Date(1700189072000)/",15750,1000,138900,2185000000,100,true,0.64
"LPB",94225,"/Date(1700188955000)/",15750,300,137900,2169000000,100,true,0.64
"LPB",94225,"/Date(1700188954000)/",15750,600,137600,2164000000,100,true,0.64
"LPB",94225,"/Date(1700188954000)/",15750,1000,137000,2155000000,100,true,0.64
"LPB",94225,"/Date(1700188954000)/",15750,200,136000,2139000000,100,true,0.64
"LPB",94225,"/Date(1700188954000)/",15750,1000,135800,2136000000,100,true,0.64
"LPB",94153,"/Date(1700188923000)/",15750,2000,134800,2120000000,100,false,0.64
"LPB",94153,"/Date(1700188922000)/",15750,2000,132800,2089000000,100,false,0.64
"LPB",94153,"/Date(1700188922000)/",15750,26000,130800,2057000000,100,false,0.64
"LPB",93952,"/Date(1700188802000)/",15750,19000,104800,1648000000,100,true,0.64
"LPB",93949,"/Date(1700188799000)/",15800,500,85800,1348000000,150,false,0.96
"LPB",93858,"/Date(1700188746000)/",15750,100,85300,1340000000,100,true,0.64
"LPB",93855,"/Date(1700188745000)/",15750,1000,85200,1339000000,100,true,0.64
"LPB",93823,"/Date(1700188713000)/",15750,800,84200,1323000000,100,true,0.64
"LPB",93817,"/Date(1700188705000)/",15750,200,83400,1311000000,100,true,0.64
"LPB",93735,"/Date(1700188666000)/",15750,800,83200,1307000000,100,true,0.64
"LPB",93735,"/Date(1700188665000)/",15750,1000,82400,1295000000,100,true,0.64
"LPB",93735,"/Date(1700188665000)/",15750,300,81400,1279000000,100,true,0.64
"LPB",93735,"/Date(1700188665000)/",15750,6800,81100,1274000000,100,true,0.64
"LPB",93651,"/Date(1700188621000)/",15700,200,74300,1167000000,50,true,0.32
"LPB",93651,"/Date(1700188620000)/",15700,1700,74100,1164000000,50,true,0.32
"LPB",93651,"/Date(1700188620000)/",15700,800,72400,1137000000,50,true,0.32
"LPB",93648,"/Date(1700188617000)/",15750,3200,71600,1125000000,100,false,0.64
"LPB",93528,"/Date(1700188538000)/",15750,900,68400,1074000000,100,true,0.64
"LPB",93453,"/Date(1700188501000)/",15750,100,67500,1060000000,100,true,0.64
"LPB",93450,"/Date(1700188500000)/",15750,1700,67400,1059000000,100,true,0.64
"LPB",93450,"/Date(1700188499000)/",15800,600,65700,1032000000,150,false,0.96
"LPB",93441,"/Date(1700188490000)/",15750,400,65100,1022000000,100,true,0.64
"LPB",93425,"/Date(1700188475000)/",15750,300,64700,1016000000,100,true,0.64
"LPB",93353,"/Date(1700188441000)/",15750,300,64400,1011000000,100,true,0.64
"LPB",93350,"/Date(1700188440000)/",15750,500,64100,1007000000,100,true,0.64
"LPB",93350,"/Date(1700188440000)/",15750,3100,63600,999000000,100,true,0.64
"LPB",93350,"/Date(1700188439000)/",15750,5000,60500,950000000,100,true,0.64
"LPB",93343,"/Date(1700188433000)/",15750,500,55500,871000000,100,true,0.64
"LPB",93343,"/Date(1700188432000)/",15750,5000,55000,863000000,100,true,0.64
"LPB",93302,"/Date(1700188392000)/",15750,100,50000,785000000,100,true,0.64
"LPB",93218,"/Date(1700188345000)/",15750,800,49900,783000000,100,true,0.64
"LPB",93215,"/Date(1700188345000)/",15750,2000,49100,770000000,100,false,0.64
"LPB",93215,"/Date(1700188345000)/",15750,1300,47100,739000000,100,false,0.64
"LPB",93215,"/Date(1700188345000)/",15750,300,45800,718000000,100,false,0.64
"LPB",93215,"/Date(1700188345000)/",15750,1500,45500,714000000,100,false,0.64
"LPB",93215,"/Date(1700188345000)/",15750,100,44000,690000000,100,false,0.64
"LPB",93215,"/Date(1700188345000)/",15750,100,43900,689000000,100,false,0.64
"LPB",93215,"/Date(1700188345000)/",15750,100,43800,687000000,100,false,0.64
"LPB",93215,"/Date(1700188345000)/",15750,2000,43700,685000000,100,false,0.64
"LPB",93215,"/Date(1700188345000)/",15750,500,41700,654000000,100,false,0.64
"LPB",93215,"/Date(1700188345000)/",15750,200,41200,646000000,100,false,0.64
"LPB",93152,"/Date(1700188321000)/",15700,200,41000,643000000,50,true,0.32
"LPB",93152,"/Date(1700188320000)/",15700,2300,40800,640000000,50,true,0.32
"LPB",93124,"/Date(1700188292000)/",15700,300,38500,604000000,50,true,0.32
"LPB",93046,"/Date(1700188253000)/",15700,200,38200,599000000,50,true,0.32
"LPB",93046,"/Date(1700188253000)/",15700,100,38000,596000000,50,true,0.32
"LPB",93046,"/Date(1700188253000)/",15700,200,37900,594000000,50,true,0.32
"LPB",93020,"/Date(1700188230000)/",15700,500,37700,591000000,50,true,0.32
"LPB",92954,"/Date(1700188204000)/",15700,600,37200,583000000,50,true,0.32
"LPB",92851,"/Date(1700188140000)/",15700,500,36600,574000000,50,true,0.32
"LPB",92851,"/Date(1700188139000)/",15700,1100,36100,566000000,50,true,0.32
"LPB",92851,"/Date(1700188139000)/",15700,2000,35000,549000000,50,true,0.32
"LPB",92851,"/Date(1700188139000)/",15700,1900,33000,517000000,50,true,0.32
"LPB",92822,"/Date(1700188110000)/",15700,100,31100,487000000,50,true,0.32
"LPB",92502,"/Date(1700187912000)/",15700,100,31000,486000000,50,true,0.32
"LPB",92453,"/Date(1700187902000)/",15700,2900,30900,484000000,50,false,0.32
"LPB",92405,"/Date(1700187853000)/",15700,500,28000,439000000,50,true,0.32
"LPB",92405,"/Date(1700187853000)/",15700,100,27500,431000000,50,true,0.32
"LPB",92405,"/Date(1700187853000)/",15700,200,27400,429000000,50,true,0.32
"LPB",92405,"/Date(1700187853000)/",15700,2000,27200,426000000,50,true,0.32
"LPB",92359,"/Date(1700187848000)/",15750,100,25200,395000000,100,false,0.64
"LPB",92236,"/Date(1700187764000)/",15750,2000,25100,393000000,100,false,0.64
"LPB",92208,"/Date(1700187737000)/",15750,3000,23100,362000000,100,false,0.64
"LPB",92130,"/Date(1700187696000)/",15700,100,20100,314000000,50,true,0.32
"LPB",91845,"/Date(1700187533000)/",15700,500,20000,313000000,50,true,0.32
"LPB",91839,"/Date(1700187527000)/",15700,100,19500,305000000,50,true,0.32
"LPB",91810,"/Date(1700187497000)/",15700,1000,19400,303000000,50,true,0.32
"LPB",91810,"/Date(1700187497000)/",15700,200,18400,288000000,50,true,0.32
"LPB",91704,"/Date(1700187431000)/",15700,2000,18200,285000000,50,false,0.32
"LPB",91701,"/Date(1700187428000)/",15700,2000,16200,253000000,50,false,0.32
"LPB",91632,"/Date(1700187400000)/",15700,5000,14200,222000000,50,false,0.32
"LPB",91614,"/Date(1700187381000)/",15700,600,9200,143000000,50,false,0.32
"LPB",91614,"/Date(1700187381000)/",15650,2100,8600,134000000,0,false,0
"LPB",91614,"/Date(1700187381000)/",15650,100,6500,101000000,0,false,0
"LPB",91614,"/Date(1700187381000)/",15650,200,6400,99000000,0,false,0
"LPB",91614,"/Date(1700187381000)/",15650,2000,6200,96000000,0,false,0
"LPB",91504,"/Date(1700187310000)/",15650,200,4200,65000000,0,false,0
"LPB",91458,"/Date(1700187300000)/",15600,4000,4000,62000000,-50,true,-0.32
