"Stockcode","Package","TradingDate","Price","Vol","TotalVol","TotalVal","Change","IsBuy","PerChange"
"PVT",144430,"/Date(1700207101000)/",24750,410600,6284400,157609000000,-850,false,-3.32
"PVT",142922,"/Date(1700206196000)/",24850,1000,5873800,147447000000,-750,false,-2.93
"PVT",142919,"/Date(1700206196000)/",24850,100,5872800,147422000000,-750,true,-2.93
"PVT",142919,"/Date(1700206193000)/",24850,500,5872700,147419000000,-750,true,-2.93
"PVT",142919,"/Date(1700206193000)/",24850,2000,5872200,147407000000,-750,true,-2.93
"PVT",142915,"/Date(1700206190000)/",24850,5000,5870200,147357000000,-750,true,-2.93
"PVT",142915,"/Date(1700206190000)/",24850,5000,5865200,147233000000,-750,true,-2.93
"PVT",142915,"/Date(1700206190000)/",24850,200,5860200,147109000000,-750,true,-2.93
"PVT",142915,"/Date(1700206190000)/",24850,400,5860000,147104000000,-750,true,-2.93
"PVT",142915,"/Date(1700206190000)/",24850,300,5859600,147094000000,-750,true,-2.93
"PVT",142915,"/Date(1700206190000)/",24850,1000,5859300,147086000000,-750,true,-2.93
"PVT",142915,"/Date(1700206190000)/",24850,5000,5858300,147062000000,-750,true,-2.93
"PVT",142915,"/Date(1700206190000)/",24850,1000,5853300,146937000000,-750,true,-2.93
"PVT",142915,"/Date(1700206190000)/",24850,500,5852300,146912000000,-750,true,-2.93
"PVT",142915,"/Date(1700206190000)/",24850,400,5851800,146900000000,-750,true,-2.93
"PVT",142912,"/Date(1700206190000)/",24850,600,5851400,146890000000,-750,true,-2.93
"PVT",142912,"/Date(1700206190000)/",24850,100,5850800,146875000000,-750,true,-2.93
"PVT",142912,"/Date(1700206190000)/",24850,4000,5850700,146873000000,-750,true,-2.93
"PVT",142912,"/Date(1700206190000)/",24850,300,5846700,146773000000,-750,true,-2.93
"PVT",142912,"/Date(1700206188000)/",24900,300,5846400,146766000000,-700,false,-2.73
"PVT",142909,"/Date(1700206186000)/",24900,1400,5846100,146758000000,-700,false,-2.73
"PVT",142909,"/Date(1700206185000)/",24850,700,5844700,146724000000,-750,true,-2.93
"PVT",142909,"/Date(1700206185000)/",24850,300,5844000,146706000000,-750,true,-2.93
"PVT",142906,"/Date(1700206181000)/",24900,100,5843700,146699000000,-700,false,-2.73
"PVT",142903,"/Date(1700206180000)/",24900,300,5843600,146696000000,-700,false,-2.73
"PVT",142903,"/Date(1700206177000)/",24900,100,5843300,146689000000,-700,false,-2.73
"PVT",142859,"/Date(1700206176000)/",24850,200,5843200,146686000000,-750,true,-2.93
"PVT",142859,"/Date(1700206176000)/",24850,1100,5843000,146681000000,-750,true,-2.93
"PVT",142859,"/Date(1700206174000)/",24900,300,5841900,146654000000,-700,false,-2.73
"PVT",142859,"/Date(1700206174000)/",24850,3900,5841600,146646000000,-750,true,-2.93
"PVT",142859,"/Date(1700206174000)/",24850,100,5837700,146550000000,-750,true,-2.93
"PVT",142859,"/Date(1700206174000)/",24850,1000,5837600,146547000000,-750,true,-2.93
"PVT",142853,"/Date(1700206168000)/",24900,100,5836600,146522000000,-700,false,-2.73
"PVT",142850,"/Date(1700206167000)/",24900,3000,5836500,146520000000,-700,true,-2.73
"PVT",142850,"/Date(1700206166000)/",24900,2600,5833500,146445000000,-700,true,-2.73
"PVT",142850,"/Date(1700206166000)/",24900,100,5830900,146380000000,-700,true,-2.73
"PVT",142850,"/Date(1700206166000)/",24900,2000,5830800,146378000000,-700,true,-2.73
"PVT",142850,"/Date(1700206166000)/",24900,200,5828800,146328000000,-700,true,-2.73
"PVT",142850,"/Date(1700206166000)/",24900,100,5828600,146323000000,-700,true,-2.73
"PVT",142850,"/Date(1700206166000)/",24900,800,5828500,146321000000,-700,true,-2.73
"PVT",142850,"/Date(1700206166000)/",24900,100,5827700,146301000000,-700,true,-2.73
"PVT",142850,"/Date(1700206166000)/",24900,500,5827600,146298000000,-700,true,-2.73
"PVT",142850,"/Date(1700206166000)/",24900,1000,5827100,146286000000,-700,true,-2.73
"PVT",142850,"/Date(1700206166000)/",24900,100,5826100,146261000000,-700,true,-2.73
"PVT",142850,"/Date(1700206166000)/",24900,100,5826000,146258000000,-700,true,-2.73
"PVT",142850,"/Date(1700206166000)/",24900,4600,5825900,146256000000,-700,true,-2.73
"PVT",142843,"/Date(1700206159000)/",24900,400,5821300,146141000000,-700,true,-2.73
"PVT",142843,"/Date(1700206159000)/",24900,200,5820900,146131000000,-700,true,-2.73
"PVT",142843,"/Date(1700206159000)/",24900,2900,5820700,146126000000,-700,true,-2.73
"PVT",142837,"/Date(1700206153000)/",24950,1000,5817800,146054000000,-650,true,-2.54
"PVT",142837,"/Date(1700206153000)/",24950,100,5816800,146029000000,-650,true,-2.54
"PVT",142837,"/Date(1700206153000)/",24950,400,5816700,146027000000,-650,true,-2.54
"PVT",142837,"/Date(1700206153000)/",24950,500,5816300,146017000000,-650,true,-2.54
"PVT",142837,"/Date(1700206152000)/",24950,400,5815800,146004000000,-650,true,-2.54
"PVT",142834,"/Date(1700206151000)/",24950,100,5815400,145994000000,-650,true,-2.54
"PVT",142827,"/Date(1700206142000)/",24950,3600,5815300,145992000000,-650,true,-2.54
"PVT",142827,"/Date(1700206142000)/",24950,1400,5811700,145902000000,-650,true,-2.54
"PVT",142824,"/Date(1700206141000)/",24950,1100,5810300,145867000000,-650,true,-2.54
"PVT",142824,"/Date(1700206141000)/",24950,1000,5809200,145840000000,-650,true,-2.54
"PVT",142824,"/Date(1700206141000)/",24950,7900,5808200,145815000000,-650,true,-2.54
"PVT",142818,"/Date(1700206135000)/",25000,700,5800300,145617000000,-600,true,-2.34
"PVT",142818,"/Date(1700206135000)/",25000,6000,5799600,145600000000,-600,true,-2.34
"PVT",142818,"/Date(1700206133000)/",25000,2000,5793600,145450000000,-600,true,-2.34
"PVT",142815,"/Date(1700206131000)/",25000,1300,5791600,145400000000,-600,true,-2.34
"PVT",142815,"/Date(1700206131000)/",25000,200,5790300,145367000000,-600,true,-2.34
"PVT",142815,"/Date(1700206131000)/",25000,2000,5790100,145362000000,-600,true,-2.34
"PVT",142815,"/Date(1700206131000)/",25000,700,5788100,145312000000,-600,true,-2.34
"PVT",142815,"/Date(1700206131000)/",25000,800,5787400,145295000000,-600,true,-2.34
"PVT",142805,"/Date(1700206122000)/",25000,500,5786600,145275000000,-600,true,-2.34
"PVT",142805,"/Date(1700206122000)/",25000,1000,5786100,145262000000,-600,true,-2.34
"PVT",142805,"/Date(1700206122000)/",25000,1000,5785100,145237000000,-600,true,-2.34
"PVT",142805,"/Date(1700206122000)/",25000,1000,5784100,145212000000,-600,true,-2.34
"PVT",142805,"/Date(1700206122000)/",25000,1000,5783100,145187000000,-600,true,-2.34
"PVT",142805,"/Date(1700206122000)/",25000,500,5782100,145162000000,-600,true,-2.34
"PVT",142805,"/Date(1700206121000)/",25050,1000,5781600,145150000000,-550,true,-2.15
"PVT",142805,"/Date(1700206121000)/",25050,1000,5780600,145125000000,-550,true,-2.15
"PVT",142805,"/Date(1700206121000)/",25050,400,5779600,145100000000,-550,true,-2.15
"PVT",142805,"/Date(1700206121000)/",25050,200,5779200,145090000000,-550,true,-2.15
"PVT",142755,"/Date(1700206111000)/",25050,4400,5779000,145085000000,-550,true,-2.15
"PVT",142755,"/Date(1700206111000)/",25050,1000,5774600,144975000000,-550,true,-2.15
"PVT",142755,"/Date(1700206111000)/",25050,2000,5773600,144950000000,-550,true,-2.15
"PVT",142755,"/Date(1700206111000)/",25050,2500,5771600,144899000000,-550,true,-2.15
"PVT",142755,"/Date(1700206111000)/",25050,100,5769100,144837000000,-550,true,-2.15
"PVT",142746,"/Date(1700206101000)/",25100,2000,5769000,144834000000,-500,false,-1.95
"PVT",142736,"/Date(1700206090000)/",25100,3900,5767000,144784000000,-500,true,-1.95
"PVT",142736,"/Date(1700206090000)/",25100,2000,5763100,144686000000,-500,true,-1.95
"PVT",142736,"/Date(1700206090000)/",25100,1000,5761100,144636000000,-500,true,-1.95
"PVT",142736,"/Date(1700206090000)/",25100,1000,5760100,144611000000,-500,true,-1.95
"PVT",142736,"/Date(1700206090000)/",25100,100,5759100,144586000000,-500,true,-1.95
"PVT",142736,"/Date(1700206090000)/",25100,1300,5759000,144583000000,-500,true,-1.95
"PVT",142733,"/Date(1700206090000)/",25100,700,5757700,144551000000,-500,true,-1.95
"PVT",142733,"/Date(1700206090000)/",25100,800,5757000,144533000000,-500,true,-1.95
"PVT",142733,"/Date(1700206090000)/",25100,200,5756200,144513000000,-500,true,-1.95
"PVT",142733,"/Date(1700206090000)/",25100,300,5756000,144508000000,-500,true,-1.95
"PVT",142727,"/Date(1700206083000)/",25100,400,5755700,144500000000,-500,true,-1.95
"PVT",142727,"/Date(1700206081000)/",25150,10000,5755300,144490000000,-450,false,-1.76
"PVT",142723,"/Date(1700206078000)/",25150,1200,5745300,144239000000,-450,true,-1.76
"PVT",142723,"/Date(1700206078000)/",25150,200,5744100,144209000000,-450,true,-1.76
"PVT",142723,"/Date(1700206078000)/",25150,600,5743900,144204000000,-450,true,-1.76
"PVT",142723,"/Date(1700206078000)/",25150,500,5743300,144189000000,-450,true,-1.76
"PVT",142723,"/Date(1700206078000)/",25150,300,5742800,144176000000,-450,true,-1.76
"PVT",142720,"/Date(1700206074000)/",25150,6000,5742500,144169000000,-450,true,-1.76
"PVT",142717,"/Date(1700206074000)/",25150,3000,5736500,144018000000,-450,true,-1.76
"PVT",142717,"/Date(1700206072000)/",25150,2000,5733500,143942000000,-450,true,-1.76
"PVT",142707,"/Date(1700206064000)/",25150,5000,5731500,143892000000,-450,true,-1.76
"PVT",142707,"/Date(1700206062000)/",25150,1000,5726500,143766000000,-450,true,-1.76
"PVT",142707,"/Date(1700206062000)/",25200,1000,5725500,143741000000,-400,true,-1.56
"PVT",142651,"/Date(1700206048000)/",25150,1500,5724500,143716000000,-450,true,-1.76
"PVT",142651,"/Date(1700206048000)/",25200,500,5723000,143678000000,-400,true,-1.56
"PVT",142648,"/Date(1700206045000)/",25200,500,5722500,143665000000,-400,false,-1.56
"PVT",142648,"/Date(1700206043000)/",25200,2500,5722000,143653000000,-400,false,-1.56
"PVT",142648,"/Date(1700206043000)/",25200,2000,5719500,143590000000,-400,false,-1.56
"PVT",142648,"/Date(1700206043000)/",25200,100,5717500,143539000000,-400,false,-1.56
"PVT",142648,"/Date(1700206043000)/",25200,9400,5717400,143537000000,-400,false,-1.56
"PVT",142648,"/Date(1700206042000)/",25200,100,5708000,143300000000,-400,false,-1.56
"PVT",142645,"/Date(1700206041000)/",25200,500,5707900,143298000000,-400,false,-1.56
"PVT",142645,"/Date(1700206041000)/",25200,600,5707400,143285000000,-400,false,-1.56
"PVT",142645,"/Date(1700206041000)/",25200,100,5706800,143270000000,-400,false,-1.56
"PVT",142645,"/Date(1700206041000)/",25200,2000,5706700,143267000000,-400,false,-1.56
"PVT",142645,"/Date(1700206041000)/",25200,1200,5704700,143217000000,-400,false,-1.56
"PVT",142645,"/Date(1700206039000)/",25150,1000,5703500,143187000000,-450,true,-1.76
"PVT",142642,"/Date(1700206036000)/",25200,300,5702500,143162000000,-400,false,-1.56
"PVT",142639,"/Date(1700206033000)/",25200,5000,5702200,143154000000,-400,false,-1.56
"PVT",142635,"/Date(1700206030000)/",25200,500,5697200,143028000000,-400,false,-1.56
"PVT",142623,"/Date(1700206020000)/",25200,100,5696700,143015000000,-400,false,-1.56
"PVT",142603,"/Date(1700206000000)/",25200,5000,5696600,143013000000,-400,false,-1.56
"PVT",142554,"/Date(1700205989000)/",25150,500,5691600,142887000000,-450,true,-1.76
"PVT",142551,"/Date(1700205985000)/",25150,3300,5691100,142874000000,-450,true,-1.76
"PVT",142551,"/Date(1700205985000)/",25150,6400,5687800,142791000000,-450,true,-1.76
"PVT",142544,"/Date(1700205980000)/",25150,200,5681400,142630000000,-450,false,-1.76
"PVT",142541,"/Date(1700205977000)/",25150,1000,5681200,142625000000,-450,false,-1.76
"PVT",142528,"/Date(1700205964000)/",25150,6000,5680200,142600000000,-450,true,-1.76
"PVT",142528,"/Date(1700205964000)/",25150,300,5674200,142449000000,-450,true,-1.76
"PVT",142528,"/Date(1700205964000)/",25150,1000,5673900,142442000000,-450,true,-1.76
"PVT",142528,"/Date(1700205964000)/",25150,400,5672900,142417000000,-450,true,-1.76
"PVT",142528,"/Date(1700205964000)/",25150,700,5672500,142406000000,-450,true,-1.76
"PVT",142525,"/Date(1700205961000)/",25150,200,5671800,142389000000,-450,true,-1.76
"PVT",142525,"/Date(1700205961000)/",25150,300,5671600,142384000000,-450,true,-1.76
"PVT",142515,"/Date(1700205951000)/",25150,100,5671300,142376000000,-450,false,-1.76
"PVT",142515,"/Date(1700205950000)/",25150,600,5671200,142374000000,-450,false,-1.76
"PVT",142512,"/Date(1700205949000)/",25150,200,5670600,142359000000,-450,false,-1.76
"PVT",142509,"/Date(1700205946000)/",25150,900,5670400,142354000000,-450,true,-1.76
"PVT",142509,"/Date(1700205946000)/",25150,300,5669500,142331000000,-450,true,-1.76
"PVT",142450,"/Date(1700205914000)/",25150,200,5669200,142323000000,-450,false,-1.76
"PVT",142434,"/Date(1700205908000)/",25150,100,5669000,142318000000,-450,true,-1.76
"PVT",142434,"/Date(1700205908000)/",25150,500,5668900,142316000000,-450,true,-1.76
"PVT",142434,"/Date(1700205908000)/",25150,200,5668400,142303000000,-450,true,-1.76
"PVT",142424,"/Date(1700205900000)/",25150,1800,5668200,142298000000,-450,true,-1.76
"PVT",142424,"/Date(1700205900000)/",25150,1000,5666400,142253000000,-450,true,-1.76
"PVT",142424,"/Date(1700205900000)/",25150,4600,5665400,142228000000,-450,true,-1.76
"PVT",142418,"/Date(1700205892000)/",25150,400,5660800,142112000000,-450,true,-1.76
"PVT",142414,"/Date(1700205891000)/",25150,600,5660400,142102000000,-450,false,-1.76
"PVT",142414,"/Date(1700205891000)/",25150,900,5659800,142087000000,-450,false,-1.76
"PVT",142411,"/Date(1700205887000)/",25150,1000,5658900,142064000000,-450,false,-1.76
"PVT",142411,"/Date(1700205886000)/",25150,100,5657900,142039000000,-450,false,-1.76
"PVT",142411,"/Date(1700205886000)/",25150,100,5657800,142037000000,-450,false,-1.76
"PVT",142408,"/Date(1700205883000)/",25150,2000,5657700,142034000000,-450,false,-1.76
"PVT",142405,"/Date(1700205880000)/",25150,500,5655700,141984000000,-450,false,-1.76
"PVT",142402,"/Date(1700205878000)/",25150,5000,5655200,141971000000,-450,false,-1.76
"PVT",142402,"/Date(1700205877000)/",25150,2000,5650200,141846000000,-450,false,-1.76
"PVT",142358,"/Date(1700205875000)/",25150,100,5648200,141795000000,-450,false,-1.76
"PVT",142358,"/Date(1700205873000)/",25150,2000,5648100,141793000000,-450,false,-1.76
"PVT",142355,"/Date(1700205870000)/",25150,400,5646100,141743000000,-450,false,-1.76
"PVT",142342,"/Date(1700205859000)/",25150,400,5645700,141732000000,-450,false,-1.76
"PVT",142339,"/Date(1700205854000)/",25150,100,5645300,141722000000,-450,false,-1.76
"PVT",142333,"/Date(1700205850000)/",25150,1000,5645200,141720000000,-450,false,-1.76
"PVT",142333,"/Date(1700205849000)/",25150,500,5644200,141695000000,-450,false,-1.76
"PVT",142333,"/Date(1700205849000)/",25150,1500,5643700,141682000000,-450,false,-1.76
"PVT",142326,"/Date(1700205842000)/",25150,1400,5642200,141644000000,-450,false,-1.76
"PVT",142326,"/Date(1700205842000)/",25150,100,5640800,141609000000,-450,false,-1.76
"PVT",142326,"/Date(1700205841000)/",25150,2000,5640700,141607000000,-450,false,-1.76
"PVT",142323,"/Date(1700205840000)/",25150,900,5638700,141556000000,-450,false,-1.76
"PVT",142323,"/Date(1700205840000)/",25150,100,5637800,141534000000,-450,false,-1.76
"PVT",142317,"/Date(1700205832000)/",25150,100,5637700,141531000000,-450,false,-1.76
"PVT",142317,"/Date(1700205832000)/",25150,100,5637600,141529000000,-450,false,-1.76
"PVT",142317,"/Date(1700205832000)/",25150,300,5637500,141526000000,-450,false,-1.76
"PVT",142317,"/Date(1700205832000)/",25150,1400,5637200,141519000000,-450,false,-1.76
"PVT",142310,"/Date(1700205825000)/",25150,500,5635800,141483000000,-450,false,-1.76
"PVT",142310,"/Date(1700205825000)/",25150,100,5635300,141471000000,-450,false,-1.76
"PVT",142301,"/Date(1700205815000)/",25100,500,5635200,141468000000,-500,true,-1.95
"PVT",142244,"/Date(1700205800000)/",25100,1900,5634700,141456000000,-500,true,-1.95
"PVT",142244,"/Date(1700205799000)/",25100,1000,5632800,141408000000,-500,true,-1.95
"PVT",142238,"/Date(1700205795000)/",25100,1000,5631800,141383000000,-500,false,-1.95
"PVT",142238,"/Date(1700205792000)/",25100,100,5630800,141358000000,-500,false,-1.95
"PVT",142232,"/Date(1700205787000)/",25050,100,5630700,141355000000,-550,true,-2.15
"PVT",142228,"/Date(1700205783000)/",25100,1000,5630600,141353000000,-500,false,-1.95
"PVT",142228,"/Date(1700205783000)/",25100,500,5629600,141328000000,-500,false,-1.95
"PVT",142225,"/Date(1700205781000)/",25100,100,5629100,141315000000,-500,false,-1.95
"PVT",142222,"/Date(1700205778000)/",25100,400,5629000,141313000000,-500,false,-1.95
"PVT",142222,"/Date(1700205778000)/",25100,200,5628600,141303000000,-500,false,-1.95
"PVT",142222,"/Date(1700205778000)/",25100,300,5628400,141298000000,-500,false,-1.95
"PVT",142222,"/Date(1700205778000)/",25100,200,5628100,141290000000,-500,false,-1.95
"PVT",142222,"/Date(1700205778000)/",25100,900,5627900,141285000000,-500,false,-1.95
"PVT",142222,"/Date(1700205777000)/",25100,1000,5627000,141263000000,-500,false,-1.95
"PVT",142219,"/Date(1700205775000)/",25100,2000,5626000,141237000000,-500,false,-1.95
"PVT",142216,"/Date(1700205771000)/",25100,16100,5624000,141187000000,-500,false,-1.95
"PVT",142216,"/Date(1700205771000)/",25100,300,5607900,140783000000,-500,false,-1.95
"PVT",142216,"/Date(1700205771000)/",25100,1000,5607600,140776000000,-500,false,-1.95
"PVT",142216,"/Date(1700205771000)/",25100,1600,5606600,140751000000,-500,false,-1.95
"PVT",142216,"/Date(1700205771000)/",25100,6000,5605000,140710000000,-500,false,-1.95
"PVT",142206,"/Date(1700205760000)/",25050,1000,5599000,140560000000,-550,false,-2.15
"PVT",142206,"/Date(1700205760000)/",25050,100,5598000,140535000000,-550,false,-2.15
"PVT",142206,"/Date(1700205760000)/",25050,100,5597900,140532000000,-550,false,-2.15
"PVT",142206,"/Date(1700205760000)/",25050,100,5597800,140530000000,-550,false,-2.15
"PVT",142206,"/Date(1700205760000)/",25050,4000,5597700,140527000000,-550,false,-2.15
"PVT",142206,"/Date(1700205760000)/",25050,1000,5593700,140427000000,-550,false,-2.15
"PVT",142206,"/Date(1700205759000)/",25050,200,5592700,140402000000,-550,false,-2.15
"PVT",142203,"/Date(1700205757000)/",25050,500,5592500,140397000000,-550,false,-2.15
"PVT",142159,"/Date(1700205755000)/",25050,300,5592000,140384000000,-550,false,-2.15
"PVT",142159,"/Date(1700205754000)/",25050,200,5591700,140377000000,-550,false,-2.15
"PVT",142159,"/Date(1700205753000)/",25050,2000,5591500,140372000000,-550,false,-2.15
"PVT",142156,"/Date(1700205751000)/",25050,500,5589500,140322000000,-550,false,-2.15
"PVT",142156,"/Date(1700205750000)/",25050,1300,5589000,140309000000,-550,false,-2.15
"PVT",142156,"/Date(1700205750000)/",25050,700,5587700,140277000000,-550,false,-2.15
"PVT",142153,"/Date(1700205749000)/",25050,500,5587000,140259000000,-550,false,-2.15
"PVT",142153,"/Date(1700205748000)/",25050,1000,5586500,140247000000,-550,false,-2.15
"PVT",142153,"/Date(1700205748000)/",25050,500,5585500,140222000000,-550,false,-2.15
"PVT",142150,"/Date(1700205746000)/",25050,5000,5585000,140209000000,-550,false,-2.15
"PVT",142146,"/Date(1700205741000)/",25050,300,5580000,140084000000,-550,false,-2.15
"PVT",142137,"/Date(1700205731000)/",25050,500,5579700,140076000000,-550,false,-2.15
"PVT",142134,"/Date(1700205729000)/",25050,500,5579200,140064000000,-550,false,-2.15
"PVT",142130,"/Date(1700205725000)/",25000,300,5578700,140051000000,-600,true,-2.34
"PVT",142130,"/Date(1700205725000)/",25000,700,5578400,140044000000,-600,true,-2.34
"PVT",142127,"/Date(1700205722000)/",25050,200,5577700,140026000000,-550,false,-2.15
"PVT",142127,"/Date(1700205721000)/",25000,300,5577500,140021000000,-600,true,-2.34
"PVT",142127,"/Date(1700205721000)/",25000,700,5577200,140014000000,-600,true,-2.34
"PVT",142121,"/Date(1700205715000)/",25000,300,5576500,139996000000,-600,true,-2.34
"PVT",142108,"/Date(1700205702000)/",25000,200,5576200,139989000000,-600,false,-2.34
"PVT",142108,"/Date(1700205702000)/",25000,300,5576000,139984000000,-600,false,-2.34
"PVT",142105,"/Date(1700205701000)/",25000,2000,5575700,139976000000,-600,false,-2.34
"PVT",142105,"/Date(1700205701000)/",25000,2500,5573700,139926000000,-600,false,-2.34
"PVT",142105,"/Date(1700205701000)/",25000,500,5571200,139864000000,-600,false,-2.34
"PVT",142102,"/Date(1700205698000)/",25000,100,5570700,139851000000,-600,false,-2.34
"PVT",142058,"/Date(1700205692000)/",25000,1400,5570600,139849000000,-600,false,-2.34
"PVT",142058,"/Date(1700205692000)/",25000,600,5569200,139814000000,-600,false,-2.34
"PVT",142052,"/Date(1700205686000)/",25000,400,5568600,139799000000,-600,false,-2.34
"PVT",142052,"/Date(1700205686000)/",25000,100,5568200,139789000000,-600,false,-2.34
"PVT",142052,"/Date(1700205686000)/",25000,1000,5568100,139786000000,-600,false,-2.34
"PVT",142052,"/Date(1700205686000)/",25000,2000,5567100,139761000000,-600,false,-2.34
"PVT",142052,"/Date(1700205686000)/",25000,1800,5565100,139711000000,-600,false,-2.34
"PVT",142052,"/Date(1700205686000)/",25000,2200,5563300,139666000000,-600,false,-2.34
"PVT",142052,"/Date(1700205686000)/",25000,400,5561100,139611000000,-600,false,-2.34
"PVT",142052,"/Date(1700205686000)/",25000,2000,5560700,139601000000,-600,false,-2.34
"PVT",142052,"/Date(1700205686000)/",25000,100,5558700,139551000000,-600,false,-2.34
"PVT",142039,"/Date(1700205675000)/",24950,200,5558600,139549000000,-650,false,-2.54
"PVT",142039,"/Date(1700205675000)/",24950,100,5558400,139544000000,-650,false,-2.54
"PVT",142039,"/Date(1700205675000)/",24950,3000,5558300,139541000000,-650,false,-2.54
"PVT",142039,"/Date(1700205675000)/",24950,200,5555300,139466000000,-650,false,-2.54
"PVT",142039,"/Date(1700205675000)/",24950,1000,5555100,139461000000,-650,false,-2.54
"PVT",142039,"/Date(1700205675000)/",24950,500,5554100,139436000000,-650,false,-2.54
"PVT",142039,"/Date(1700205675000)/",24950,100,5553600,139424000000,-650,false,-2.54
"PVT",142039,"/Date(1700205675000)/",24950,100,5553500,139421000000,-650,false,-2.54
"PVT",142039,"/Date(1700205675000)/",24950,100,5553400,139419000000,-650,false,-2.54
"PVT",142039,"/Date(1700205675000)/",24950,6800,5553300,139416000000,-650,false,-2.54
"PVT",142036,"/Date(1700205670000)/",24950,4000,5546500,139247000000,-650,false,-2.54
"PVT",142033,"/Date(1700205669000)/",24950,1000,5542500,139147000000,-650,false,-2.54
"PVT",142030,"/Date(1700205664000)/",24950,800,5541500,139122000000,-650,false,-2.54
"PVT",142007,"/Date(1700205644000)/",24950,2000,5540700,139102000000,-650,false,-2.54
"PVT",142007,"/Date(1700205642000)/",24950,1000,5538700,139052000000,-650,false,-2.54
"PVT",142004,"/Date(1700205640000)/",24950,400,5537700,139027000000,-650,false,-2.54
"PVT",141951,"/Date(1700205626000)/",24900,2100,5537300,139017000000,-700,true,-2.73
"PVT",141951,"/Date(1700205626000)/",24900,900,5535200,138965000000,-700,true,-2.73
"PVT",141935,"/Date(1700205609000)/",24900,1000,5534300,138943000000,-700,false,-2.73
"PVT",141935,"/Date(1700205609000)/",24900,2100,5533300,138918000000,-700,false,-2.73
"PVT",141929,"/Date(1700205604000)/",24900,400,5531200,138865000000,-700,true,-2.73
"PVT",141929,"/Date(1700205604000)/",24900,1000,5530800,138855000000,-700,true,-2.73
"PVT",141929,"/Date(1700205604000)/",24900,100,5529800,138831000000,-700,true,-2.73
"PVT",141929,"/Date(1700205604000)/",24900,300,5529700,138828000000,-700,true,-2.73
"PVT",141929,"/Date(1700205604000)/",24900,1000,5529400,138821000000,-700,true,-2.73
"PVT",141929,"/Date(1700205604000)/",24900,100,5528400,138796000000,-700,true,-2.73
"PVT",141926,"/Date(1700205601000)/",24950,400,5528300,138793000000,-650,false,-2.54
"PVT",141926,"/Date(1700205601000)/",24950,100,5527900,138783000000,-650,false,-2.54
"PVT",141926,"/Date(1700205600000)/",24900,300,5527800,138781000000,-700,true,-2.73
"PVT",141926,"/Date(1700205600000)/",24900,1700,5527500,138773000000,-700,true,-2.73
"PVT",141854,"/Date(1700205567000)/",24900,100,5525800,138731000000,-700,true,-2.73
"PVT",141831,"/Date(1700205547000)/",24900,200,5525700,138728000000,-700,true,-2.73
"PVT",141831,"/Date(1700205547000)/",24900,100,5525500,138723000000,-700,true,-2.73
"PVT",141831,"/Date(1700205547000)/",24900,700,5525400,138721000000,-700,true,-2.73
"PVT",141818,"/Date(1700205535000)/",24900,2300,5524700,138704000000,-700,false,-2.73
"PVT",141815,"/Date(1700205530000)/",24900,200,5522400,138646000000,-700,false,-2.73
"PVT",141812,"/Date(1700205527000)/",24900,500,5522200,138641000000,-700,false,-2.73
"PVT",141812,"/Date(1700205527000)/",24900,2500,5521700,138629000000,-700,false,-2.73
"PVT",141812,"/Date(1700205526000)/",24900,2500,5519200,138567000000,-700,false,-2.73
"PVT",141812,"/Date(1700205526000)/",24900,7500,5516700,138504000000,-700,false,-2.73
"PVT",141809,"/Date(1700205524000)/",24900,3000,5509200,138318000000,-700,false,-2.73
"PVT",141802,"/Date(1700205517000)/",24900,1000,5506200,138243000000,-700,false,-2.73
"PVT",141802,"/Date(1700205517000)/",24900,100,5505200,138218000000,-700,false,-2.73
"PVT",141802,"/Date(1700205516000)/",24900,300,5505100,138215000000,-700,false,-2.73
"PVT",141759,"/Date(1700205515000)/",24900,2000,5504800,138208000000,-700,false,-2.73
"PVT",141759,"/Date(1700205515000)/",24900,1000,5502800,138158000000,-700,false,-2.73
"PVT",141756,"/Date(1700205510000)/",24900,600,5501800,138133000000,-700,false,-2.73
"PVT",141756,"/Date(1700205510000)/",24900,1400,5501200,138118000000,-700,false,-2.73
"PVT",141756,"/Date(1700205509000)/",24900,100,5499800,138084000000,-700,false,-2.73
"PVT",141756,"/Date(1700205509000)/",24900,1000,5499700,138081000000,-700,false,-2.73
"PVT",141756,"/Date(1700205509000)/",24900,1000,5498700,138056000000,-700,false,-2.73
"PVT",141756,"/Date(1700205509000)/",24900,1900,5497700,138031000000,-700,false,-2.73
"PVT",141753,"/Date(1700205508000)/",24900,100,5495800,137984000000,-700,false,-2.73
"PVT",141753,"/Date(1700205507000)/",24900,2000,5495700,137981000000,-700,false,-2.73
"PVT",141749,"/Date(1700205505000)/",24900,1000,5493700,137932000000,-700,false,-2.73
"PVT",141746,"/Date(1700205501000)/",24900,100,5492700,137907000000,-700,false,-2.73
"PVT",141743,"/Date(1700205499000)/",24850,1500,5492600,137904000000,-750,true,-2.93
"PVT",141743,"/Date(1700205499000)/",24850,1500,5491100,137867000000,-750,true,-2.93
"PVT",141721,"/Date(1700205476000)/",24850,300,5489600,137830000000,-750,true,-2.93
"PVT",141705,"/Date(1700205460000)/",24850,2500,5489300,137822000000,-750,true,-2.93
"PVT",141655,"/Date(1700205448000)/",24850,700,5486800,137760000000,-750,true,-2.93
"PVT",141655,"/Date(1700205448000)/",24850,1000,5486100,137743000000,-750,true,-2.93
"PVT",141655,"/Date(1700205448000)/",24850,1300,5485100,137718000000,-750,true,-2.93
"PVT",141636,"/Date(1700205430000)/",24900,500,5483800,137686000000,-700,false,-2.73
"PVT",141620,"/Date(1700205414000)/",24850,100,5483300,137673000000,-750,true,-2.93
"PVT",141610,"/Date(1700205404000)/",24850,2000,5483200,137671000000,-750,true,-2.93
"PVT",141551,"/Date(1700205386000)/",24850,600,5481200,137621000000,-750,false,-2.93
"PVT",141551,"/Date(1700205385000)/",24850,1000,5480600,137606000000,-750,false,-2.93
"PVT",141548,"/Date(1700205382000)/",24850,1000,5479600,137581000000,-750,false,-2.93
"PVT",141544,"/Date(1700205378000)/",24850,1000,5478600,137556000000,-750,false,-2.93
"PVT",141541,"/Date(1700205377000)/",24850,1000,5477600,137531000000,-750,false,-2.93
"PVT",141541,"/Date(1700205377000)/",24850,100,5476600,137507000000,-750,false,-2.93
"PVT",141541,"/Date(1700205375000)/",24850,300,5476500,137504000000,-750,false,-2.93
"PVT",141541,"/Date(1700205375000)/",24850,700,5476200,137497000000,-750,false,-2.93
"PVT",141538,"/Date(1700205374000)/",24850,3000,5475500,137479000000,-750,false,-2.93
"PVT",141535,"/Date(1700205369000)/",24850,500,5472500,137405000000,-750,false,-2.93
"PVT",141528,"/Date(1700205364000)/",24850,1000,5472000,137392000000,-750,false,-2.93
"PVT",141525,"/Date(1700205361000)/",24850,400,5471000,137367000000,-750,false,-2.93
"PVT",141519,"/Date(1700205353000)/",24850,1000,5470600,137358000000,-750,false,-2.93
"PVT",141516,"/Date(1700205351000)/",24850,1500,5469600,137333000000,-750,false,-2.93
"PVT",141516,"/Date(1700205350000)/",24850,5000,5468100,137295000000,-750,false,-2.93
"PVT",141512,"/Date(1700205348000)/",24850,100,5463100,137171000000,-750,false,-2.93
"PVT",141506,"/Date(1700205341000)/",24850,900,5463000,137169000000,-750,false,-2.93
"PVT",141503,"/Date(1700205338000)/",24800,1000,5462100,137146000000,-800,true,-3.13
"PVT",141500,"/Date(1700205335000)/",24850,1000,5461100,137121000000,-750,false,-2.93
"PVT",141456,"/Date(1700205332000)/",24850,700,5460100,137097000000,-750,false,-2.93
"PVT",141456,"/Date(1700205332000)/",24850,300,5459400,137079000000,-750,false,-2.93
"PVT",141450,"/Date(1700205324000)/",24850,600,5459100,137072000000,-750,false,-2.93
"PVT",141447,"/Date(1700205322000)/",24850,100,5458500,137057000000,-750,false,-2.93
"PVT",141447,"/Date(1700205322000)/",24850,1000,5458400,137054000000,-750,false,-2.93
"PVT",141447,"/Date(1700205322000)/",24850,3900,5457400,137030000000,-750,false,-2.93
"PVT",141444,"/Date(1700205317000)/",24850,900,5453500,136933000000,-750,false,-2.93
"PVT",141431,"/Date(1700205306000)/",24850,1000,5452600,136910000000,-750,false,-2.93
"PVT",141424,"/Date(1700205298000)/",24850,600,5451600,136885000000,-750,false,-2.93
"PVT",141421,"/Date(1700205297000)/",24850,100,5451000,136871000000,-750,false,-2.93
"PVT",141418,"/Date(1700205293000)/",24850,500,5450900,136868000000,-750,false,-2.93
"PVT",141415,"/Date(1700205289000)/",24850,700,5450400,136856000000,-750,false,-2.93
"PVT",141412,"/Date(1700205285000)/",24850,500,5449700,136838000000,-750,false,-2.93
"PVT",141359,"/Date(1700205274000)/",24850,500,5449200,136826000000,-750,false,-2.93
"PVT",141349,"/Date(1700205264000)/",24850,1100,5448700,136813000000,-750,false,-2.93
"PVT",141343,"/Date(1700205259000)/",24800,3200,5447600,136786000000,-800,true,-3.13
"PVT",141320,"/Date(1700205235000)/",24800,200,5444400,136707000000,-800,true,-3.13
"PVT",141317,"/Date(1700205232000)/",24850,100,5444200,136702000000,-750,false,-2.93
"PVT",141317,"/Date(1700205231000)/",24850,100,5444100,136699000000,-750,false,-2.93
"PVT",141314,"/Date(1700205229000)/",24850,900,5444000,136697000000,-750,true,-2.93
"PVT",141314,"/Date(1700205229000)/",24850,4100,5443100,136674000000,-750,true,-2.93
"PVT",141314,"/Date(1700205229000)/",24850,900,5439000,136572000000,-750,true,-2.93
"PVT",141301,"/Date(1700205216000)/",24850,100,5438100,136550000000,-750,false,-2.93
"PVT",141301,"/Date(1700205216000)/",24850,100,5438000,136548000000,-750,false,-2.93
"PVT",141255,"/Date(1700205211000)/",24850,100,5437900,136545000000,-750,false,-2.93
"PVT",141245,"/Date(1700205200000)/",24850,500,5437800,136543000000,-750,false,-2.93
"PVT",141242,"/Date(1700205198000)/",24850,2000,5437300,136530000000,-750,false,-2.93
"PVT",141239,"/Date(1700205192000)/",24850,500,5435300,136481000000,-750,false,-2.93
"PVT",141232,"/Date(1700205188000)/",24850,500,5434800,136468000000,-750,true,-2.93
"PVT",141232,"/Date(1700205188000)/",24850,1800,5434300,136456000000,-750,true,-2.93
"PVT",141229,"/Date(1700205184000)/",24850,700,5432500,136411000000,-750,false,-2.93
"PVT",141229,"/Date(1700205182000)/",24800,3300,5431800,136394000000,-800,true,-3.13
"PVT",141229,"/Date(1700205182000)/",24800,1700,5428500,136312000000,-800,true,-3.13
"PVT",141226,"/Date(1700205181000)/",24850,100,5426800,136270000000,-750,false,-2.93
"PVT",141219,"/Date(1700205175000)/",24850,300,5426700,136267000000,-750,true,-2.93
"PVT",141219,"/Date(1700205175000)/",24850,900,5426400,136260000000,-750,true,-2.93
"PVT",141216,"/Date(1700205171000)/",24850,300,5425500,136237000000,-750,false,-2.93
"PVT",141216,"/Date(1700205171000)/",24900,500,5425200,136230000000,-700,false,-2.73
"PVT",141216,"/Date(1700205169000)/",24850,2000,5424700,136217000000,-750,false,-2.93
"PVT",141216,"/Date(1700205169000)/",24850,400,5422700,136168000000,-750,false,-2.93
"PVT",141216,"/Date(1700205169000)/",24850,1400,5422300,136158000000,-750,false,-2.93
"PVT",141213,"/Date(1700205168000)/",24850,100,5420900,136123000000,-750,false,-2.93
"PVT",141210,"/Date(1700205166000)/",24850,500,5420800,136120000000,-750,false,-2.93
"PVT",141207,"/Date(1700205162000)/",24800,3000,5420300,136108000000,-800,true,-3.13
"PVT",141154,"/Date(1700205149000)/",24900,1000,5417300,136034000000,-700,false,-2.73
"PVT",141147,"/Date(1700205143000)/",24900,300,5416300,136009000000,-700,false,-2.73
"PVT",141147,"/Date(1700205143000)/",24850,700,5416000,136001000000,-750,true,-2.93
"PVT",141147,"/Date(1700205141000)/",24850,200,5415300,135984000000,-750,true,-2.93
"PVT",141147,"/Date(1700205141000)/",24850,800,5415100,135979000000,-750,true,-2.93
"PVT",141147,"/Date(1700205141000)/",24850,300,5414300,135959000000,-750,true,-2.93
"PVT",141147,"/Date(1700205141000)/",24850,400,5414000,135952000000,-750,true,-2.93
"PVT",141147,"/Date(1700205141000)/",24850,100,5413600,135942000000,-750,true,-2.93
"PVT",141147,"/Date(1700205141000)/",24850,19500,5413500,135939000000,-750,true,-2.93
"PVT",141144,"/Date(1700205139000)/",24850,500,5394000,135455000000,-750,true,-2.93
"PVT",141144,"/Date(1700205139000)/",24850,2500,5393500,135442000000,-750,true,-2.93
"PVT",141135,"/Date(1700205129000)/",24850,2500,5391000,135380000000,-750,true,-2.93
"PVT",141128,"/Date(1700205122000)/",24900,100,5388500,135318000000,-700,false,-2.73
"PVT",141109,"/Date(1700205103000)/",24850,1800,5388400,135315000000,-750,true,-2.93
"PVT",141109,"/Date(1700205103000)/",24850,500,5386600,135271000000,-750,true,-2.93
"PVT",141109,"/Date(1700205103000)/",24850,1500,5386100,135258000000,-750,true,-2.93
"PVT",141109,"/Date(1700205103000)/",24850,500,5384600,135221000000,-750,true,-2.93
"PVT",141109,"/Date(1700205103000)/",24850,200,5384100,135209000000,-750,true,-2.93
"PVT",141109,"/Date(1700205103000)/",24850,500,5383900,135204000000,-750,true,-2.93
"PVT",141109,"/Date(1700205102000)/",24900,1000,5383400,135191000000,-700,false,-2.73
"PVT",141109,"/Date(1700205102000)/",24900,300,5382400,135166000000,-700,false,-2.73
"PVT",141109,"/Date(1700205102000)/",24900,100,5382100,135159000000,-700,false,-2.73
"PVT",141109,"/Date(1700205102000)/",24900,3000,5382000,135156000000,-700,false,-2.73
"PVT",141109,"/Date(1700205102000)/",24900,400,5379000,135082000000,-700,false,-2.73
"PVT",141109,"/Date(1700205102000)/",24900,100,5378600,135072000000,-700,false,-2.73
"PVT",141109,"/Date(1700205102000)/",24900,3700,5378500,135069000000,-700,false,-2.73
"PVT",141059,"/Date(1700205092000)/",24900,5000,5374800,134977000000,-700,true,-2.73
"PVT",141059,"/Date(1700205092000)/",24950,300,5369800,134852000000,-650,false,-2.54
"PVT",141056,"/Date(1700205091000)/",24900,500,5369500,134845000000,-700,true,-2.73
"PVT",141053,"/Date(1700205087000)/",24900,500,5369000,134833000000,-700,true,-2.73
"PVT",141050,"/Date(1700205085000)/",24900,50000,5368500,134820000000,-700,true,-2.73
"PVT",141050,"/Date(1700205084000)/",24900,27500,5318500,133575000000,-700,true,-2.73
"PVT",141050,"/Date(1700205084000)/",24900,200,5291000,132890000000,-700,true,-2.73
"PVT",141050,"/Date(1700205084000)/",24900,1000,5290800,132885000000,-700,true,-2.73
"PVT",141050,"/Date(1700205084000)/",24900,6300,5289800,132860000000,-700,true,-2.73
"PVT",141047,"/Date(1700205081000)/",24950,200,5283500,132704000000,-650,false,-2.54
"PVT",141047,"/Date(1700205081000)/",24900,3700,5283300,132699000000,-700,true,-2.73
"PVT",141047,"/Date(1700205081000)/",24900,500,5279600,132606000000,-700,true,-2.73
"PVT",141047,"/Date(1700205081000)/",24900,100,5279100,132594000000,-700,true,-2.73
"PVT",141047,"/Date(1700205081000)/",24900,500,5279000,132592000000,-700,true,-2.73
"PVT",141047,"/Date(1700205081000)/",24900,5200,5278500,132579000000,-700,true,-2.73
"PVT",141043,"/Date(1700205077000)/",24900,5000,5273300,132450000000,-700,true,-2.73
"PVT",141040,"/Date(1700205075000)/",24950,100,5268300,132325000000,-650,false,-2.54
"PVT",141024,"/Date(1700205059000)/",24950,100,5268200,132323000000,-650,false,-2.54
"PVT",141021,"/Date(1700205056000)/",24950,1000,5268100,132320000000,-650,false,-2.54
"PVT",141015,"/Date(1700205049000)/",24950,400,5267100,132295000000,-650,false,-2.54
"PVT",141015,"/Date(1700205049000)/",24950,2000,5266700,132285000000,-650,false,-2.54
"PVT",141015,"/Date(1700205049000)/",24950,700,5264700,132235000000,-650,false,-2.54
"PVT",141015,"/Date(1700205048000)/",24950,300,5264000,132218000000,-650,false,-2.54
"PVT",141015,"/Date(1700205048000)/",24950,100,5263700,132210000000,-650,false,-2.54
"PVT",141015,"/Date(1700205048000)/",24950,700,5263600,132208000000,-650,false,-2.54
"PVT",141015,"/Date(1700205048000)/",24950,700,5262900,132190000000,-650,false,-2.54
"PVT",140959,"/Date(1700205033000)/",24950,300,5262200,132173000000,-650,true,-2.54
"PVT",140933,"/Date(1700205008000)/",25000,1200,5261900,132165000000,-600,true,-2.34
"PVT",140933,"/Date(1700205008000)/",25000,1500,5260700,132135000000,-600,true,-2.34
"PVT",140933,"/Date(1700205008000)/",25000,200,5259200,132098000000,-600,true,-2.34
"PVT",140933,"/Date(1700205008000)/",25000,5300,5259000,132093000000,-600,true,-2.34
"PVT",140933,"/Date(1700205006000)/",25000,1000,5253700,131960000000,-600,true,-2.34
"PVT",140930,"/Date(1700205005000)/",25000,2000,5252700,131935000000,-600,true,-2.34
"PVT",140927,"/Date(1700205002000)/",25000,4000,5250700,131885000000,-600,true,-2.34
"PVT",140923,"/Date(1700204998000)/",25000,2000,5246700,131785000000,-600,true,-2.34
"PVT",140917,"/Date(1700204991000)/",25000,20000,5244700,131735000000,-600,true,-2.34
"PVT",140917,"/Date(1700204990000)/",25000,300,5224700,131235000000,-600,true,-2.34
"PVT",140914,"/Date(1700204989000)/",25000,100,5224400,131228000000,-600,true,-2.34
"PVT",140911,"/Date(1700204986000)/",25000,100,5224300,131225000000,-600,false,-2.34
"PVT",140911,"/Date(1700204986000)/",25000,300,5224200,131223000000,-600,false,-2.34
"PVT",140911,"/Date(1700204986000)/",25000,200,5223900,131215000000,-600,false,-2.34
"PVT",140911,"/Date(1700204986000)/",25000,100,5223700,131210000000,-600,false,-2.34
"PVT",140911,"/Date(1700204986000)/",25000,100,5223600,131208000000,-600,false,-2.34
"PVT",140911,"/Date(1700204986000)/",25000,2000,5223500,131205000000,-600,false,-2.34
"PVT",140911,"/Date(1700204986000)/",25000,1700,5221500,131155000000,-600,false,-2.34
"PVT",140911,"/Date(1700204986000)/",25000,4900,5219800,131113000000,-600,false,-2.34
"PVT",140911,"/Date(1700204986000)/",24950,5900,5214900,130990000000,-650,false,-2.54
"PVT",140911,"/Date(1700204984000)/",24950,800,5209000,130843000000,-650,false,-2.54
"PVT",140907,"/Date(1700204980000)/",24950,1000,5208200,130823000000,-650,false,-2.54
"PVT",140907,"/Date(1700204980000)/",24950,1000,5207200,130798000000,-650,false,-2.54
"PVT",140907,"/Date(1700204980000)/",24950,500,5206200,130773000000,-650,false,-2.54
"PVT",140907,"/Date(1700204980000)/",24950,800,5205700,130761000000,-650,false,-2.54
"PVT",140904,"/Date(1700204977000)/",25000,1000,5204900,130741000000,-600,false,-2.34
"PVT",140848,"/Date(1700204961000)/",25000,100,5203900,130716000000,-600,false,-2.34
"PVT",140842,"/Date(1700204956000)/",25000,4000,5203800,130713000000,-600,false,-2.34
"PVT",140842,"/Date(1700204956000)/",25000,500,5199800,130613000000,-600,false,-2.34
"PVT",140842,"/Date(1700204956000)/",25000,200,5199300,130601000000,-600,false,-2.34
"PVT",140842,"/Date(1700204956000)/",25000,1000,5199100,130596000000,-600,false,-2.34
"PVT",140842,"/Date(1700204956000)/",25000,20000,5198100,130571000000,-600,false,-2.34
"PVT",140842,"/Date(1700204956000)/",25000,100,5178100,130071000000,-600,false,-2.34
"PVT",140842,"/Date(1700204956000)/",25000,14200,5178000,130068000000,-600,false,-2.34
"PVT",140832,"/Date(1700204947000)/",24950,1000,5163800,129713000000,-650,false,-2.54
"PVT",140832,"/Date(1700204947000)/",24950,2000,5162800,129688000000,-650,false,-2.54
"PVT",140832,"/Date(1700204947000)/",24950,100,5160800,129639000000,-650,false,-2.54
"PVT",140832,"/Date(1700204947000)/",24950,1100,5160700,129636000000,-650,false,-2.54
"PVT",140826,"/Date(1700204941000)/",24950,100,5159600,129609000000,-650,false,-2.54
"PVT",140813,"/Date(1700204926000)/",24950,800,5159500,129606000000,-650,true,-2.54
"PVT",140807,"/Date(1700204920000)/",24950,200,5158700,129586000000,-650,false,-2.54
"PVT",140803,"/Date(1700204917000)/",24950,1200,5158500,129581000000,-650,false,-2.54
"PVT",140803,"/Date(1700204916000)/",24950,700,5157300,129551000000,-650,false,-2.54
"PVT",140757,"/Date(1700204911000)/",24950,2000,5156600,129534000000,-650,false,-2.54
"PVT",140757,"/Date(1700204911000)/",24950,600,5154600,129484000000,-650,false,-2.54
"PVT",140751,"/Date(1700204903000)/",24950,100,5154000,129469000000,-650,false,-2.54
"PVT",140751,"/Date(1700204903000)/",24950,100,5153900,129466000000,-650,false,-2.54
"PVT",140751,"/Date(1700204903000)/",24950,100,5153800,129464000000,-650,false,-2.54
"PVT",140747,"/Date(1700204901000)/",24950,100,5153700,129461000000,-650,true,-2.54
"PVT",140747,"/Date(1700204901000)/",24950,500,5153600,129459000000,-650,true,-2.54
"PVT",140731,"/Date(1700204884000)/",24950,300,5153100,129446000000,-650,false,-2.54
"PVT",140728,"/Date(1700204884000)/",24950,1200,5152800,129439000000,-650,false,-2.54
"PVT",140728,"/Date(1700204884000)/",24950,800,5151600,129409000000,-650,false,-2.54
"PVT",140722,"/Date(1700204875000)/",24950,1000,5150800,129389000000,-650,false,-2.54
"PVT",140719,"/Date(1700204871000)/",24950,200,5149800,129364000000,-650,false,-2.54
"PVT",140715,"/Date(1700204870000)/",24900,1000,5149600,129359000000,-700,true,-2.73
"PVT",140712,"/Date(1700204866000)/",24900,4000,5148600,129334000000,-700,true,-2.73
"PVT",140709,"/Date(1700204862000)/",24900,3000,5144600,129235000000,-700,true,-2.73
"PVT",140659,"/Date(1700204852000)/",24900,200,5141600,129160000000,-700,false,-2.73
"PVT",140659,"/Date(1700204852000)/",24900,200,5141400,129155000000,-700,false,-2.73
"PVT",140659,"/Date(1700204852000)/",24900,1400,5141200,129150000000,-700,false,-2.73
"PVT",140637,"/Date(1700204831000)/",24900,18600,5139800,129115000000,-700,false,-2.73
"PVT",140637,"/Date(1700204831000)/",24900,100,5121200,128652000000,-700,false,-2.73
"PVT",140637,"/Date(1700204831000)/",24900,500,5121100,128649000000,-700,false,-2.73
"PVT",140637,"/Date(1700204831000)/",24900,800,5120600,128637000000,-700,false,-2.73
"PVT",140624,"/Date(1700204819000)/",24800,4900,5119800,128617000000,-800,true,-3.13
"PVT",140624,"/Date(1700204819000)/",24850,9500,5114900,128496000000,-750,false,-2.93
"PVT",140624,"/Date(1700204819000)/",24850,100,5105400,128260000000,-750,false,-2.93
"PVT",140624,"/Date(1700204819000)/",24850,2000,5105300,128257000000,-750,false,-2.93
"PVT",140618,"/Date(1700204812000)/",24850,1500,5103300,128207000000,-750,true,-2.93
"PVT",140618,"/Date(1700204812000)/",24850,1000,5101800,128170000000,-750,true,-2.93
"PVT",140611,"/Date(1700204804000)/",24900,100,5100800,128145000000,-700,false,-2.73
"PVT",140555,"/Date(1700204790000)/",24900,100,5100700,128143000000,-700,false,-2.73
"PVT",140555,"/Date(1700204790000)/",24900,100,5100600,128140000000,-700,false,-2.73
"PVT",140549,"/Date(1700204782000)/",24800,400,5100500,128138000000,-800,false,-3.13
"PVT",140546,"/Date(1700204781000)/",24800,100,5100100,128128000000,-800,false,-3.13
"PVT",140546,"/Date(1700204779000)/",24800,300,5100000,128125000000,-800,false,-3.13
"PVT",140546,"/Date(1700204779000)/",24800,700,5099700,128118000000,-800,false,-3.13
"PVT",140546,"/Date(1700204779000)/",24800,500,5099000,128101000000,-800,false,-3.13
"PVT",140539,"/Date(1700204775000)/",24800,100,5098500,128088000000,-800,false,-3.13
"PVT",140539,"/Date(1700204774000)/",24800,300,5098400,128086000000,-800,false,-3.13
"PVT",140536,"/Date(1700204770000)/",24800,1000,5098100,128078000000,-800,false,-3.13
"PVT",140536,"/Date(1700204770000)/",24800,100,5097100,128053000000,-800,false,-3.13
"PVT",140536,"/Date(1700204770000)/",24800,3900,5097000,128051000000,-800,false,-3.13
"PVT",140536,"/Date(1700204769000)/",24800,1100,5093100,127954000000,-800,false,-3.13
"PVT",140536,"/Date(1700204769000)/",24800,500,5092000,127927000000,-800,false,-3.13
"PVT",140536,"/Date(1700204769000)/",24800,200,5091500,127915000000,-800,false,-3.13
"PVT",140536,"/Date(1700204769000)/",24800,200,5091300,127910000000,-800,false,-3.13
"PVT",140536,"/Date(1700204769000)/",24800,1000,5091100,127905000000,-800,false,-3.13
"PVT",140536,"/Date(1700204769000)/",24800,7000,5090100,127880000000,-800,false,-3.13
"PVT",140533,"/Date(1700204768000)/",24800,100,5083100,127706000000,-800,false,-3.13
"PVT",140530,"/Date(1700204764000)/",24800,2900,5083000,127704000000,-800,false,-3.13
"PVT",140530,"/Date(1700204764000)/",24800,200,5080100,127632000000,-800,false,-3.13
"PVT",140530,"/Date(1700204764000)/",24800,1900,5079900,127627000000,-800,false,-3.13
"PVT",140523,"/Date(1700204756000)/",24800,5000,5078000,127580000000,-800,false,-3.13
"PVT",140514,"/Date(1700204747000)/",24800,100,5073000,127456000000,-800,false,-3.13
"PVT",140514,"/Date(1700204746000)/",24800,100,5072900,127453000000,-800,false,-3.13
"PVT",140511,"/Date(1700204744000)/",24800,1000,5072800,127451000000,-800,false,-3.13
"PVT",140511,"/Date(1700204743000)/",24750,7400,5071800,127426000000,-850,true,-3.32
"PVT",140511,"/Date(1700204743000)/",24750,800,5064400,127243000000,-850,true,-3.32
"PVT",140511,"/Date(1700204743000)/",24750,200,5063600,127223000000,-850,true,-3.32
"PVT",140511,"/Date(1700204743000)/",24750,1000,5063400,127218000000,-850,true,-3.32
"PVT",140511,"/Date(1700204743000)/",24750,2000,5062400,127193000000,-850,true,-3.32
"PVT",140511,"/Date(1700204743000)/",24750,3000,5060400,127144000000,-850,true,-3.32
"PVT",140511,"/Date(1700204743000)/",24750,500,5057400,127070000000,-850,true,-3.32
"PVT",140511,"/Date(1700204743000)/",24750,100,5056900,127057000000,-850,true,-3.32
"PVT",140507,"/Date(1700204742000)/",24800,200,5056800,127055000000,-800,false,-3.13
"PVT",140507,"/Date(1700204742000)/",24800,2000,5056600,127050000000,-800,false,-3.13
"PVT",140501,"/Date(1700204734000)/",24800,5000,5054600,127000000000,-800,false,-3.13
"PVT",140458,"/Date(1700204733000)/",24750,1700,5049600,126876000000,-850,true,-3.32
"PVT",140442,"/Date(1700204716000)/",24750,200,5047900,126834000000,-850,true,-3.32
"PVT",140442,"/Date(1700204716000)/",24750,500,5047700,126829000000,-850,true,-3.32
"PVT",140442,"/Date(1700204716000)/",24750,3000,5047200,126817000000,-850,true,-3.32
"PVT",140442,"/Date(1700204716000)/",24750,1300,5044200,126743000000,-850,true,-3.32
"PVT",140439,"/Date(1700204712000)/",24800,4700,5042900,126710000000,-800,false,-3.13
"PVT",140432,"/Date(1700204705000)/",24750,3700,5038200,126594000000,-850,true,-3.32
"PVT",140432,"/Date(1700204705000)/",24750,1000,5034500,126502000000,-850,true,-3.32
"PVT",140432,"/Date(1700204705000)/",24750,300,5033500,126477000000,-850,true,-3.32
"PVT",140432,"/Date(1700204705000)/",24800,300,5033200,126470000000,-800,false,-3.13
"PVT",140432,"/Date(1700204705000)/",24800,5700,5032900,126463000000,-800,false,-3.13
"PVT",140432,"/Date(1700204705000)/",24800,4000,5027200,126321000000,-800,false,-3.13
"PVT",140413,"/Date(1700204687000)/",24800,1000,5023200,126222000000,-800,false,-3.13
"PVT",140407,"/Date(1700204681000)/",24750,700,5022200,126197000000,-850,false,-3.32
"PVT",140407,"/Date(1700204679000)/",24750,200,5021500,126180000000,-850,false,-3.32
"PVT",140403,"/Date(1700204678000)/",24750,2000,5021300,126175000000,-850,false,-3.32
"PVT",140403,"/Date(1700204677000)/",24750,1000,5019300,126125000000,-850,false,-3.32
"PVT",140403,"/Date(1700204677000)/",24750,100,5018300,126101000000,-850,false,-3.32
"PVT",140400,"/Date(1700204672000)/",24750,1000,5018200,126098000000,-850,false,-3.32
"PVT",140354,"/Date(1700204667000)/",24750,100,5017200,126073000000,-850,false,-3.32
"PVT",140351,"/Date(1700204665000)/",24750,2900,5017100,126071000000,-850,false,-3.32
"PVT",140351,"/Date(1700204665000)/",24750,1100,5014200,125999000000,-850,false,-3.32
"PVT",140351,"/Date(1700204665000)/",24750,100,5013100,125972000000,-850,false,-3.32
"PVT",140347,"/Date(1700204660000)/",24750,100,5013000,125970000000,-850,false,-3.32
"PVT",140344,"/Date(1700204658000)/",24750,1000,5012900,125967000000,-850,false,-3.32
"PVT",140341,"/Date(1700204656000)/",24750,100,5011900,125942000000,-850,false,-3.32
"PVT",140341,"/Date(1700204653000)/",24750,500,5011800,125940000000,-850,false,-3.32
"PVT",140341,"/Date(1700204653000)/",24750,100,5011300,125927000000,-850,false,-3.32
"PVT",140341,"/Date(1700204653000)/",24750,100,5011200,125925000000,-850,false,-3.32
"PVT",140338,"/Date(1700204651000)/",24750,100,5011100,125923000000,-850,false,-3.32
"PVT",140331,"/Date(1700204645000)/",24750,1300,5011000,125920000000,-850,false,-3.32
"PVT",140331,"/Date(1700204645000)/",24750,4400,5009700,125888000000,-850,false,-3.32
"PVT",140331,"/Date(1700204645000)/",24750,100,5005300,125779000000,-850,false,-3.32
"PVT",140331,"/Date(1700204643000)/",24750,12800,5005200,125776000000,-850,false,-3.32
"PVT",140328,"/Date(1700204637000)/",24750,100,4992400,125460000000,-850,false,-3.32
"PVT",140312,"/Date(1700204626000)/",24700,300,4992300,125457000000,-900,true,-3.52
"PVT",140309,"/Date(1700204623000)/",24700,13400,4992000,125450000000,-900,true,-3.52
"PVT",140309,"/Date(1700204623000)/",24700,300,4978600,125119000000,-900,true,-3.52
"PVT",140309,"/Date(1700204623000)/",24700,300,4978300,125111000000,-900,true,-3.52
"PVT",140309,"/Date(1700204623000)/",24700,200,4978000,125104000000,-900,true,-3.52
"PVT",140309,"/Date(1700204623000)/",24700,800,4977800,125099000000,-900,true,-3.52
"PVT",140237,"/Date(1700204590000)/",24700,100,4977000,125079000000,-900,true,-3.52
"PVT",140228,"/Date(1700204582000)/",24700,100,4976900,125077000000,-900,true,-3.52
"PVT",140228,"/Date(1700204582000)/",24700,900,4976800,125074000000,-900,true,-3.52
"PVT",140228,"/Date(1700204579000)/",24750,10000,4975900,125052000000,-850,false,-3.32
"PVT",140224,"/Date(1700204579000)/",24750,3000,4965900,124805000000,-850,false,-3.32
"PVT",140224,"/Date(1700204578000)/",24700,1000,4962900,124730000000,-900,true,-3.52
"PVT",140224,"/Date(1700204577000)/",24700,2700,4961900,124706000000,-900,true,-3.52
"PVT",140221,"/Date(1700204574000)/",24700,200,4959200,124639000000,-900,true,-3.52
"PVT",140211,"/Date(1700204566000)/",24700,200,4959000,124634000000,-900,true,-3.52
"PVT",140211,"/Date(1700204566000)/",24700,500,4958800,124629000000,-900,true,-3.52
"PVT",140211,"/Date(1700204566000)/",24700,100,4958300,124617000000,-900,true,-3.52
"PVT",140211,"/Date(1700204566000)/",24700,500,4958200,124614000000,-900,true,-3.52
"PVT",140211,"/Date(1700204566000)/",24700,100,4957700,124602000000,-900,true,-3.52
"PVT",140211,"/Date(1700204566000)/",24700,100,4957600,124599000000,-900,true,-3.52
"PVT",140208,"/Date(1700204562000)/",24750,500,4957500,124597000000,-850,false,-3.32
"PVT",140159,"/Date(1700204553000)/",24700,900,4957000,124585000000,-900,true,-3.52
"PVT",140159,"/Date(1700204553000)/",24700,100,4956100,124562000000,-900,true,-3.52
"PVT",140159,"/Date(1700204553000)/",24700,100,4956000,124560000000,-900,true,-3.52
"PVT",140159,"/Date(1700204553000)/",24700,300,4955900,124557000000,-900,true,-3.52
"PVT",140159,"/Date(1700204553000)/",24700,200,4955600,124550000000,-900,true,-3.52
"PVT",140159,"/Date(1700204553000)/",24700,200,4955400,124545000000,-900,true,-3.52
"PVT",140159,"/Date(1700204553000)/",24700,1500,4955200,124540000000,-900,true,-3.52
"PVT",140159,"/Date(1700204553000)/",24700,4700,4953700,124503000000,-900,true,-3.52
"PVT",140159,"/Date(1700204553000)/",24700,5300,4949000,124387000000,-900,true,-3.52
"PVT",140159,"/Date(1700204553000)/",24700,100,4943700,124256000000,-900,true,-3.52
"PVT",140159,"/Date(1700204553000)/",24700,1000,4943600,124254000000,-900,true,-3.52
"PVT",140159,"/Date(1700204553000)/",24700,300,4942600,124229000000,-900,true,-3.52
"PVT",140159,"/Date(1700204553000)/",24700,1000,4942300,124222000000,-900,true,-3.52
"PVT",140159,"/Date(1700204553000)/",24700,2300,4941300,124197000000,-900,true,-3.52
"PVT",140159,"/Date(1700204551000)/",24750,4200,4939000,124140000000,-850,false,-3.32
"PVT",140159,"/Date(1700204551000)/",24750,1000,4934800,124036000000,-850,false,-3.32
"PVT",140152,"/Date(1700204546000)/",24750,2000,4933800,124011000000,-850,false,-3.32
"PVT",140149,"/Date(1700204543000)/",24700,2700,4931800,123962000000,-900,true,-3.52
"PVT",140149,"/Date(1700204543000)/",24700,4500,4929100,123895000000,-900,true,-3.52
"PVT",140149,"/Date(1700204543000)/",24700,300,4924600,123784000000,-900,true,-3.52
"PVT",140149,"/Date(1700204543000)/",24700,500,4924300,123777000000,-900,true,-3.52
"PVT",140149,"/Date(1700204543000)/",24700,100,4923800,123764000000,-900,true,-3.52
"PVT",140149,"/Date(1700204543000)/",24700,500,4923700,123762000000,-900,true,-3.52
"PVT",140149,"/Date(1700204543000)/",24700,1000,4923200,123749000000,-900,true,-3.52
"PVT",140149,"/Date(1700204543000)/",24700,400,4922200,123725000000,-900,true,-3.52
"PVT",140143,"/Date(1700204537000)/",24700,1000,4921800,123715000000,-900,true,-3.52
"PVT",140136,"/Date(1700204531000)/",24700,3600,4920800,123690000000,-900,true,-3.52
"PVT",140136,"/Date(1700204531000)/",24700,1000,4917200,123601000000,-900,true,-3.52
"PVT",140136,"/Date(1700204531000)/",24700,100,4916200,123577000000,-900,true,-3.52
"PVT",140136,"/Date(1700204531000)/",24700,100,4916100,123574000000,-900,true,-3.52
"PVT",140136,"/Date(1700204531000)/",24700,100,4916000,123572000000,-900,true,-3.52
"PVT",140136,"/Date(1700204531000)/",24700,500,4915900,123569000000,-900,true,-3.52
"PVT",140136,"/Date(1700204531000)/",24700,1000,4915400,123557000000,-900,true,-3.52
"PVT",140136,"/Date(1700204531000)/",24700,500,4914400,123532000000,-900,true,-3.52
"PVT",140136,"/Date(1700204531000)/",24700,1000,4913900,123520000000,-900,true,-3.52
"PVT",140136,"/Date(1700204531000)/",24700,100,4912900,123495000000,-900,true,-3.52
"PVT",140136,"/Date(1700204531000)/",24700,5000,4912800,123493000000,-900,true,-3.52
"PVT",140136,"/Date(1700204531000)/",24700,2000,4907800,123369000000,-900,true,-3.52
"PVT",140123,"/Date(1700204515000)/",24700,1300,4905800,123320000000,-900,true,-3.52
"PVT",140117,"/Date(1700204510000)/",24700,1000,4904500,123288000000,-900,true,-3.52
"PVT",140110,"/Date(1700204504000)/",24750,9000,4903500,123263000000,-850,false,-3.32
"PVT",140107,"/Date(1700204502000)/",24700,600,4894500,123040000000,-900,true,-3.52
"PVT",140104,"/Date(1700204498000)/",24700,100,4893900,123025000000,-900,true,-3.52
"PVT",140104,"/Date(1700204498000)/",24700,400,4893800,123023000000,-900,true,-3.52
"PVT",140104,"/Date(1700204498000)/",24750,100,4893400,123013000000,-850,false,-3.32
"PVT",140104,"/Date(1700204496000)/",24750,1000,4893300,123010000000,-850,false,-3.32
"PVT",140101,"/Date(1700204495000)/",24750,1000,4892300,122986000000,-850,false,-3.32
"PVT",140058,"/Date(1700204492000)/",24700,1500,4891300,122961000000,-900,true,-3.52
"PVT",140058,"/Date(1700204490000)/",24750,100,4889800,122924000000,-850,true,-3.32
"PVT",140058,"/Date(1700204490000)/",24750,700,4889700,122921000000,-850,true,-3.32
"PVT",140055,"/Date(1700204488000)/",24800,300,4889000,122904000000,-800,false,-3.13
"PVT",140055,"/Date(1700204487000)/",24750,1300,4888700,122897000000,-850,true,-3.32
"PVT",140055,"/Date(1700204487000)/",24750,400,4887400,122864000000,-850,true,-3.32
"PVT",140055,"/Date(1700204487000)/",24750,2000,4887000,122855000000,-850,true,-3.32
"PVT",140055,"/Date(1700204487000)/",24750,1300,4885000,122805000000,-850,true,-3.32
"PVT",140048,"/Date(1700204482000)/",24750,2000,4883700,122773000000,-850,true,-3.32
"PVT",140048,"/Date(1700204481000)/",24800,2000,4881700,122723000000,-800,false,-3.13
"PVT",140042,"/Date(1700204474000)/",24750,1700,4879700,122674000000,-850,true,-3.32
"PVT",140042,"/Date(1700204474000)/",24750,10000,4878000,122632000000,-850,true,-3.32
"PVT",140042,"/Date(1700204474000)/",24750,500,4868000,122384000000,-850,true,-3.32
"PVT",140042,"/Date(1700204474000)/",24750,500,4867500,122372000000,-850,true,-3.32
"PVT",140042,"/Date(1700204474000)/",24750,500,4867000,122359000000,-850,true,-3.32
"PVT",140042,"/Date(1700204474000)/",24750,4000,4866500,122347000000,-850,true,-3.32
"PVT",140042,"/Date(1700204474000)/",24750,500,4862500,122248000000,-850,true,-3.32
"PVT",140042,"/Date(1700204474000)/",24750,1000,4862000,122236000000,-850,true,-3.32
"PVT",140042,"/Date(1700204474000)/",24750,500,4861000,122211000000,-850,true,-3.32
"PVT",140042,"/Date(1700204474000)/",24750,300,4860500,122199000000,-850,true,-3.32
"PVT",140042,"/Date(1700204474000)/",24750,1000,4860200,122191000000,-850,true,-3.32
"PVT",140042,"/Date(1700204474000)/",24750,300,4859200,122166000000,-850,true,-3.32
"PVT",140042,"/Date(1700204474000)/",24750,100,4858900,122159000000,-850,true,-3.32
"PVT",140042,"/Date(1700204474000)/",24750,5000,4858800,122157000000,-850,true,-3.32
"PVT",140042,"/Date(1700204474000)/",24750,1000,4853800,122033000000,-850,true,-3.32
"PVT",140042,"/Date(1700204474000)/",24750,100,4852800,122008000000,-850,true,-3.32
"PVT",140026,"/Date(1700204460000)/",24800,100,4852700,122006000000,-800,false,-3.13
"PVT",140026,"/Date(1700204460000)/",24800,100,4852600,122003000000,-800,false,-3.13
"PVT",140026,"/Date(1700204458000)/",24800,500,4852500,122001000000,-800,false,-3.13
"PVT",140019,"/Date(1700204453000)/",24800,2000,4852000,121988000000,-800,false,-3.13
"PVT",140019,"/Date(1700204453000)/",24800,3000,4850000,121939000000,-800,false,-3.13
"PVT",140003,"/Date(1700204435000)/",24800,1000,4847000,121864000000,-800,false,-3.13
"PVT",135950,"/Date(1700204425000)/",24800,100,4846000,121839000000,-800,false,-3.13
"PVT",135947,"/Date(1700204420000)/",24800,100,4845900,121837000000,-800,false,-3.13
"PVT",135944,"/Date(1700204419000)/",24800,200,4845800,121834000000,-800,false,-3.13
"PVT",135944,"/Date(1700204417000)/",24800,200,4845600,121829000000,-800,false,-3.13
"PVT",135934,"/Date(1700204408000)/",24800,300,4845400,121824000000,-800,true,-3.13
"PVT",135934,"/Date(1700204407000)/",24800,100,4845100,121817000000,-800,true,-3.13
"PVT",135934,"/Date(1700204406000)/",24800,500,4845000,121815000000,-800,true,-3.13
"PVT",135934,"/Date(1700204406000)/",24800,200,4844500,121802000000,-800,true,-3.13
"PVT",135934,"/Date(1700204406000)/",24800,3000,4844300,121797000000,-800,true,-3.13
"PVT",135934,"/Date(1700204406000)/",24800,600,4841300,121723000000,-800,true,-3.13
"PVT",135934,"/Date(1700204406000)/",24800,200,4840700,121708000000,-800,true,-3.13
"PVT",135934,"/Date(1700204406000)/",24800,200,4840500,121703000000,-800,true,-3.13
"PVT",135934,"/Date(1700204406000)/",24800,300,4840300,121698000000,-800,true,-3.13
"PVT",135931,"/Date(1700204405000)/",24850,1000,4840000,121691000000,-750,false,-2.93
"PVT",135928,"/Date(1700204400000)/",24800,1700,4839000,121666000000,-800,true,-3.13
"PVT",135928,"/Date(1700204400000)/",24800,1000,4837300,121624000000,-800,true,-3.13
"PVT",135928,"/Date(1700204400000)/",24800,100,4836300,121599000000,-800,true,-3.13
"PVT",135928,"/Date(1700204400000)/",24800,100,4836200,121596000000,-800,true,-3.13
"PVT",135928,"/Date(1700204400000)/",24800,100,4836100,121594000000,-800,true,-3.13
"PVT",135918,"/Date(1700204393000)/",24800,200,4836000,121591000000,-800,true,-3.13
"PVT",135909,"/Date(1700204382000)/",24800,700,4835800,121586000000,-800,true,-3.13
"PVT",135909,"/Date(1700204382000)/",24800,100,4835100,121569000000,-800,true,-3.13
"PVT",135909,"/Date(1700204382000)/",24800,500,4835000,121567000000,-800,true,-3.13
"PVT",135909,"/Date(1700204382000)/",24800,500,4834500,121554000000,-800,true,-3.13
"PVT",135909,"/Date(1700204382000)/",24800,400,4834000,121542000000,-800,true,-3.13
"PVT",135909,"/Date(1700204382000)/",24800,1000,4833600,121532000000,-800,true,-3.13
"PVT",135909,"/Date(1700204382000)/",24800,1000,4832600,121507000000,-800,true,-3.13
"PVT",135909,"/Date(1700204382000)/",24800,100,4831600,121482000000,-800,true,-3.13
"PVT",135909,"/Date(1700204382000)/",24800,5000,4831500,121480000000,-800,true,-3.13
"PVT",135909,"/Date(1700204382000)/",24800,300,4826500,121356000000,-800,true,-3.13
"PVT",135909,"/Date(1700204382000)/",24800,500,4826200,121348000000,-800,true,-3.13
"PVT",135909,"/Date(1700204382000)/",24800,1000,4825700,121336000000,-800,true,-3.13
"PVT",135909,"/Date(1700204382000)/",24800,200,4824700,121311000000,-800,true,-3.13
"PVT",135909,"/Date(1700204382000)/",24800,500,4824500,121306000000,-800,true,-3.13
"PVT",135909,"/Date(1700204382000)/",24800,2000,4824000,121294000000,-800,true,-3.13
"PVT",135909,"/Date(1700204382000)/",24800,400,4822000,121244000000,-800,true,-3.13
"PVT",135909,"/Date(1700204382000)/",24800,500,4821600,121234000000,-800,true,-3.13
"PVT",135909,"/Date(1700204382000)/",24800,1000,4821100,121222000000,-800,true,-3.13
"PVT",135909,"/Date(1700204382000)/",24800,100,4820100,121197000000,-800,true,-3.13
"PVT",135909,"/Date(1700204382000)/",24800,500,4820000,121195000000,-800,true,-3.13
"PVT",135909,"/Date(1700204382000)/",24800,800,4819500,121182000000,-800,true,-3.13
"PVT",135909,"/Date(1700204382000)/",24850,1000,4818700,121162000000,-750,false,-2.93
"PVT",135859,"/Date(1700204373000)/",24850,1000,4817700,121137000000,-750,true,-2.93
"PVT",135859,"/Date(1700204373000)/",24850,5000,4816700,121113000000,-750,true,-2.93
"PVT",135859,"/Date(1700204373000)/",24850,5000,4811700,120988000000,-750,true,-2.93
"PVT",135859,"/Date(1700204373000)/",24850,3000,4806700,120864000000,-750,true,-2.93
"PVT",135859,"/Date(1700204373000)/",24850,500,4803700,120790000000,-750,true,-2.93
"PVT",135859,"/Date(1700204373000)/",24850,1000,4803200,120777000000,-750,true,-2.93
"PVT",135859,"/Date(1700204373000)/",24850,400,4802200,120752000000,-750,true,-2.93
"PVT",135859,"/Date(1700204373000)/",24850,100,4801800,120742000000,-750,true,-2.93
"PVT",135853,"/Date(1700204367000)/",24900,5000,4801700,120740000000,-700,false,-2.73
"PVT",135840,"/Date(1700204354000)/",24900,3500,4796700,120615000000,-700,false,-2.73
"PVT",135840,"/Date(1700204354000)/",24900,4400,4793200,120528000000,-700,false,-2.73
"PVT",135824,"/Date(1700204338000)/",24900,2000,4788800,120419000000,-700,true,-2.73
"PVT",135824,"/Date(1700204338000)/",24900,4700,4786800,120369000000,-700,true,-2.73
"PVT",135824,"/Date(1700204338000)/",24900,100,4782100,120252000000,-700,true,-2.73
"PVT",135824,"/Date(1700204338000)/",24900,300,4782000,120249000000,-700,true,-2.73
"PVT",135824,"/Date(1700204338000)/",24900,1300,4781700,120242000000,-700,true,-2.73
"PVT",135824,"/Date(1700204338000)/",24900,100,4780400,120209000000,-700,true,-2.73
"PVT",135824,"/Date(1700204338000)/",24900,1000,4780300,120207000000,-700,true,-2.73
"PVT",135824,"/Date(1700204338000)/",24950,500,4779300,120182000000,-650,true,-2.54
"PVT",135824,"/Date(1700204338000)/",24950,400,4778800,120170000000,-650,true,-2.54
"PVT",135824,"/Date(1700204337000)/",24950,100,4778400,120160000000,-650,true,-2.54
"PVT",135824,"/Date(1700204337000)/",24950,1700,4778300,120157000000,-650,true,-2.54
"PVT",135821,"/Date(1700204333000)/",25000,2000,4776600,120115000000,-600,false,-2.34
"PVT",135817,"/Date(1700204331000)/",24950,300,4774600,120065000000,-650,true,-2.54
"PVT",135811,"/Date(1700204323000)/",25000,2000,4774300,120057000000,-600,false,-2.34
"PVT",135805,"/Date(1700204319000)/",25000,4000,4772300,120007000000,-600,false,-2.34
"PVT",135805,"/Date(1700204319000)/",25000,1000,4768300,119907000000,-600,false,-2.34
"PVT",135801,"/Date(1700204314000)/",25000,3000,4767300,119882000000,-600,false,-2.34
"PVT",135801,"/Date(1700204314000)/",25000,300,4764300,119807000000,-600,false,-2.34
"PVT",135801,"/Date(1700204314000)/",25000,5000,4764000,119800000000,-600,false,-2.34
"PVT",135801,"/Date(1700204314000)/",25000,500,4759000,119675000000,-600,false,-2.34
"PVT",135801,"/Date(1700204314000)/",25000,1200,4758500,119662000000,-600,false,-2.34
"PVT",135758,"/Date(1700204311000)/",24900,100,4757300,119632000000,-700,true,-2.73
"PVT",135758,"/Date(1700204311000)/",24900,200,4757200,119630000000,-700,true,-2.73
"PVT",135758,"/Date(1700204311000)/",24900,100,4757000,119625000000,-700,true,-2.73
"PVT",135758,"/Date(1700204311000)/",24900,300,4756900,119622000000,-700,true,-2.73
"PVT",135758,"/Date(1700204311000)/",24950,1000,4756600,119615000000,-650,true,-2.54
"PVT",135758,"/Date(1700204311000)/",24950,100,4755600,119590000000,-650,true,-2.54
"PVT",135758,"/Date(1700204311000)/",24950,3000,4755500,119587000000,-650,true,-2.54
"PVT",135758,"/Date(1700204311000)/",24950,200,4752500,119512000000,-650,true,-2.54
"PVT",135749,"/Date(1700204302000)/",25000,3800,4752300,119508000000,-600,false,-2.34
"PVT",135749,"/Date(1700204302000)/",25000,700,4748500,119413000000,-600,false,-2.34
"PVT",135749,"/Date(1700204302000)/",25000,300,4747800,119395000000,-600,false,-2.34
"PVT",135749,"/Date(1700204302000)/",25000,2000,4747500,119388000000,-600,false,-2.34
"PVT",135749,"/Date(1700204302000)/",25000,100,4745500,119338000000,-600,false,-2.34
"PVT",135749,"/Date(1700204302000)/",25000,200,4745400,119335000000,-600,false,-2.34
"PVT",135749,"/Date(1700204302000)/",25000,1000,4745200,119330000000,-600,false,-2.34
"PVT",135749,"/Date(1700204302000)/",25000,1900,4744200,119305000000,-600,false,-2.34
"PVT",135742,"/Date(1700204294000)/",25000,100,4742300,119258000000,-600,false,-2.34
"PVT",135742,"/Date(1700204294000)/",25000,200,4742200,119255000000,-600,false,-2.34
"PVT",135742,"/Date(1700204294000)/",25000,100,4742000,119250000000,-600,false,-2.34
"PVT",135733,"/Date(1700204286000)/",24950,500,4741900,119248000000,-650,false,-2.54
"PVT",135733,"/Date(1700204286000)/",24950,100,4741400,119235000000,-650,false,-2.54
"PVT",135733,"/Date(1700204286000)/",24950,200,4741300,119233000000,-650,false,-2.54
"PVT",135733,"/Date(1700204285000)/",24950,200,4741100,119228000000,-650,false,-2.54
"PVT",135729,"/Date(1700204281000)/",24950,100,4740900,119223000000,-650,false,-2.54
"PVT",135723,"/Date(1700204276000)/",24950,100,4740800,119220000000,-650,false,-2.54
"PVT",135713,"/Date(1700204267000)/",24950,1000,4740700,119218000000,-650,false,-2.54
"PVT",135704,"/Date(1700204257000)/",24950,100,4739700,119193000000,-650,false,-2.54
"PVT",135657,"/Date(1700204249000)/",24950,1300,4739600,119190000000,-650,false,-2.54
"PVT",135657,"/Date(1700204249000)/",24950,1300,4738300,119158000000,-650,false,-2.54
"PVT",135657,"/Date(1700204249000)/",24950,10000,4737000,119125000000,-650,false,-2.54
"PVT",135657,"/Date(1700204249000)/",24950,1000,4727000,118876000000,-650,false,-2.54
"PVT",135657,"/Date(1700204249000)/",24950,6400,4726000,118851000000,-650,false,-2.54
"PVT",135651,"/Date(1700204245000)/",24900,200,4719600,118691000000,-700,true,-2.73
"PVT",135651,"/Date(1700204245000)/",24900,2800,4719400,118686000000,-700,true,-2.73
"PVT",135651,"/Date(1700204244000)/",24900,10000,4716600,118616000000,-700,true,-2.73
"PVT",135648,"/Date(1700204241000)/",24900,1200,4706600,118367000000,-700,true,-2.73
"PVT",135648,"/Date(1700204241000)/",24900,1000,4705400,118338000000,-700,true,-2.73
"PVT",135648,"/Date(1700204241000)/",24900,1000,4704400,118313000000,-700,true,-2.73
"PVT",135635,"/Date(1700204227000)/",24850,200,4703400,118288000000,-750,true,-2.93
"PVT",135625,"/Date(1700204218000)/",24850,300,4703200,118283000000,-750,false,-2.93
"PVT",135600,"/Date(1700204191000)/",24800,300,4702900,118275000000,-800,true,-3.13
"PVT",135600,"/Date(1700204191000)/",24900,200,4702600,118268000000,-700,false,-2.73
"PVT",135553,"/Date(1700204187000)/",24950,1000,4702400,118263000000,-650,false,-2.54
"PVT",135547,"/Date(1700204181000)/",24800,8900,4701400,118238000000,-800,true,-3.13
"PVT",135547,"/Date(1700204181000)/",24800,500,4692500,118017000000,-800,true,-3.13
"PVT",135547,"/Date(1700204181000)/",24800,1000,4692000,118005000000,-800,true,-3.13
"PVT",135547,"/Date(1700204181000)/",24800,1000,4691000,117980000000,-800,true,-3.13
"PVT",135547,"/Date(1700204181000)/",24800,100,4690000,117955000000,-800,true,-3.13
"PVT",135547,"/Date(1700204181000)/",24800,400,4689900,117953000000,-800,true,-3.13
"PVT",135547,"/Date(1700204181000)/",24800,1000,4689500,117943000000,-800,true,-3.13
"PVT",135547,"/Date(1700204181000)/",24800,2000,4688500,117918000000,-800,true,-3.13
"PVT",135547,"/Date(1700204181000)/",24800,1500,4686500,117868000000,-800,true,-3.13
"PVT",135547,"/Date(1700204181000)/",24850,200,4685000,117831000000,-750,true,-2.93
"PVT",135547,"/Date(1700204181000)/",24850,5000,4684800,117826000000,-750,true,-2.93
"PVT",135547,"/Date(1700204181000)/",24850,800,4679800,117702000000,-750,true,-2.93
"PVT",135547,"/Date(1700204181000)/",24850,1000,4679000,117682000000,-750,true,-2.93
"PVT",135547,"/Date(1700204181000)/",24900,100,4678000,117657000000,-700,true,-2.73
"PVT",135547,"/Date(1700204181000)/",24900,200,4677900,117655000000,-700,true,-2.73
"PVT",135547,"/Date(1700204181000)/",24900,2300,4677700,117650000000,-700,true,-2.73
"PVT",135547,"/Date(1700204179000)/",24950,1200,4675400,117593000000,-650,false,-2.54
"PVT",135534,"/Date(1700204167000)/",24900,2000,4674200,117563000000,-700,true,-2.73
"PVT",135531,"/Date(1700204163000)/",24900,700,4672200,117513000000,-700,false,-2.73
"PVT",135531,"/Date(1700204162000)/",24900,500,4671500,117495000000,-700,false,-2.73
"PVT",135518,"/Date(1700204150000)/",24900,3800,4671000,117483000000,-700,false,-2.73
"PVT",135518,"/Date(1700204150000)/",24900,1000,4667200,117388000000,-700,false,-2.73
"PVT",135518,"/Date(1700204150000)/",24900,200,4666200,117363000000,-700,false,-2.73
"PVT",135515,"/Date(1700204149000)/",24900,500,4666000,117358000000,-700,false,-2.73
"PVT",135515,"/Date(1700204149000)/",24900,500,4665500,117346000000,-700,false,-2.73
"PVT",135512,"/Date(1700204144000)/",24750,18900,4665000,117334000000,-850,true,-3.32
"PVT",135512,"/Date(1700204144000)/",24750,1000,4646100,116866000000,-850,true,-3.32
"PVT",135512,"/Date(1700204144000)/",24750,1600,4645100,116841000000,-850,true,-3.32
"PVT",135512,"/Date(1700204144000)/",24800,10000,4643500,116801000000,-800,true,-3.13
"PVT",135512,"/Date(1700204144000)/",24800,200,4633500,116553000000,-800,true,-3.13
"PVT",135512,"/Date(1700204144000)/",24800,500,4633300,116548000000,-800,true,-3.13
"PVT",135512,"/Date(1700204144000)/",24800,5000,4632800,116536000000,-800,true,-3.13
"PVT",135512,"/Date(1700204144000)/",24800,500,4627800,116412000000,-800,true,-3.13
"PVT",135512,"/Date(1700204144000)/",24800,500,4627300,116400000000,-800,true,-3.13
"PVT",135512,"/Date(1700204144000)/",24800,3200,4626800,116387000000,-800,true,-3.13
"PVT",135512,"/Date(1700204143000)/",24800,100,4623600,116308000000,-800,true,-3.13
"PVT",135512,"/Date(1700204143000)/",24850,200,4623500,116305000000,-750,true,-2.93
"PVT",135505,"/Date(1700204136000)/",24850,8000,4623300,116300000000,-750,true,-2.93
"PVT",135505,"/Date(1700204136000)/",24850,3000,4615300,116102000000,-750,true,-2.93
"PVT",135505,"/Date(1700204136000)/",24850,4000,4612300,116027000000,-750,true,-2.93
"PVT",135505,"/Date(1700204136000)/",24850,1800,4608300,115928000000,-750,true,-2.93
"PVT",135505,"/Date(1700204136000)/",24850,3200,4606500,115883000000,-750,true,-2.93
"PVT",135459,"/Date(1700204130000)/",24800,200,4603300,115803000000,-800,true,-3.13
"PVT",135459,"/Date(1700204130000)/",24800,100,4603100,115798000000,-800,true,-3.13
"PVT",135459,"/Date(1700204130000)/",24800,1900,4603000,115796000000,-800,true,-3.13
"PVT",135459,"/Date(1700204130000)/",24800,100,4601100,115749000000,-800,true,-3.13
"PVT",135455,"/Date(1700204128000)/",24800,500,4601000,115746000000,-800,false,-3.13
"PVT",135455,"/Date(1700204128000)/",24800,500,4600500,115734000000,-800,false,-3.13
"PVT",135452,"/Date(1700204127000)/",24800,1800,4600000,115722000000,-800,false,-3.13
"PVT",135452,"/Date(1700204127000)/",24800,2200,4598200,115677000000,-800,false,-3.13
"PVT",135452,"/Date(1700204126000)/",24800,2800,4596000,115622000000,-800,false,-3.13
"PVT",135452,"/Date(1700204126000)/",24800,200,4593200,115553000000,-800,false,-3.13
"PVT",135452,"/Date(1700204126000)/",24800,400,4593000,115548000000,-800,false,-3.13
"PVT",135452,"/Date(1700204126000)/",24800,3000,4592600,115538000000,-800,false,-3.13
"PVT",135452,"/Date(1700204126000)/",24800,3600,4589600,115464000000,-800,false,-3.13
"PVT",135452,"/Date(1700204126000)/",24800,200,4586000,115374000000,-800,false,-3.13
"PVT",135452,"/Date(1700204125000)/",24800,1000,4585800,115369000000,-800,false,-3.13
"PVT",135452,"/Date(1700204124000)/",24750,300,4584800,115345000000,-850,true,-3.32
"PVT",135449,"/Date(1700204123000)/",24800,1600,4584500,115337000000,-800,false,-3.13
"PVT",135449,"/Date(1700204122000)/",24800,5000,4582900,115298000000,-800,false,-3.13
"PVT",135446,"/Date(1700204120000)/",24800,400,4577900,115174000000,-800,false,-3.13
"PVT",135446,"/Date(1700204119000)/",24800,500,4577500,115164000000,-800,false,-3.13
"PVT",135443,"/Date(1700204116000)/",24750,100,4577000,115151000000,-850,true,-3.32
"PVT",135443,"/Date(1700204116000)/",24750,2000,4576900,115149000000,-850,true,-3.32
"PVT",135443,"/Date(1700204116000)/",24750,500,4574900,115099000000,-850,true,-3.32
"PVT",135443,"/Date(1700204116000)/",24750,2400,4574400,115087000000,-850,true,-3.32
"PVT",135439,"/Date(1700204111000)/",24800,10000,4572000,115027000000,-800,false,-3.13
"PVT",135433,"/Date(1700204105000)/",24750,5000,4562000,114779000000,-850,false,-3.32
"PVT",135433,"/Date(1700204105000)/",24750,2000,4557000,114656000000,-850,false,-3.32
"PVT",135433,"/Date(1700204105000)/",24750,600,4555000,114606000000,-850,false,-3.32
"PVT",135433,"/Date(1700204104000)/",24750,900,4554400,114591000000,-850,false,-3.32
"PVT",135433,"/Date(1700204104000)/",24750,2000,4553500,114569000000,-850,false,-3.32
"PVT",135433,"/Date(1700204104000)/",24750,2100,4551500,114520000000,-850,false,-3.32
"PVT",135433,"/Date(1700204104000)/",24750,2900,4549400,114468000000,-850,false,-3.32
"PVT",135433,"/Date(1700204104000)/",24750,100,4546500,114396000000,-850,false,-3.32
"PVT",135427,"/Date(1700204099000)/",24750,300,4546400,114393000000,-850,false,-3.32
"PVT",135427,"/Date(1700204099000)/",24750,500,4546100,114386000000,-850,false,-3.32
"PVT",135423,"/Date(1700204096000)/",24750,1500,4545600,114374000000,-850,false,-3.32
"PVT",135423,"/Date(1700204096000)/",24750,300,4544100,114336000000,-850,false,-3.32
"PVT",135423,"/Date(1700204096000)/",24750,3200,4543800,114329000000,-850,false,-3.32
"PVT",135411,"/Date(1700204085000)/",24700,1500,4540600,114250000000,-900,true,-3.52
"PVT",135401,"/Date(1700204073000)/",24700,1000,4539100,114213000000,-900,true,-3.52
"PVT",135401,"/Date(1700204073000)/",24700,5600,4538100,114188000000,-900,true,-3.52
"PVT",135401,"/Date(1700204073000)/",24700,1000,4532500,114050000000,-900,true,-3.52
"PVT",135401,"/Date(1700204073000)/",24700,3400,4531500,114025000000,-900,true,-3.52
"PVT",135355,"/Date(1700204067000)/",24700,1000,4528100,113941000000,-900,false,-3.52
"PVT",135355,"/Date(1700204067000)/",24700,600,4527100,113916000000,-900,false,-3.52
"PVT",135355,"/Date(1700204066000)/",24700,100,4526500,113902000000,-900,false,-3.52
"PVT",135351,"/Date(1700204065000)/",24700,500,4526400,113899000000,-900,false,-3.52
"PVT",135351,"/Date(1700204063000)/",24700,1800,4525900,113887000000,-900,false,-3.52
"PVT",135351,"/Date(1700204063000)/",24700,300,4524100,113842000000,-900,false,-3.52
"PVT",135351,"/Date(1700204063000)/",24700,7900,4523800,113835000000,-900,false,-3.52
"PVT",135351,"/Date(1700204063000)/",24700,2000,4515900,113640000000,-900,false,-3.52
"PVT",135348,"/Date(1700204061000)/",24700,12300,4513900,113590000000,-900,false,-3.52
"PVT",135348,"/Date(1700204060000)/",24700,8000,4501600,113286000000,-900,false,-3.52
"PVT",135345,"/Date(1700204058000)/",24700,100,4493600,113089000000,-900,false,-3.52
"PVT",135339,"/Date(1700204053000)/",24650,5100,4493500,113086000000,-950,true,-3.71
"PVT",135339,"/Date(1700204053000)/",24650,200,4488400,112961000000,-950,true,-3.71
"PVT",135339,"/Date(1700204053000)/",24650,500,4488200,112956000000,-950,true,-3.71
"PVT",135339,"/Date(1700204053000)/",24650,100,4487700,112943000000,-950,true,-3.71
"PVT",135339,"/Date(1700204053000)/",24650,100,4487600,112941000000,-950,true,-3.71
"PVT",135339,"/Date(1700204053000)/",24650,500,4487500,112939000000,-950,true,-3.71
"PVT",135339,"/Date(1700204053000)/",24650,100,4487000,112926000000,-950,true,-3.71
"PVT",135339,"/Date(1700204053000)/",24650,400,4486900,112924000000,-950,true,-3.71
"PVT",135339,"/Date(1700204052000)/",24700,500,4486500,112914000000,-900,false,-3.52
"PVT",135335,"/Date(1700204048000)/",24700,600,4486000,112902000000,-900,false,-3.52
"PVT",135335,"/Date(1700204047000)/",24700,5000,4485400,112887000000,-900,false,-3.52
"PVT",135329,"/Date(1700204043000)/",24700,300,4480400,112763000000,-900,false,-3.52
"PVT",135329,"/Date(1700204042000)/",24700,1000,4480100,112756000000,-900,false,-3.52
"PVT",135329,"/Date(1700204041000)/",24700,500,4479100,112731000000,-900,false,-3.52
"PVT",135326,"/Date(1700204039000)/",24700,200,4478600,112719000000,-900,false,-3.52
"PVT",135326,"/Date(1700204037000)/",24700,1000,4478400,112714000000,-900,false,-3.52
"PVT",135326,"/Date(1700204037000)/",24700,900,4477400,112689000000,-900,false,-3.52
"PVT",135326,"/Date(1700204037000)/",24700,1000,4476500,112667000000,-900,false,-3.52
"PVT",135326,"/Date(1700204037000)/",24700,1400,4475500,112642000000,-900,false,-3.52
"PVT",135326,"/Date(1700204037000)/",24700,200,4474100,112608000000,-900,false,-3.52
"PVT",135326,"/Date(1700204037000)/",24700,500,4473900,112603000000,-900,false,-3.52
"PVT",135326,"/Date(1700204037000)/",24700,1000,4473400,112590000000,-900,false,-3.52
"PVT",135323,"/Date(1700204036000)/",24700,500,4472400,112566000000,-900,false,-3.52
"PVT",135323,"/Date(1700204035000)/",24700,1000,4471900,112553000000,-900,false,-3.52
"PVT",135319,"/Date(1700204033000)/",24700,1000,4470900,112529000000,-900,false,-3.52
"PVT",135316,"/Date(1700204030000)/",24700,100,4469900,112504000000,-900,false,-3.52
"PVT",135313,"/Date(1700204027000)/",24700,900,4469800,112501000000,-900,false,-3.52
"PVT",135310,"/Date(1700204023000)/",24700,2000,4468900,112479000000,-900,false,-3.52
"PVT",135310,"/Date(1700204021000)/",24700,100,4466900,112430000000,-900,false,-3.52
"PVT",135307,"/Date(1700204019000)/",24650,2500,4466800,112427000000,-950,true,-3.71
"PVT",135307,"/Date(1700204018000)/",24700,1000,4464300,112366000000,-900,false,-3.52
"PVT",135251,"/Date(1700204003000)/",24700,200,4463300,112341000000,-900,false,-3.52
"PVT",135247,"/Date(1700204001000)/",24700,1000,4463100,112336000000,-900,false,-3.52
"PVT",135244,"/Date(1700203997000)/",24650,2100,4462100,112311000000,-950,true,-3.71
"PVT",135244,"/Date(1700203997000)/",24650,100,4460000,112260000000,-950,true,-3.71
"PVT",135244,"/Date(1700203997000)/",24650,100,4459900,112257000000,-950,true,-3.71
"PVT",135244,"/Date(1700203997000)/",24650,200,4459800,112255000000,-950,true,-3.71
"PVT",135244,"/Date(1700203996000)/",24700,1000,4459600,112250000000,-900,false,-3.52
"PVT",135241,"/Date(1700203994000)/",24700,3000,4458600,112225000000,-900,false,-3.52
"PVT",135241,"/Date(1700203994000)/",24700,100,4455600,112151000000,-900,false,-3.52
"PVT",135241,"/Date(1700203994000)/",24700,1600,4455500,112148000000,-900,false,-3.52
"PVT",135235,"/Date(1700203987000)/",24750,800,4453900,112109000000,-850,false,-3.32
"PVT",135235,"/Date(1700203987000)/",24750,200,4453100,112089000000,-850,false,-3.32
"PVT",135235,"/Date(1700203987000)/",24700,1000,4452900,112084000000,-900,false,-3.52
"PVT",135235,"/Date(1700203987000)/",24650,600,4451900,112059000000,-950,true,-3.71
"PVT",135235,"/Date(1700203987000)/",24700,1000,4451300,112045000000,-900,false,-3.52
"PVT",135235,"/Date(1700203987000)/",24700,400,4450300,112020000000,-900,false,-3.52
"PVT",135231,"/Date(1700203984000)/",24650,100,4449900,112010000000,-950,true,-3.71
"PVT",135231,"/Date(1700203983000)/",24650,100,4449800,112008000000,-950,true,-3.71
"PVT",135231,"/Date(1700203983000)/",24700,1200,4449700,112005000000,-900,true,-3.52
"PVT",135228,"/Date(1700203980000)/",24700,3800,4448500,111976000000,-900,true,-3.52
"PVT",135228,"/Date(1700203980000)/",24700,100,4444700,111882000000,-900,true,-3.52
"PVT",135228,"/Date(1700203980000)/",24700,100,4444600,111879000000,-900,true,-3.52
"PVT",135228,"/Date(1700203980000)/",24700,500,4444500,111877000000,-900,true,-3.52
"PVT",135228,"/Date(1700203980000)/",24700,500,4444000,111864000000,-900,true,-3.52
"PVT",135222,"/Date(1700203976000)/",24700,300,4443500,111852000000,-900,true,-3.52
"PVT",135219,"/Date(1700203971000)/",24750,100,4443200,111845000000,-850,false,-3.32
"PVT",135219,"/Date(1700203971000)/",24700,4700,4443100,111842000000,-900,true,-3.52
"PVT",135219,"/Date(1700203971000)/",24700,500,4438400,111726000000,-900,true,-3.52
"PVT",135219,"/Date(1700203971000)/",24700,200,4437900,111714000000,-900,true,-3.52
"PVT",135219,"/Date(1700203971000)/",24700,3600,4437700,111709000000,-900,true,-3.52
"PVT",135209,"/Date(1700203961000)/",24700,500,4434100,111620000000,-900,true,-3.52
"PVT",135203,"/Date(1700203956000)/",24750,4700,4433600,111607000000,-850,true,-3.32
"PVT",135156,"/Date(1700203950000)/",24750,300,4428900,111491000000,-850,true,-3.32
"PVT",135153,"/Date(1700203944000)/",24700,900,4428600,111484000000,-900,true,-3.52
"PVT",135153,"/Date(1700203944000)/",24700,1500,4427700,111461000000,-900,true,-3.52
"PVT",135153,"/Date(1700203944000)/",24700,100,4426200,111424000000,-900,true,-3.52
"PVT",135153,"/Date(1700203944000)/",24700,2000,4426100,111422000000,-900,true,-3.52
"PVT",135150,"/Date(1700203944000)/",24750,400,4424100,111373000000,-850,true,-3.32
"PVT",135150,"/Date(1700203944000)/",24750,300,4423700,111363000000,-850,true,-3.32
"PVT",135150,"/Date(1700203944000)/",24750,5000,4423400,111355000000,-850,true,-3.32
"PVT",135150,"/Date(1700203944000)/",24750,20000,4418400,111232000000,-850,true,-3.32
"PVT",135150,"/Date(1700203944000)/",24750,2000,4398400,110737000000,-850,true,-3.32
"PVT",135150,"/Date(1700203944000)/",24750,500,4396400,110687000000,-850,true,-3.32
"PVT",135150,"/Date(1700203944000)/",24750,200,4395900,110675000000,-850,true,-3.32
"PVT",135150,"/Date(1700203944000)/",24750,17100,4395700,110670000000,-850,true,-3.32
"PVT",135150,"/Date(1700203943000)/",24800,400,4378600,110246000000,-800,false,-3.13
"PVT",135150,"/Date(1700203943000)/",24800,100,4378200,110237000000,-800,false,-3.13
"PVT",135146,"/Date(1700203939000)/",24800,2000,4378100,110234000000,-800,false,-3.13
"PVT",135143,"/Date(1700203937000)/",24750,300,4376100,110184000000,-850,true,-3.32
"PVT",135140,"/Date(1700203931000)/",24800,1000,4375800,110177000000,-800,false,-3.13
"PVT",135134,"/Date(1700203926000)/",24750,300,4374800,110152000000,-850,true,-3.32
"PVT",135130,"/Date(1700203922000)/",24750,2000,4374500,110145000000,-850,true,-3.32
"PVT",135127,"/Date(1700203920000)/",24750,5000,4372500,110095000000,-850,true,-3.32
"PVT",135127,"/Date(1700203919000)/",24800,4200,4367500,109972000000,-800,false,-3.13
"PVT",135127,"/Date(1700203919000)/",24800,800,4363300,109867000000,-800,false,-3.13
"PVT",135127,"/Date(1700203918000)/",24750,3000,4362500,109848000000,-850,true,-3.32
"PVT",135118,"/Date(1700203909000)/",24750,2000,4359500,109773000000,-850,true,-3.32
"PVT",135108,"/Date(1700203900000)/",24750,2000,4357500,109724000000,-850,false,-3.32
"PVT",135108,"/Date(1700203899000)/",24750,1000,4355500,109674000000,-850,false,-3.32
"PVT",135108,"/Date(1700203899000)/",24750,2000,4354500,109650000000,-850,false,-3.32
"PVT",135108,"/Date(1700203899000)/",24750,500,4352500,109600000000,-850,false,-3.32
"PVT",135108,"/Date(1700203899000)/",24750,1400,4352000,109588000000,-850,false,-3.32
"PVT",135108,"/Date(1700203899000)/",24700,3000,4350600,109553000000,-900,false,-3.52
"PVT",135108,"/Date(1700203899000)/",24700,10400,4347600,109479000000,-900,false,-3.52
"PVT",135105,"/Date(1700203897000)/",24700,1000,4337200,109222000000,-900,true,-3.52
"PVT",135105,"/Date(1700203897000)/",24700,200,4336200,109197000000,-900,true,-3.52
"PVT",135105,"/Date(1700203897000)/",24700,100,4336000,109192000000,-900,true,-3.52
"PVT",135105,"/Date(1700203897000)/",24700,200,4335900,109190000000,-900,true,-3.52
"PVT",135105,"/Date(1700203897000)/",24700,200,4335700,109185000000,-900,true,-3.52
"PVT",135105,"/Date(1700203897000)/",24700,500,4335500,109180000000,-900,true,-3.52
"PVT",135105,"/Date(1700203897000)/",24700,1000,4335000,109168000000,-900,true,-3.52
"PVT",135105,"/Date(1700203897000)/",24700,2000,4334000,109143000000,-900,true,-3.52
"PVT",135105,"/Date(1700203897000)/",24700,400,4332000,109094000000,-900,true,-3.52
"PVT",135105,"/Date(1700203897000)/",24700,500,4331600,109084000000,-900,true,-3.52
"PVT",135105,"/Date(1700203897000)/",24700,200,4331100,109071000000,-900,true,-3.52
"PVT",135105,"/Date(1700203897000)/",24700,1000,4330900,109066000000,-900,true,-3.52
"PVT",135105,"/Date(1700203897000)/",24700,300,4329900,109042000000,-900,true,-3.52
"PVT",135105,"/Date(1700203897000)/",24700,2200,4329600,109034000000,-900,true,-3.52
"PVT",135105,"/Date(1700203897000)/",24700,100,4327400,108980000000,-900,true,-3.52
"PVT",135105,"/Date(1700203897000)/",24700,1000,4327300,108978000000,-900,true,-3.52
"PVT",135105,"/Date(1700203897000)/",24700,2000,4326300,108953000000,-900,true,-3.52
"PVT",135105,"/Date(1700203897000)/",24700,1000,4324300,108903000000,-900,true,-3.52
"PVT",135105,"/Date(1700203897000)/",24700,500,4323300,108879000000,-900,true,-3.52
"PVT",135105,"/Date(1700203897000)/",24700,100,4322800,108866000000,-900,true,-3.52
"PVT",135105,"/Date(1700203897000)/",24700,500,4322700,108864000000,-900,true,-3.52
"PVT",135105,"/Date(1700203897000)/",24700,100,4322200,108852000000,-900,true,-3.52
"PVT",135105,"/Date(1700203897000)/",24700,5000,4322100,108849000000,-900,true,-3.52
"PVT",135105,"/Date(1700203897000)/",24700,1000,4317100,108726000000,-900,true,-3.52
"PVT",135105,"/Date(1700203897000)/",24700,1000,4316100,108701000000,-900,true,-3.52
"PVT",135105,"/Date(1700203897000)/",24700,100,4315100,108676000000,-900,true,-3.52
"PVT",135105,"/Date(1700203897000)/",24700,500,4315000,108674000000,-900,true,-3.52
"PVT",135105,"/Date(1700203897000)/",24700,600,4314500,108661000000,-900,true,-3.52
"PVT",135105,"/Date(1700203897000)/",24700,200,4313900,108647000000,-900,true,-3.52
"PVT",135105,"/Date(1700203897000)/",24700,1000,4313700,108642000000,-900,true,-3.52
"PVT",135105,"/Date(1700203897000)/",24700,1000,4312700,108617000000,-900,true,-3.52
"PVT",135105,"/Date(1700203897000)/",24700,14100,4311700,108592000000,-900,true,-3.52
"PVT",135105,"/Date(1700203897000)/",24700,6000,4297600,108244000000,-900,true,-3.52
"PVT",135102,"/Date(1700203895000)/",24750,1000,4291600,108096000000,-850,false,-3.32
"PVT",135055,"/Date(1700203888000)/",24750,100,4290600,108071000000,-850,false,-3.32
"PVT",135055,"/Date(1700203887000)/",24700,700,4290500,108069000000,-900,true,-3.52
"PVT",135052,"/Date(1700203883000)/",24750,500,4289800,108051000000,-850,false,-3.32
"PVT",135052,"/Date(1700203883000)/",24750,500,4289300,108039000000,-850,false,-3.32
"PVT",135049,"/Date(1700203880000)/",24700,1000,4288800,108026000000,-900,true,-3.52
"PVT",135046,"/Date(1700203878000)/",24700,300,4287800,108002000000,-900,true,-3.52
"PVT",135042,"/Date(1700203875000)/",24700,1000,4287500,107994000000,-900,true,-3.52
"PVT",135042,"/Date(1700203874000)/",24750,100,4286500,107970000000,-850,false,-3.32
"PVT",135042,"/Date(1700203874000)/",24750,4900,4286400,107967000000,-850,false,-3.32
"PVT",135042,"/Date(1700203874000)/",24700,3000,4281500,107846000000,-900,true,-3.52
"PVT",135039,"/Date(1700203872000)/",24750,100,4278500,107772000000,-850,false,-3.32
"PVT",135039,"/Date(1700203872000)/",24750,900,4278400,107769000000,-850,false,-3.32
"PVT",135036,"/Date(1700203867000)/",24700,1000,4277500,107747000000,-900,true,-3.52
"PVT",135033,"/Date(1700203864000)/",24700,2900,4276500,107722000000,-900,true,-3.52
"PVT",135033,"/Date(1700203864000)/",24700,3000,4273600,107651000000,-900,true,-3.52
"PVT",135033,"/Date(1700203864000)/",24700,4100,4270600,107577000000,-900,true,-3.52
"PVT",135030,"/Date(1700203861000)/",24750,500,4266500,107475000000,-850,false,-3.32
"PVT",135026,"/Date(1700203860000)/",24750,100,4266000,107463000000,-850,false,-3.32
"PVT",135026,"/Date(1700203860000)/",24700,900,4265900,107461000000,-900,true,-3.52
"PVT",135026,"/Date(1700203860000)/",24700,100,4265000,107438000000,-900,true,-3.52
"PVT",135023,"/Date(1700203855000)/",24750,300,4264900,107436000000,-850,true,-3.32
"PVT",135023,"/Date(1700203855000)/",24750,100,4264600,107428000000,-850,true,-3.32
"PVT",135023,"/Date(1700203855000)/",24750,300,4264500,107426000000,-850,true,-3.32
"PVT",135023,"/Date(1700203855000)/",24750,1000,4264200,107418000000,-850,true,-3.32
"PVT",135023,"/Date(1700203855000)/",24750,200,4263200,107394000000,-850,true,-3.32
"PVT",135023,"/Date(1700203855000)/",24750,800,4263000,107389000000,-850,true,-3.32
"PVT",135023,"/Date(1700203855000)/",24750,100,4262200,107369000000,-850,true,-3.32
"PVT",135023,"/Date(1700203855000)/",24750,5000,4262100,107367000000,-850,true,-3.32
"PVT",135023,"/Date(1700203855000)/",24750,500,4257100,107243000000,-850,true,-3.32
"PVT",135023,"/Date(1700203855000)/",24750,100,4256600,107230000000,-850,true,-3.32
"PVT",135023,"/Date(1700203855000)/",24750,800,4256500,107228000000,-850,true,-3.32
"PVT",135023,"/Date(1700203855000)/",24750,5000,4255700,107208000000,-850,true,-3.32
"PVT",135007,"/Date(1700203840000)/",24750,500,4250700,107084000000,-850,true,-3.32
"PVT",135007,"/Date(1700203839000)/",24800,100,4250200,107072000000,-800,false,-3.13
"PVT",135007,"/Date(1700203838000)/",24750,200,4250100,107069000000,-850,true,-3.32
"PVT",135004,"/Date(1700203836000)/",24800,4100,4249900,107065000000,-800,false,-3.13
"PVT",135004,"/Date(1700203836000)/",24800,100,4245800,106963000000,-800,false,-3.13
"PVT",135004,"/Date(1700203836000)/",24800,300,4245700,106960000000,-800,false,-3.13
"PVT",135004,"/Date(1700203836000)/",24800,7500,4245400,106953000000,-800,false,-3.13
"PVT",135004,"/Date(1700203836000)/",24750,1200,4237900,106767000000,-850,true,-3.32
"PVT",134954,"/Date(1700203826000)/",24750,1000,4236700,106737000000,-850,true,-3.32
"PVT",134954,"/Date(1700203824000)/",24750,3000,4235700,106712000000,-850,true,-3.32
"PVT",134948,"/Date(1700203818000)/",24800,300,4232700,106638000000,-800,false,-3.13
"PVT",134948,"/Date(1700203818000)/",24800,4000,4232400,106631000000,-800,false,-3.13
"PVT",134948,"/Date(1700203818000)/",24800,400,4228400,106532000000,-800,false,-3.13
"PVT",134948,"/Date(1700203818000)/",24800,300,4228000,106522000000,-800,false,-3.13
"PVT",134945,"/Date(1700203818000)/",24750,7900,4227700,106514000000,-850,true,-3.32
"PVT",134945,"/Date(1700203817000)/",24750,1800,4219800,106319000000,-850,true,-3.32
"PVT",134935,"/Date(1700203808000)/",24800,100,4218000,106274000000,-800,false,-3.13
"PVT",134935,"/Date(1700203807000)/",24750,500,4217900,106272000000,-850,true,-3.32
"PVT",134932,"/Date(1700203805000)/",24750,3900,4217400,106259000000,-850,true,-3.32
"PVT",134932,"/Date(1700203805000)/",24750,100,4213500,106163000000,-850,true,-3.32
"PVT",134932,"/Date(1700203805000)/",24750,500,4213400,106160000000,-850,true,-3.32
"PVT",134932,"/Date(1700203805000)/",24750,500,4212900,106148000000,-850,true,-3.32
"PVT",134932,"/Date(1700203804000)/",24750,100,4212400,106136000000,-850,true,-3.32
"PVT",134932,"/Date(1700203802000)/",24750,200,4212300,106133000000,-850,true,-3.32
"PVT",134932,"/Date(1700203802000)/",24750,200,4212100,106128000000,-850,true,-3.32
"PVT",134932,"/Date(1700203802000)/",24750,100,4211900,106123000000,-850,true,-3.32
"PVT",134932,"/Date(1700203802000)/",24750,200,4211800,106121000000,-850,true,-3.32
"PVT",134932,"/Date(1700203802000)/",24750,300,4211600,106116000000,-850,true,-3.32
"PVT",134932,"/Date(1700203802000)/",24800,600,4211300,106108000000,-800,false,-3.13
"PVT",134932,"/Date(1700203802000)/",24800,400,4210700,106093000000,-800,false,-3.13
"PVT",134912,"/Date(1700203783000)/",24750,1700,4210300,106084000000,-850,true,-3.32
"PVT",134912,"/Date(1700203783000)/",24750,100,4208600,106041000000,-850,true,-3.32
"PVT",134912,"/Date(1700203783000)/",24750,100,4208500,106039000000,-850,true,-3.32
"PVT",134912,"/Date(1700203783000)/",24750,100,4208400,106037000000,-850,true,-3.32
"PVT",134912,"/Date(1700203783000)/",24750,200,4208300,106034000000,-850,true,-3.32
"PVT",134912,"/Date(1700203783000)/",24750,3800,4208100,106029000000,-850,true,-3.32
"PVT",134909,"/Date(1700203781000)/",24750,1200,4204300,105935000000,-850,true,-3.32
"PVT",134909,"/Date(1700203781000)/",24750,100,4203100,105905000000,-850,true,-3.32
"PVT",134909,"/Date(1700203781000)/",24750,500,4203000,105903000000,-850,true,-3.32
"PVT",134909,"/Date(1700203781000)/",24750,200,4202500,105890000000,-850,true,-3.32
"PVT",134903,"/Date(1700203775000)/",24800,500,4202300,105886000000,-800,false,-3.13
"PVT",134856,"/Date(1700203767000)/",24750,300,4201800,105873000000,-850,true,-3.32
"PVT",134856,"/Date(1700203767000)/",24750,100,4201500,105866000000,-850,true,-3.32
"PVT",134856,"/Date(1700203767000)/",24750,500,4201400,105863000000,-850,true,-3.32
"PVT",134856,"/Date(1700203767000)/",24750,100,4200900,105851000000,-850,true,-3.32
"PVT",134853,"/Date(1700203765000)/",24800,100,4200800,105848000000,-800,true,-3.13
"PVT",134850,"/Date(1700203763000)/",24800,1000,4200700,105846000000,-800,false,-3.13
"PVT",134850,"/Date(1700203763000)/",24800,8900,4199700,105821000000,-800,false,-3.13
"PVT",134840,"/Date(1700203753000)/",24750,100,4190800,105600000000,-850,true,-3.32
"PVT",134840,"/Date(1700203753000)/",24750,1000,4190700,105598000000,-850,true,-3.32
"PVT",134837,"/Date(1700203750000)/",24750,3000,4189700,105573000000,-850,true,-3.32
"PVT",134837,"/Date(1700203749000)/",24800,7000,4186700,105499000000,-800,false,-3.13
"PVT",134837,"/Date(1700203748000)/",24750,3500,4179700,105325000000,-850,true,-3.32
"PVT",134837,"/Date(1700203748000)/",24750,2300,4176200,105239000000,-850,true,-3.32
"PVT",134837,"/Date(1700203748000)/",24750,100,4173900,105182000000,-850,true,-3.32
"PVT",134837,"/Date(1700203748000)/",24750,400,4173800,105179000000,-850,true,-3.32
"PVT",134837,"/Date(1700203748000)/",24750,100,4173400,105169000000,-850,true,-3.32
"PVT",134837,"/Date(1700203748000)/",24750,100,4173300,105167000000,-850,true,-3.32
"PVT",134837,"/Date(1700203748000)/",24750,3000,4173200,105164000000,-850,true,-3.32
"PVT",134827,"/Date(1700203739000)/",24800,500,4170200,105090000000,-800,true,-3.13
"PVT",134827,"/Date(1700203739000)/",24800,200,4169700,105078000000,-800,true,-3.13
"PVT",134827,"/Date(1700203739000)/",24800,2000,4169500,105073000000,-800,true,-3.13
"PVT",134827,"/Date(1700203739000)/",24800,200,4167500,105023000000,-800,true,-3.13
"PVT",134827,"/Date(1700203739000)/",24800,200,4167300,105018000000,-800,true,-3.13
"PVT",134827,"/Date(1700203739000)/",24800,3000,4167100,105013000000,-800,true,-3.13
"PVT",134827,"/Date(1700203739000)/",24800,100,4164100,104939000000,-800,true,-3.13
"PVT",134827,"/Date(1700203739000)/",24800,100,4164000,104936000000,-800,true,-3.13
"PVT",134827,"/Date(1700203739000)/",24800,100,4163900,104934000000,-800,true,-3.13
"PVT",134827,"/Date(1700203739000)/",24800,500,4163800,104931000000,-800,true,-3.13
"PVT",134827,"/Date(1700203739000)/",24800,27200,4163300,104919000000,-800,true,-3.13
"PVT",134827,"/Date(1700203738000)/",24850,100,4136100,104245000000,-750,false,-2.93
"PVT",134824,"/Date(1700203735000)/",24800,1000,4136000,104242000000,-800,true,-3.13
"PVT",134815,"/Date(1700203727000)/",24850,1000,4135000,104217000000,-750,false,-2.93
"PVT",134811,"/Date(1700203722000)/",24800,1800,4134000,104192000000,-800,true,-3.13
"PVT",134811,"/Date(1700203722000)/",24800,100,4132200,104148000000,-800,true,-3.13
"PVT",134811,"/Date(1700203722000)/",24800,200,4132100,104145000000,-800,true,-3.13
"PVT",134811,"/Date(1700203722000)/",24800,500,4131900,104140000000,-800,true,-3.13
"PVT",134811,"/Date(1700203722000)/",24800,1000,4131400,104128000000,-800,true,-3.13
"PVT",134811,"/Date(1700203722000)/",24800,1000,4130400,104103000000,-800,true,-3.13
"PVT",134811,"/Date(1700203722000)/",24800,100,4129400,104078000000,-800,true,-3.13
"PVT",134811,"/Date(1700203722000)/",24800,500,4129300,104076000000,-800,true,-3.13
"PVT",134811,"/Date(1700203722000)/",24800,200,4128800,104063000000,-800,true,-3.13
"PVT",134811,"/Date(1700203722000)/",24800,500,4128600,104058000000,-800,true,-3.13
"PVT",134811,"/Date(1700203722000)/",24800,1000,4128100,104046000000,-800,true,-3.13
"PVT",134811,"/Date(1700203722000)/",24800,100,4127100,104021000000,-800,true,-3.13
"PVT",134811,"/Date(1700203722000)/",24800,200,4127000,104019000000,-800,true,-3.13
"PVT",134811,"/Date(1700203722000)/",24800,500,4126800,104014000000,-800,true,-3.13
"PVT",134811,"/Date(1700203722000)/",24800,1000,4126300,104001000000,-800,true,-3.13
"PVT",134811,"/Date(1700203722000)/",24800,500,4125300,103977000000,-800,true,-3.13
"PVT",134811,"/Date(1700203722000)/",24800,1000,4124800,103964000000,-800,true,-3.13
"PVT",134811,"/Date(1700203722000)/",24800,8000,4123800,103939000000,-800,true,-3.13
"PVT",134811,"/Date(1700203722000)/",24800,100,4115800,103741000000,-800,true,-3.13
"PVT",134811,"/Date(1700203722000)/",24800,700,4115700,103739000000,-800,true,-3.13
"PVT",134811,"/Date(1700203722000)/",24800,1000,4115000,103721000000,-800,true,-3.13
"PVT",134811,"/Date(1700203722000)/",24800,20000,4114000,103696000000,-800,true,-3.13
"PVT",134811,"/Date(1700203722000)/",24800,200,4094000,103200000000,-800,true,-3.13
"PVT",134811,"/Date(1700203722000)/",24800,500,4093800,103195000000,-800,true,-3.13
"PVT",134811,"/Date(1700203722000)/",24800,800,4093300,103183000000,-800,true,-3.13
"PVT",134811,"/Date(1700203722000)/",24800,200,4092500,103163000000,-800,true,-3.13
"PVT",134811,"/Date(1700203722000)/",24800,800,4092300,103158000000,-800,true,-3.13
"PVT",134811,"/Date(1700203722000)/",24800,1000,4091500,103138000000,-800,true,-3.13
"PVT",134811,"/Date(1700203722000)/",24800,2000,4090500,103114000000,-800,true,-3.13
"PVT",134811,"/Date(1700203722000)/",24800,1000,4088500,103064000000,-800,true,-3.13
"PVT",134811,"/Date(1700203722000)/",24800,100,4087500,103039000000,-800,true,-3.13
"PVT",134811,"/Date(1700203722000)/",24800,100,4087400,103037000000,-800,true,-3.13
"PVT",134811,"/Date(1700203722000)/",24800,200,4087300,103034000000,-800,true,-3.13
"PVT",134811,"/Date(1700203722000)/",24800,3100,4087100,103029000000,-800,true,-3.13
"PVT",134808,"/Date(1700203722000)/",24850,100,4084000,102952000000,-750,false,-2.93
"PVT",134758,"/Date(1700203710000)/",24850,100,4083900,102950000000,-750,false,-2.93
"PVT",134755,"/Date(1700203707000)/",24850,1000,4083800,102947000000,-750,false,-2.93
"PVT",134752,"/Date(1700203704000)/",24850,500,4082800,102923000000,-750,false,-2.93
"PVT",134752,"/Date(1700203703000)/",24850,4000,4082300,102910000000,-750,false,-2.93
"PVT",134749,"/Date(1700203702000)/",24800,1900,4078300,102811000000,-800,true,-3.13
"PVT",134749,"/Date(1700203702000)/",24800,300,4076400,102764000000,-800,true,-3.13
"PVT",134749,"/Date(1700203702000)/",24800,3000,4076100,102756000000,-800,true,-3.13
"PVT",134749,"/Date(1700203702000)/",24800,200,4073100,102682000000,-800,true,-3.13
"PVT",134749,"/Date(1700203702000)/",24800,300,4072900,102677000000,-800,true,-3.13
"PVT",134749,"/Date(1700203702000)/",24800,500,4072600,102669000000,-800,true,-3.13
"PVT",134749,"/Date(1700203702000)/",24850,100,4072100,102657000000,-750,true,-2.93
"PVT",134749,"/Date(1700203702000)/",24850,4000,4072000,102654000000,-750,true,-2.93
"PVT",134749,"/Date(1700203702000)/",24850,100,4068000,102555000000,-750,true,-2.93
"PVT",134749,"/Date(1700203702000)/",24850,200,4067900,102553000000,-750,true,-2.93
"PVT",134749,"/Date(1700203702000)/",24850,200,4067700,102548000000,-750,true,-2.93
"PVT",134749,"/Date(1700203702000)/",24850,1000,4067500,102543000000,-750,true,-2.93
"PVT",134749,"/Date(1700203702000)/",24850,1000,4066500,102518000000,-750,true,-2.93
"PVT",134749,"/Date(1700203702000)/",24850,1000,4065500,102493000000,-750,true,-2.93
"PVT",134749,"/Date(1700203702000)/",24850,100,4064500,102468000000,-750,true,-2.93
"PVT",134749,"/Date(1700203702000)/",24850,200,4064400,102466000000,-750,true,-2.93
"PVT",134749,"/Date(1700203702000)/",24850,100,4064200,102461000000,-750,true,-2.93
"PVT",134749,"/Date(1700203702000)/",24850,500,4064100,102458000000,-750,true,-2.93
"PVT",134749,"/Date(1700203702000)/",24850,1000,4063600,102446000000,-750,true,-2.93
"PVT",134749,"/Date(1700203702000)/",24850,100,4062600,102421000000,-750,true,-2.93
