"price","change","match_qtty","side","time","total_vol"
65500,0,13600,"bu","09:15:02",13600
65500,0,1000,"bu","09:15:25",14600
65500,0,2300,"bu","09:15:30",16900
65500,0,300,"bu","09:15:33",17200
65500,0,1000,"sd","09:15:41",18200
65500,0,3200,"sd","09:15:43",21400
65400.00000000001,-100,2400,"bu","09:16:12",23900
65500,0,1200,"bu","09:16:43",25100
65500,0,500,"sd","09:17:34",25600
65400.00000000001,-100,600,"sd","09:17:43",26200
65400.00000000001,-100,700,"sd","09:18:11",26900
65400.00000000001,-100,3100,"sd","09:18:11",30000
65400.00000000001,-100,200,"sd","09:18:17",30200
65400.00000000001,-100,4100,"bu","09:19:04",34300
65400.00000000001,-100,300,"bu","09:19:32",34600
65400.00000000001,-100,1000,"bu","09:19:44",35600
65400.00000000001,-100,1600,"sd","09:19:55",37200
65400.00000000001,-100,1000,"sd","09:20:03",38200
65400.00000000001,-100,1000,"bu","09:20:11",39200
65400.00000000001,-100,300,"bu","09:20:13",39500
65400.00000000001,-100,900,"bu","09:20:24",40400
65300,-200,2200,"sd","09:21:13",42600
65300,-200,1000,"sd","09:21:54",43600
65200,-300,200,"bu","09:22:19",43800
65200,-300,200,"sd","09:22:20",44000
65200,-300,100,"bu","09:22:37",44100
65300,-200,3000,"bu","09:22:44",47100
65300,-200,200,"bu","09:22:44",47300
65300,-200,600,"sd","09:22:46",47900
65400.00000000001,-100,1000,"sd","09:23:14",48900
65400.00000000001,-100,800,"bu","09:24:09",49700
65400.00000000001,-100,100,"bu","09:24:32",49800
65500,0,2200,"bu","09:25:14",52000
65400.00000000001,-100,2900,"bu","09:25:20",54900
65500,0,200,"bu","09:25:21",55100
65500,0,300,"bu","09:25:32",55400
65500,0,400,"bu","09:25:42",55800
65500,0,200,"bu","09:25:45",56000
65500,0,100,"bu","09:25:45",56100
65500,0,1600,"sd","09:25:46",57700
65600,100,900,"bu","09:26:02",58600
65600,100,200,"bu","09:26:13",58800
65600,100,1200,"bu","09:26:32",60000
65600,100,100,"sd","09:26:33",60100
65500,0,7000,"sd","09:27:56",67100
65500,0,800,"sd","09:28:16",67900
65500,0,1000,"bu","09:29:02",68900
65600,100,400,"sd","09:29:26",69300
65700,200,2100,"sd","09:30:35",71400
65700,200,1700,"bu","09:30:46",73100
65600,100,300,"sd","09:31:16",73400
65600,100,1600,"bu","09:31:45",75000
65600,100,100,"bu","09:31:48",75100
65600,100,1100,"bu","09:31:54",76200
65600,100,200,"sd","09:32:02",76400
65700,200,400,"sd","09:32:23",76800
65700,200,1100,"sd","09:32:40",77900
65700,200,100,"sd","09:32:45",78000
65600,100,200,"bu","09:33:31",78200
65600,100,2000,"sd","09:33:37",80200
65600,100,1500,"bu","09:34:29",81700
65600,100,100,"sd","09:34:41",81800
65500,0,16400,"sd","09:35:28",98200
65500,0,100,"bu","09:35:33",98300
65500,0,500,"bu","09:36:05",98800
65500,0,100,"bu","09:37:08",98900
65400.00000000001,-100,1500,"sd","09:38:12",100400
65400.00000000001,-100,500,"sd","09:39:00",100900
65400.00000000001,-100,1400,"sd","09:39:32",102300
65400.00000000001,-100,1800,"sd","09:39:44",104100
65400.00000000001,-100,1000,"sd","09:39:50",105100
65400.00000000001,-100,2200,"bu","09:39:53",107300
65400.00000000001,-100,200,"sd","09:39:57",107500
65400.00000000001,-100,500,"sd","09:40:05",108000
65400.00000000001,-100,300,"bu","09:40:32",108300
65400.00000000001,-100,100,"bu","09:41:00",108400
65400.00000000001,-100,200,"bu","09:41:27",108600
65099.99999999999,-400,30000,"bu","09:41:29",138600
65099.99999999999,-400,20000,"sd","09:45:08",158600
65099.99999999999,-400,100,"sd","09:45:22",158700
65000,-500,5600,"bu","09:45:49",164300
65000,-500,1000,"sd","09:45:54",165300
65000,-500,500,"sd","09:46:09",165800
65099.99999999999,-400,200,"bu","09:46:16",166000
65000,-500,6600,"sd","09:46:40",172600
65000,-500,100,"sd","09:46:43",172700
65000,-500,200,"sd","09:46:46",172900
65000,-500,500,"bu","09:46:59",173400
65000,-500,700,"bu","09:47:19",174100
64900.00000000001,-600,100,"bu","09:47:24",174200
64800,-700,13000,"sd","09:48:01",187200
64700,-800,300,"bu","09:48:06",187500
64700,-800,3500,"bu","09:48:41",191000
64800,-700,100,"bu","09:48:49",191100
64800,-700,900,"sd","09:49:00",192000
64800,-700,1200,"bu","09:49:04",193200
64800,-700,5000,"sd","09:49:05",198200
64700,-800,1000,"bu","09:49:06",199200
64800,-700,100,"bu","09:49:11",199300
64800,-700,4600,"sd","09:49:17",203900
64800,-700,300,"bu","09:49:20",204200
64800,-700,600,"sd","09:49:35",204800
64800,-700,2000,"sd","09:50:16",206800
65000,-500,800,"bu","09:50:25",207600
65000,-500,1000,"sd","09:50:26",208600
65000,-500,100,"sd","09:50:28",208700
65000,-500,900,"sd","09:50:56",209600
65000,-500,100,"bu","09:51:01",209700
65000,-500,500,"bu","09:51:09",210200
65000,-500,300,"bu","09:51:13",210500
64800,-700,400,"bu","09:51:23",210900
64900.00000000001,-600,500,"sd","09:51:41",211400
64900.00000000001,-600,200,"sd","09:51:47",211600
64900.00000000001,-600,500,"bu","09:51:49",212100
64900.00000000001,-600,200,"sd","09:51:50",212300
64900.00000000001,-600,300,"sd","09:51:51",212600
65000,-500,800,"bu","09:51:54",213400
65000,-500,200,"bu","09:51:56",213600
64900.00000000001,-600,400,"sd","09:52:00",214000
64900.00000000001,-600,500,"bu","09:52:01",214500
64900.00000000001,-600,1000,"bu","09:52:06",215500
64900.00000000001,-600,1100,"sd","09:52:19",216600
64900.00000000001,-600,300,"bu","09:52:21",216900
64900.00000000001,-600,500,"bu","09:52:23",217400
64900.00000000001,-600,600,"bu","09:52:25",218000
64900.00000000001,-600,1600,"sd","09:52:39",219600
64900.00000000001,-600,2000,"sd","09:53:21",221600
65000,-500,3000,"sd","09:53:56",224600
65000,-500,1100,"bu","09:54:28",225700
65000,-500,200,"bu","09:54:29",225900
65000,-500,500,"bu","09:54:35",226400
65000,-500,9000,"sd","09:54:41",235400
65000,-500,200,"sd","09:54:44",235600
65000,-500,5000,"sd","09:54:47",240600
65000,-500,500,"bu","09:54:48",241100
65000,-500,1000,"sd","09:54:53",242100
65099.99999999999,-400,3200,"sd","09:55:54",245300
65099.99999999999,-400,100,"bu","09:55:57",245400
65099.99999999999,-400,500,"bu","09:56:06",245900
64900.00000000001,-600,3000,"sd","09:56:12",248900
65099.99999999999,-400,500,"bu","09:56:18",249400
65099.99999999999,-400,2000,"bu","09:56:34",251400
65000,-500,500,"sd","09:56:36",251900
65099.99999999999,-400,100,"bu","09:56:46",252000
65099.99999999999,-400,1600,"bu","09:56:57",253600
65099.99999999999,-400,3100,"bu","09:57:17",256700
65099.99999999999,-400,400,"bu","09:57:25",257100
65099.99999999999,-400,200,"bu","09:57:27",257300
65099.99999999999,-400,1600,"sd","09:59:14",258900
65099.99999999999,-400,3100,"sd","09:59:34",262000
65200,-300,1000,"bu","10:00:03",263000
65200,-300,1300,"sd","10:00:10",264300
65200,-300,2700,"sd","10:00:22",267000
65200,-300,2700,"bu","10:01:01",269700
65200,-300,700,"bu","10:01:08",270400
65200,-300,2600,"bu","10:01:45",273000
65099.99999999999,-400,100,"sd","10:01:52",273100
65000,-500,11200,"bu","10:02:32",284300
65000,-500,200,"sd","10:02:39",284500
65000,-500,800,"bu","10:02:53",285300
65000,-500,3000,"bu","10:03:13",288300
65000,-500,100,"bu","10:03:35",288400
65000,-500,2100,"sd","10:04:13",290500
65000,-500,500,"sd","10:04:14",291000
65000,-500,2000,"sd","10:04:41",293000
65000,-500,1300,"sd","10:04:53",294300
65000,-500,400,"bu","10:05:02",294700
65000,-500,100,"sd","10:05:12",294800
65000,-500,1200,"bu","10:05:44",296000
65000,-500,200,"sd","10:06:12",296200
64900.00000000001,-600,400,"sd","10:06:36",296600
65000,-500,400,"sd","10:08:41",297000
65099.99999999999,-400,100,"sd","10:09:04",297100
65099.99999999999,-400,200,"sd","10:09:31",297300
65099.99999999999,-400,500,"sd","10:10:59",297800
65000,-500,100,"bu","10:11:07",297900
65000,-500,500,"sd","10:12:17",298400
65000,-500,3100,"bu","10:12:21",301500
65000,-500,200,"sd","10:12:41",301700
65000,-500,1500,"sd","10:13:24",303200
65000,-500,1000,"sd","10:13:26",304200
65000,-500,1000,"bu","10:13:53",305200
65000,-500,1000,"bu","10:14:07",306200
65000,-500,500,"sd","10:14:15",306700
65000,-500,500,"sd","10:14:18",307200
64900.00000000001,-600,9700,"bu","10:14:46",316900
64800,-700,300,"sd","10:16:05",317200
64800,-700,6000,"sd","10:16:13",323200
64800,-700,2200,"bu","10:18:22",325400
64800,-700,800,"bu","10:18:52",326200
64800,-700,1000,"sd","10:19:06",327200
64800,-700,2000,"sd","10:19:09",329200
64900.00000000001,-600,100,"bu","10:20:20",329300
64900.00000000001,-600,3000,"sd","10:21:24",332300
65000,-500,100,"sd","10:21:33",332400
64900.00000000001,-600,1800,"sd","10:23:16",334200
64800,-700,5500,"sd","10:23:28",339700
64900.00000000001,-600,100,"bu","10:23:41",339800
64900.00000000001,-600,600,"bu","10:23:47",340400
64900.00000000001,-600,100,"bu","10:24:27",340500
64800,-700,800,"sd","10:24:47",341300
64900.00000000001,-600,1800,"bu","10:24:54",343100
64800,-700,300,"bu","10:25:16",343400
64800,-700,5900,"sd","10:25:29",349300
64800,-700,100,"sd","10:25:35",349400
64800,-700,1800,"sd","10:25:45",351200
64900.00000000001,-600,100,"bu","10:25:57",351300
64900.00000000001,-600,1000,"sd","10:25:59",352300
64900.00000000001,-600,3800,"sd","10:26:48",356100
64900.00000000001,-600,500,"bu","10:27:38",356600
65000,-500,1000,"sd","10:28:22",357600
64900.00000000001,-600,100,"bu","10:28:36",357700
64900.00000000001,-600,500,"bu","10:28:57",358200
64900.00000000001,-600,2000,"sd","10:28:59",360200
64900.00000000001,-600,1300,"bu","10:29:30",361500
64900.00000000001,-600,900,"sd","10:29:48",362400
64900.00000000001,-600,100,"bu","10:30:17",362500
64900.00000000001,-600,300,"sd","10:30:27",362800
64900.00000000001,-600,500,"bu","10:30:30",363300
64900.00000000001,-600,900,"bu","10:30:41",364200
64900.00000000001,-600,200,"bu","10:30:52",364400
64800,-700,1300,"sd","10:32:12",365700
64800,-700,7000,"sd","10:32:44",372700
64800,-700,500,"sd","10:33:22",373200
64800,-700,200,"bu","10:35:08",373400
64800,-700,100,"bu","10:35:26",373500
64900.00000000001,-600,1100,"bu","10:36:16",374600
64900.00000000001,-600,2000,"sd","10:36:48",376600
64900.00000000001,-600,2000,"bu","10:37:21",378600
64900.00000000001,-600,1600,"bu","10:37:41",380200
64800,-700,10000,"bu","10:37:59",390200
64800,-700,1000,"sd","10:38:12",391200
64800,-700,4900,"bu","10:38:30",396100
64800,-700,1100,"bu","10:38:39",397200
64800,-700,100,"bu","10:38:56",397300
64800,-700,200,"bu","10:39:18",397500
64800,-700,300,"sd","10:40:00",397800
64700,-800,1700,"bu","10:40:55",399500
64700,-800,400,"sd","10:41:04",399900
64800,-700,5200,"bu","10:42:17",405100
64800,-700,300,"bu","10:42:28",405400
64800,-700,200,"bu","10:42:36",405600
64800,-700,500,"bu","10:42:44",406100
64800,-700,100,"bu","10:42:49",406200
64800,-700,300,"sd","10:43:25",406500
64800,-700,100,"bu","10:43:55",406600
64800,-700,300,"bu","10:44:04",406900
64800,-700,100,"sd","10:44:07",407000
64800,-700,500,"sd","10:44:50",407500
64800,-700,700,"sd","10:44:56",408200
64800,-700,300,"sd","10:45:00",408500
64800,-700,700,"sd","10:45:28",409200
64700,-800,100,"bu","10:45:55",409300
64700,-800,4400,"bu","10:46:30",413700
64700,-800,200,"bu","10:46:33",413900
64700,-800,600,"bu","10:47:32",414500
64700,-800,600,"bu","10:47:45",415100
64700,-800,2300,"bu","10:47:47",417400
64700,-800,2800,"sd","10:48:09",420200
64700,-800,1100,"bu","10:48:16",421300
64700,-800,800,"sd","10:48:21",422100
64700,-800,1400,"bu","10:48:46",423500
64700,-800,600,"sd","10:49:40",424100
64700,-800,800,"bu","10:49:58",424900
64700,-800,1000,"bu","10:50:40",425900
64700,-800,3000,"sd","10:52:00",428900
64700,-800,4700,"bu","10:52:15",433600
64700,-800,900,"sd","10:52:17",434500
64700,-800,300,"sd","10:52:21",434800
64700,-800,200,"bu","10:52:35",435000
64700,-800,300,"sd","10:52:52",435300
64599.99999999999,-900,3900,"sd","10:53:09",439200
64700,-800,100,"bu","10:53:24",439300
64700,-800,200,"bu","10:53:34",439500
64700,-800,100,"bu","10:53:40",439600
64700,-800,300,"sd","10:53:48",439900
64700,-800,4100,"sd","10:53:49",444000
64700,-800,200,"sd","10:53:59",444200
64700,-800,500,"sd","10:54:05",444700
64800,-700,2100,"sd","10:54:49",446800
64800,-700,3300,"bu","10:54:57",450100
64800,-700,200,"sd","10:55:05",450300
64800,-700,1000,"bu","10:56:05",451300
64800,-700,400,"sd","10:57:01",451700
64800,-700,200,"bu","10:57:25",451900
64800,-700,300,"bu","10:57:52",452200
64900.00000000001,-600,600,"bu","10:57:57",452800
64900.00000000001,-600,600,"sd","10:57:59",453400
64800,-700,5000,"sd","10:58:00",458400
64800,-700,600,"sd","10:59:50",459000
64900.00000000001,-600,200,"sd","11:00:21",459200
64900.00000000001,-600,100,"bu","11:01:01",459300
64900.00000000001,-600,200,"bu","11:01:38",459500
64900.00000000001,-600,700,"sd","11:05:50",460200
64900.00000000001,-600,3600,"sd","11:06:36",463800
64900.00000000001,-600,100,"sd","11:06:47",463900
64900.00000000001,-600,1600,"bu","11:08:21",465500
64900.00000000001,-600,600,"bu","11:10:56",466100
64900.00000000001,-600,9100,"sd","11:12:01",475200
64900.00000000001,-600,1300,"bu","11:14:27",476500
64900.00000000001,-600,3000,"sd","11:16:16",479500
64900.00000000001,-600,100,"sd","11:16:54",479600
64900.00000000001,-600,2000,"bu","11:29:30",481600
64900.00000000001,-600,700,"sd","11:29:34",482300
64800,-700,1000,"sd","13:00:18",483300
64800,-700,100,"sd","13:00:19",483400
64800,-700,5500,"sd","13:00:30",488900
64800,-700,600,"sd","13:00:32",489500
64900.00000000001,-600,100,"sd","13:00:35",489600
64800,-700,500,"sd","13:01:14",490100
64800,-700,500,"sd","13:01:18",490600
64800,-700,500,"bu","13:01:30",491100
64800,-700,500,"bu","13:01:41",491600
64800,-700,300,"sd","13:01:54",491900
64800,-700,200,"bu","13:02:06",492100
64800,-700,2000,"bu","13:02:12",494100
64800,-700,500,"bu","13:02:13",494600
64800,-700,1600,"bu","13:02:15",496200
64800,-700,100,"bu","13:02:27",496300
64700,-800,1100,"bu","13:02:48",497400
64700,-800,10500,"bu","13:03:11",507900
64700,-800,4000,"bu","13:03:15",511900
64800,-700,9000,"bu","13:03:28",520900
64900.00000000001,-600,200,"sd","13:03:51",521100
64900.00000000001,-600,100,"sd","13:04:18",521200
64800,-700,300,"bu","13:04:38",521500
64900.00000000001,-600,100,"sd","13:05:37",521600
64900.00000000001,-600,17400,"bu","13:06:03",539000
64900.00000000001,-600,200,"sd","13:07:13",539200
64900.00000000001,-600,500,"bu","13:07:45",539700
64900.00000000001,-600,100,"bu","13:08:00",539800
64900.00000000001,-600,2000,"sd","13:08:08",541800
64900.00000000001,-600,300,"sd","13:08:11",542100
64900.00000000001,-600,100,"bu","13:08:30",542200
64900.00000000001,-600,200,"bu","13:08:33",542400
64800,-700,3900,"bu","13:08:56",546300
64700,-800,500,"bu","13:09:33",546800
64800,-700,100,"bu","13:09:35",546900
64800,-700,300,"bu","13:09:46",547200
64800,-700,100,"sd","13:10:01",547300
64700,-800,800,"bu","13:10:02",548100
64700,-800,2800,"sd","13:10:07",550900
64700,-800,100,"sd","13:10:16",551000
64800,-700,200,"sd","13:10:17",551200
64800,-700,100,"sd","13:10:24",551300
64800,-700,200,"sd","13:10:39",551500
64800,-700,3000,"sd","13:10:47",554500
64900.00000000001,-600,1500,"sd","13:11:03",556000
64900.00000000001,-600,100,"bu","13:12:54",556100
64800,-700,1000,"sd","13:12:56",557100
64800,-700,2300,"bu","13:13:23",559400
64700,-800,2000,"bu","13:13:56",561400
64800,-700,100,"bu","13:14:29",561500
64800,-700,500,"bu","13:14:51",562000
64800,-700,500,"bu","13:15:00",562500
64800,-700,100,"bu","13:15:25",562600
64800,-700,300,"bu","13:15:34",562900
64800,-700,100,"sd","13:15:39",563000
64700,-800,1100,"bu","13:16:17",564100
64700,-800,5000,"sd","13:16:59",569100
64800,-700,1600,"sd","13:17:13",570700
64800,-700,100,"bu","13:17:55",570800
64700,-800,200,"sd","13:18:18",571000
64700,-800,3000,"sd","13:18:41",574000
64700,-800,5000,"bu","13:18:47",579000
64700,-800,100,"sd","13:18:49",579100
64599.99999999999,-900,400,"bu","13:19:08",579500
64599.99999999999,-900,6200,"bu","13:19:42",585700
64700,-800,300,"bu","13:19:48",586000
64700,-800,100,"bu","13:20:07",586100
64700,-800,2200,"bu","13:20:39",588300
64700,-800,100,"bu","13:20:50",588400
64700,-800,500,"bu","13:20:55",588900
64700,-800,500,"bu","13:20:57",589400
64700,-800,100,"bu","13:20:59",589500
64700,-800,200,"bu","13:21:02",589700
64700,-800,300,"sd","13:21:05",590000
64700,-800,800,"sd","13:21:16",590800
64700,-800,500,"sd","13:21:23",591300
64700,-800,200,"bu","13:21:25",591500
64700,-800,6300,"sd","13:21:34",597800
64700,-800,100,"sd","13:21:35",597900
64800,-700,700,"bu","13:22:28",598600
64800,-700,800,"bu","13:23:04",599400
64800,-700,600,"sd","13:23:23",600000
64800,-700,100,"bu","13:23:43",600100
64800,-700,1800,"sd","13:24:03",601900
64800,-700,1200,"bu","13:25:03",603100
64800,-700,3000,"bu","13:25:18",606100
64800,-700,100,"sd","13:25:26",606200
64800,-700,500,"sd","13:26:00",606700
64800,-700,3000,"bu","13:26:04",609700
64800,-700,200,"sd","13:26:11",609900
64800,-700,300,"bu","13:26:15",610200
64800,-700,100,"bu","13:26:26",610300
64800,-700,500,"sd","13:26:35",610800
64800,-700,500,"sd","13:26:52",611300
64800,-700,500,"bu","13:26:54",611800
64700,-800,1000,"sd","13:27:05",612800
64800,-700,1000,"sd","13:27:11",613800
64800,-700,400,"bu","13:27:15",614200
64800,-700,100,"sd","13:27:19",614300
64800,-700,1300,"sd","13:27:51",615600
64800,-700,100,"sd","13:28:06",615700
64800,-700,1600,"sd","13:28:20",617300
64800,-700,1000,"sd","13:28:21",618300
64800,-700,300,"bu","13:28:27",618600
64800,-700,400,"bu","13:28:55",619000
64800,-700,100,"sd","13:28:59",619100
64800,-700,500,"bu","13:29:24",619600
64800,-700,100,"sd","13:29:26",619700
64800,-700,2100,"sd","13:31:25",621800
64900.00000000001,-600,500,"bu","13:32:06",622300
64900.00000000001,-600,100,"bu","13:32:13",622400
64900.00000000001,-600,2000,"sd","13:32:26",624400
64900.00000000001,-600,100,"bu","13:32:43",624500
64900.00000000001,-600,1100,"sd","13:34:24",625600
64900.00000000001,-600,1000,"sd","13:34:42",626600
64900.00000000001,-600,500,"sd","13:34:44",627100
64900.00000000001,-600,1000,"bu","13:34:46",628100
64900.00000000001,-600,100,"bu","13:34:52",628200
64900.00000000001,-600,1100,"sd","13:35:16",629300
64900.00000000001,-600,1700,"sd","13:35:20",631000
64900.00000000001,-600,800,"sd","13:35:26",631800
64900.00000000001,-600,200,"bu","13:35:57",632000
64900.00000000001,-600,100,"bu","13:36:25",632100
64900.00000000001,-600,400,"bu","13:37:21",632500
64900.00000000001,-600,1200,"bu","13:37:36",633700
64900.00000000001,-600,100,"sd","13:38:17",633800
64900.00000000001,-600,500,"bu","13:38:29",634300
64800,-700,3000,"bu","13:39:01",637300
64900.00000000001,-600,500,"bu","13:39:17",637800
64800,-700,10000,"bu","13:39:25",647800
64700,-800,2000,"sd","13:39:30",649800
64700,-800,1000,"bu","13:39:39",650800
64700,-800,300,"bu","13:40:02",651100
64800,-700,300,"sd","13:40:46",651400
64800,-700,1200,"bu","13:40:56",652600
64800,-700,100,"bu","13:41:18",652700
64800,-700,500,"sd","13:41:24",653200
64800,-700,500,"bu","13:41:54",653700
64800,-700,200,"sd","13:42:13",653900
64800,-700,100,"bu","13:42:24",654000
64700,-800,2000,"bu","13:42:31",656000
64800,-700,1000,"sd","13:42:37",657000
64700,-800,600,"bu","13:43:14",657600
64700,-800,100,"bu","13:43:16",657700
64700,-800,2000,"sd","13:43:20",659700
64700,-800,100,"sd","13:43:24",659800
64700,-800,1100,"bu","13:43:50",660900
64700,-800,600,"sd","13:43:54",661500
64700,-800,900,"sd","13:43:58",662400
64599.99999999999,-900,10300,"sd","13:44:18",672700
64599.99999999999,-900,100,"sd","13:44:25",672800
64700,-800,400,"bu","13:44:38",673200
64700,-800,100,"bu","13:45:13",673300
64599.99999999999,-900,2000,"sd","13:45:23",675300
64599.99999999999,-900,6700,"sd","13:45:28",682000
64599.99999999999,-900,300,"sd","13:45:45",682300
64599.99999999999,-900,500,"sd","13:46:01",682800
64599.99999999999,-900,800,"sd","13:46:11",683600
64599.99999999999,-900,100,"bu","13:46:16",683700
64599.99999999999,-900,300,"bu","13:46:26",684000
64599.99999999999,-900,500,"sd","13:46:28",684500
64599.99999999999,-900,100,"sd","13:46:33",684600
64599.99999999999,-900,1200,"sd","13:46:50",685800
64599.99999999999,-900,200,"sd","13:46:59",686000
64500,-1000,1600,"bu","13:47:12",687600
64500,-1000,500,"bu","13:47:51",688100
64500,-1000,500,"bu","13:48:04",688600
64599.99999999999,-900,200,"bu","13:48:06",688800
64500,-1000,10000,"sd","13:48:10",698800
64500,-1000,10100,"sd","13:48:12",708900
64599.99999999999,-900,100,"sd","13:48:14",709000
64500,-1000,1100,"sd","13:48:27",710100
64500,-1000,12900,"sd","13:48:35",723000
64599.99999999999,-900,1800,"sd","13:48:39",724800
64599.99999999999,-900,300,"bu","13:48:43",725100
64599.99999999999,-900,500,"sd","13:48:47",725600
64599.99999999999,-900,300,"bu","13:48:50",725900
64599.99999999999,-900,1000,"sd","13:48:57",726900
64599.99999999999,-900,200,"bu","13:48:58",727100
64500,-1000,4500,"sd","13:49:09",731600
64500,-1000,500,"sd","13:49:16",732100
64599.99999999999,-900,100,"sd","13:49:18",732200
64500,-1000,300,"bu","13:49:33",732500
64599.99999999999,-900,100,"sd","13:49:35",732600
64500,-1000,15000,"sd","13:49:45",747600
64500,-1000,4000,"bu","13:49:51",751600
64500,-1000,100,"bu","13:49:58",751700
64500,-1000,10600,"sd","13:50:07",762300
64500,-1000,1500,"bu","13:50:16",763800
64500,-1000,100,"sd","13:50:33",763900
64500,-1000,200,"bu","13:50:40",764100
64500,-1000,300,"sd","13:50:47",764400
64400.00000000001,-1100,5000,"sd","13:50:49",769400
64400.00000000001,-1100,500,"bu","13:50:54",769900
64500,-1000,1100,"sd","13:51:26",771000
64500,-1000,500,"bu","13:51:29",771500
64500,-1000,3000,"sd","13:51:34",774500
64500,-1000,200,"bu","13:51:46",774700
64500,-1000,200,"sd","13:51:48",774900
64500,-1000,100,"sd","13:52:05",775000
64500,-1000,200,"bu","13:52:15",775200
64500,-1000,500,"sd","13:52:25",775700
64500,-1000,300,"bu","13:52:27",776000
64500,-1000,4700,"bu","13:52:29",780700
64500,-1000,300,"bu","13:52:38",781000
64500,-1000,4600,"bu","13:52:42",785600
64500,-1000,2400,"sd","13:52:48",788000
64500,-1000,100,"bu","13:52:49",788100
64500,-1000,200,"bu","13:52:51",788300
64500,-1000,1000,"sd","13:53:02",789300
64500,-1000,300,"bu","13:53:12",789600
64500,-1000,500,"bu","13:53:14",790100
64500,-1000,600,"bu","13:53:17",790700
64500,-1000,100,"sd","13:53:24",790800
64500,-1000,1200,"bu","13:53:26",792000
64599.99999999999,-900,100,"sd","13:54:10",792100
64599.99999999999,-900,400,"sd","13:54:15",792500
64700,-800,100,"bu","13:54:24",792600
64700,-800,2800,"sd","13:56:22",795400
64700,-800,100,"sd","13:56:56",795500
64700,-800,900,"bu","13:57:20",796400
64700,-800,200,"bu","13:57:24",796600
64700,-800,300,"bu","13:57:26",796900
64700,-800,200,"bu","13:57:39",797100
64700,-800,100,"bu","13:59:17",797200
64700,-800,1500,"sd","13:59:54",798700
64800,-700,1500,"sd","14:00:01",800200
64800,-700,3200,"sd","14:00:32",803400
64800,-700,1500,"sd","14:00:54",804900
64700,-800,1000,"sd","14:01:33",805900
64700,-800,2300,"sd","14:01:46",808200
64599.99999999999,-900,700,"sd","14:02:11",808900
64599.99999999999,-900,500,"bu","14:02:15",809400
64500,-1000,1500,"sd","14:02:33",810900
64500,-1000,6600,"bu","14:02:45",817500
64400.00000000001,-1100,500,"sd","14:03:14",818000
64400.00000000001,-1100,2800,"sd","14:03:16",820800
64400.00000000001,-1100,300,"sd","14:03:34",821100
64500,-1000,500,"sd","14:03:36",821600
64400.00000000001,-1100,100,"sd","14:03:43",821700
64400.00000000001,-1100,5700,"sd","14:03:48",827400
64400.00000000001,-1100,400,"sd","14:03:52",827800
64400.00000000001,-1100,1500,"bu","14:03:54",829300
64400.00000000001,-1100,2000,"bu","14:04:02",831300
64400.00000000001,-1100,1400,"bu","14:04:05",832700
64300,-1200,400,"bu","14:04:21",833100
64300,-1200,1500,"sd","14:04:34",834600
64300,-1200,4200,"sd","14:04:48",838800
64300,-1200,500,"sd","14:04:50",839300
64400.00000000001,-1100,1400,"sd","14:05:21",840700
64300,-1200,300,"sd","14:05:36",841000
64400.00000000001,-1100,200,"sd","14:05:47",841200
64300,-1200,300,"bu","14:05:55",841500
64300,-1200,3600,"sd","14:06:05",845100
64300,-1200,2200,"bu","14:06:11",847300
64300,-1200,1000,"sd","14:06:35",848300
64400.00000000001,-1100,4200,"sd","14:06:37",852500
64400.00000000001,-1100,200,"sd","14:06:48",852700
64400.00000000001,-1100,1000,"bu","14:06:53",853700
64400.00000000001,-1100,200,"bu","14:06:56",853900
64400.00000000001,-1100,5200,"sd","14:06:58",859100
64400.00000000001,-1100,3500,"bu","14:07:00",862600
64599.99999999999,-900,1700,"bu","14:07:22",864300
64700,-800,300,"bu","14:07:26",864600
64700,-800,1700,"sd","14:07:39",866300
64800,-700,11800,"sd","14:07:51",878100
64800,-700,700,"bu","14:07:53",878800
64900.00000000001,-600,100,"sd","14:08:01",878900
64800,-700,300,"sd","14:08:07",879200
64900.00000000001,-600,3000,"bu","14:08:10",882200
64900.00000000001,-600,2900,"sd","14:08:34",885100
64900.00000000001,-600,100,"bu","14:08:37",885200
65000,-500,2000,"sd","14:08:41",887200
64900.00000000001,-600,200,"bu","14:08:44",887400
64900.00000000001,-600,100,"sd","14:08:51",887500
65000,-500,3000,"sd","14:08:57",890500
65000,-500,1000,"sd","14:09:05",891500
65000,-500,2000,"bu","14:09:12",893500
65000,-500,3700,"sd","14:09:15",897200
65099.99999999999,-400,2000,"bu","14:09:38",899200
65099.99999999999,-400,500,"bu","14:09:43",899700
65099.99999999999,-400,1200,"bu","14:10:14",900900
65000,-500,400,"sd","14:10:28",901300
65099.99999999999,-400,100,"sd","14:10:30",901400
65000,-500,5000,"sd","14:10:40",906400
65000,-500,200,"sd","14:10:48",906600
65000,-500,2000,"bu","14:10:51",908600
65000,-500,100,"bu","14:11:21",908700
64900.00000000001,-600,11300,"bu","14:11:26",920000
65000,-500,100,"bu","14:11:41",920100
65200,-300,3900,"sd","14:11:45",924000
65200,-300,100,"sd","14:11:47",924100
65200,-300,1000,"sd","14:11:54",925100
65200,-300,200,"bu","14:11:56",925300
65200,-300,2000,"sd","14:12:01",927300
65200,-300,200,"sd","14:12:03",927500
65200,-300,2600,"sd","14:12:06",930100
65200,-300,500,"sd","14:12:14",930600
65200,-300,600,"bu","14:12:36",931200
65200,-300,1600,"bu","14:13:14",932800
65000,-500,1300,"sd","14:13:27",934100
65000,-500,100,"bu","14:13:35",934200
64900.00000000001,-600,4500,"sd","14:14:48",938700
64900.00000000001,-600,1700,"bu","14:14:50",940400
64900.00000000001,-600,300,"sd","14:14:56",940700
64900.00000000001,-600,100,"sd","14:14:58",940800
64800,-700,2300,"bu","14:15:14",943100
64800,-700,100,"sd","14:15:27",943200
64800,-700,2900,"bu","14:16:22",946100
64800,-700,500,"sd","14:16:34",946600
64800,-700,2000,"bu","14:16:41",948600
64800,-700,200,"sd","14:16:49",948800
64800,-700,1000,"bu","14:17:00",949800
64800,-700,500,"sd","14:17:03",950300
64800,-700,200,"sd","14:17:09",950500
64800,-700,100,"sd","14:17:20",950600
64800,-700,600,"bu","14:17:41",951200
64800,-700,200,"bu","14:17:44",951400
64800,-700,1000,"sd","14:17:46",952400
64800,-700,2500,"sd","14:17:49",954900
64800,-700,2700,"bu","14:18:14",957600
64800,-700,800,"sd","14:18:27",958400
64800,-700,400,"bu","14:18:44",958800
64800,-700,2000,"sd","14:18:47",960800
64800,-700,1100,"sd","14:18:49",961900
64800,-700,4300,"bu","14:19:13",966200
64800,-700,300,"sd","14:19:22",966500
64800,-700,400,"sd","14:19:30",966900
64800,-700,1600,"sd","14:19:32",968500
64800,-700,100,"sd","14:19:34",968600
64800,-700,3000,"bu","14:19:42",971600
64700,-800,400,"sd","14:19:49",972000
64700,-800,500,"bu","14:20:11",972500
64700,-800,5800,"sd","14:20:16",978300
64700,-800,500,"bu","14:20:28",978800
64700,-800,200,"bu","14:20:31",979000
64700,-800,100,"bu","14:20:41",979100
64700,-800,200,"bu","14:20:49",979300
64700,-800,2400,"sd","14:20:51",981700
64700,-800,400,"sd","14:21:02",982100
64700,-800,1000,"bu","14:21:10",983100
64599.99999999999,-900,1300,"sd","14:21:21",984400
64700,-800,3400,"bu","14:21:24",987800
64700,-800,1700,"bu","14:21:36",989500
64700,-800,1000,"bu","14:21:56",990500
64500,-1000,2000,"bu","14:21:59",992500
64599.99999999999,-900,200,"bu","14:22:02",992700
64599.99999999999,-900,1800,"bu","14:22:05",994500
64599.99999999999,-900,200,"sd","14:22:20",994700
64500,-1000,1900,"sd","14:22:23",996600
64500,-1000,2000,"bu","14:22:26",998600
64500,-1000,400,"bu","14:22:47",999000
64500,-1000,800,"bu","14:22:55",999800
64500,-1000,8700,"bu","14:24:11",1008500
64599.99999999999,-900,200,"sd","14:24:46",1008700
64500,-1000,300,"bu","14:24:51",1009000
64599.99999999999,-900,1000,"sd","14:25:42",1010000
64599.99999999999,-900,1400,"sd","14:25:45",1011400
64599.99999999999,-900,100,"sd","14:25:47",1011500
64599.99999999999,-900,3000,"sd","14:25:52",1014500
64599.99999999999,-900,600,"sd","14:26:08",1015100
64599.99999999999,-900,300,"bu","14:26:13",1015400
64599.99999999999,-900,1200,"bu","14:26:43",1016600
64599.99999999999,-900,3000,"bu","14:26:52",1019600
64500,-1000,10000,"bu","14:26:55",1029600
64599.99999999999,-900,500,"sd","14:27:03",1030100
64500,-1000,3100,"bu","14:27:08",1033200
64500,-1000,2100,"bu","14:27:10",1035300
64500,-1000,100,"sd","14:27:13",1035400
64500,-1000,200,"bu","14:27:26",1035600
64500,-1000,3000,"bu","14:27:34",1038600
64500,-1000,800,"bu","14:27:40",1039400
64500,-1000,500,"sd","14:27:45",1039900
64500,-1000,100,"sd","14:27:52",1040000
64500,-1000,2100,"sd","14:27:58",1042100
64400.00000000001,-1100,2100,"bu","14:28:00",1044200
64500,-1000,500,"bu","14:28:06",1044700
64500,-1000,1000,"bu","14:28:09",1045700
64500,-1000,100,"bu","14:28:18",1045800
64500,-1000,3300,"bu","14:28:21",1049100
64500,-1000,1200,"sd","14:28:44",1050300
64500,-1000,1100,"bu","14:28:51",1051400
64500,-1000,500,"bu","14:28:59",1051900
64500,-1000,2900,"bu","14:29:16",1054800
64500,-1000,200,"bu","14:29:19",1055000
64500,-1000,100,"sd","14:29:22",1055100
64500,-1000,400,"sd","14:29:29",1055500
64500,-1000,300,"bu","14:29:42",1055800
64500,-1000,1300,"sd","14:29:54",1057100
64400.00000000001,-1100,2000,"sd","14:29:57",1059100
64500,-1000,300,"sd","14:30:01",1059400
64400.00000000001,-1100,77600,"sd","14:45:06",1137000
