"price","change","match_qtty","side","time","total_vol"
25800,150,118600,"bu","09:15:02",118600
25800,150,100,"bu","09:15:18",118700
25800,150,700,"sd","09:15:22",119400
25800,150,100,"bu","09:15:24",119500
25700,50,10000,"sd","09:15:39",129500
25700,50,2000,"sd","09:15:45",131500
25550,-100,50000,"bu","09:15:53",181500
25650,0,500,"sd","09:15:54",182000
25650,0,100,"sd","09:16:14",182100
25650,0,400,"bu","09:16:18",182500
25650,0,8800,"sd","09:16:53",191300
25700,50,5500,"sd","09:17:06",196800
25700,50,300,"sd","09:17:07",197100
25700,50,1000,"sd","09:17:16",198100
25700,50,3200,"sd","09:17:23",201300
25700,50,7000,"sd","09:17:32",208300
25700,50,300,"bu","09:17:42",208800
25700,50,1000,"bu","09:17:43",209800
25650,0,8000,"bu","09:17:45",217800
25650,0,2000,"bu","09:17:58",219800
25650,0,3500,"bu","09:18:50",223300
25650,0,100,"bu","09:18:54",223400
25650,0,5000,"sd","09:19:01",228400
25650,0,15600,"sd","09:19:14",244000
25650,0,1000,"bu","09:19:16",245000
25650,0,200,"bu","09:19:16",245200
25650,0,500,"sd","09:19:29",245700
25650,0,11000,"sd","09:19:59",256700
25650,0,800,"sd","09:20:00",257500
25650,0,2000,"bu","09:20:02",259500
25650,0,20200,"bu","09:20:04",279700
25650,0,100,"sd","09:20:18",279800
25650,0,23300,"bu","09:20:25",303100
25650,0,1000,"sd","09:20:28",304100
25650,0,2000,"sd","09:20:31",306100
25650,0,400,"bu","09:20:45",306500
25650,0,23300,"sd","09:20:49",329800
25650,0,1000,"sd","09:20:58",330800
25650,0,500,"bu","09:21:04",331300
25650,0,9200,"bu","09:21:12",340500
25650,0,20000,"sd","09:21:18",360500
25650,0,300,"sd","09:21:33",360800
25650,0,2000,"bu","09:21:37",362800
25650,0,1000,"sd","09:21:41",363800
25650,0,18400,"bu","09:21:42",382200
25650,0,10000,"sd","09:21:51",392200
25650,0,27300,"bu","09:21:54",419500
25650,0,5900,"bu","09:22:02",425400
25650,0,300,"sd","09:22:10",425700
25650,0,5000,"sd","09:22:12",430700
25650,0,13500,"bu","09:22:21",444200
25650,0,3000,"sd","09:22:24",447200
25650,0,16900,"sd","09:22:38",464100
25650,0,200,"bu","09:22:51",464300
25700,50,2100,"sd","09:22:58",466400
25700,50,200,"sd","09:23:08",466600
25700,50,2400,"bu","09:23:27",469000
25700,50,2000,"bu","09:23:35",471000
25700,50,30000,"bu","09:23:37",501000
25700,50,200,"bu","09:23:38",501200
25700,50,500,"sd","09:23:42",501700
25700,50,1900,"sd","09:24:11",503600
25700,50,200,"bu","09:24:22",503800
25700,50,500,"bu","09:24:24",504300
25700,50,100,"sd","09:24:42",504400
25700,50,10200,"bu","09:25:10",514600
25700,50,100,"bu","09:25:15",514700
25700,50,300,"bu","09:25:32",515000
25700,50,2300,"sd","09:25:34",517300
25700,50,2700,"sd","09:25:40",520000
25700,50,100,"sd","09:26:24",520100
25700,50,3200,"bu","09:26:26",523300
25700,50,16500,"sd","09:26:38",539800
25650,0,2000,"sd","09:26:51",541800
25700,50,1000,"sd","09:27:22",542800
25650,0,1000,"bu","09:27:33",543800
25650,0,800,"bu","09:27:47",544600
25650,0,1000,"bu","09:27:56",545600
25650,0,30000,"bu","09:28:12",575600
25700,50,100,"bu","09:28:16",575700
25650,0,50000,"sd","09:28:25",625700
25650,0,1300,"sd","09:28:28",627000
25650,0,100,"sd","09:28:34",627100
25650,0,25000,"bu","09:28:40",652100
25650,0,200,"sd","09:28:43",652300
25650,0,25000,"bu","09:28:47",677300
25700,50,100,"sd","09:29:27",677400
25650,0,1800,"bu","09:29:35",679200
25700,50,400,"sd","09:29:36",679600
25650,0,10000,"bu","09:29:37",689600
25650,0,3600,"bu","09:29:52",693200
25700,50,300,"sd","09:29:53",693500
25650,0,1300,"bu","09:30:01",694800
25700,50,100,"bu","09:30:19",694900
25650,0,5000,"bu","09:30:25",699900
25650,0,30000,"bu","09:30:32",729900
25650,0,2000,"bu","09:30:33",731900
25650,0,1700,"sd","09:30:40",733600
25650,0,100,"sd","09:30:45",733700
25650,0,18200,"sd","09:30:47",751900
25650,0,1000,"bu","09:30:53",752900
25650,0,1000,"sd","09:30:58",753900
25650,0,1800,"bu","09:31:08",755700
25650,0,500,"bu","09:31:24",756200
25650,0,1000,"sd","09:31:28",757200
25650,0,11000,"sd","09:31:29",768200
25650,0,9800,"sd","09:31:43",778000
25650,0,10700,"bu","09:31:48",788700
25650,0,700,"bu","09:33:06",789400
25700,50,500,"bu","09:33:09",789900
25650,0,300,"bu","09:33:14",790200
25700,50,1000,"sd","09:33:25",791200
25650,0,100,"sd","09:33:34",791300
25700,50,2100,"bu","09:35:16",793400
25650,0,5500,"bu","09:35:57",798900
25650,0,17000,"bu","09:36:27",815900
25650,0,8000,"bu","09:36:28",823900
25650,0,13700,"bu","09:36:39",837600
25650,0,600,"bu","09:36:54",838200
25650,0,13700,"sd","09:36:55",851900
25650,0,30000,"bu","09:37:00",881900
25650,0,200,"bu","09:37:10",882100
25650,0,8000,"bu","09:37:20",890100
25650,0,300,"sd","09:37:31",890400
25650,0,14700,"sd","09:37:50",905100
25700,50,600,"bu","09:38:02",905700
25650,0,2000,"bu","09:39:01",907700
25650,0,500,"bu","09:39:36",908200
25650,0,2000,"bu","09:39:48",910200
25700,50,100,"bu","09:40:28",910300
25650,0,200,"bu","09:41:05",910500
25650,0,9700,"sd","09:41:08",920200
25650,0,20000,"bu","09:41:24",940200
25650,0,5000,"bu","09:41:25",945200
25650,0,4000,"bu","09:41:25",949200
25650,0,500,"sd","09:41:34",949700
25650,0,4200,"bu","09:41:44",953900
25650,0,1000,"bu","09:42:28",954900
25600,-50,3000,"bu","09:42:41",957900
25600,-50,600,"bu","09:42:45",958500
25650,0,100,"sd","09:42:46",958600
25600,-50,1000,"sd","09:43:55",959600
25650,0,200,"bu","09:44:05",959800
25600,-50,3500,"bu","09:44:39",963300
25600,-50,300,"bu","09:45:17",963600
25600,-50,500,"sd","09:45:27",964100
25600,-50,10000,"sd","09:45:46",974100
25650,0,200,"sd","09:45:47",974300
25600,-50,500,"bu","09:45:56",974800
25600,-50,30000,"sd","09:45:57",1004800
25600,-50,200,"bu","09:46:04",1005000
25600,-50,5300,"sd","09:46:09",1010300
25600,-50,12200,"bu","09:46:18",1030300
25600,-50,25000,"bu","09:46:20",1055300
25600,-50,15500,"sd","09:46:24",1070800
25550,-100,3000,"bu","09:47:30",1073800
25550,-100,19900,"bu","09:47:33",1093700
25550,-100,1000,"bu","09:47:50",1094700
25600,-50,200,"bu","09:47:53",1094900
25550,-100,500,"bu","09:47:59",1095400
25550,-100,1000,"bu","09:48:09",1096400
25600,-50,50000,"sd","09:48:10",1146400
25600,-50,1000,"bu","09:48:30",1147400
25600,-50,2000,"bu","09:48:36",1149400
25600,-50,18000,"bu","09:48:39",1167400
25600,-50,500,"sd","09:48:46",1167900
25650,0,200,"bu","09:48:51",1168100
25650,0,1000,"bu","09:49:19",1169100
25600,-50,200,"sd","09:49:35",1169300
25600,-50,100,"bu","09:50:00",1169400
25600,-50,3500,"bu","09:50:10",1172900
25600,-50,1300,"bu","09:50:14",1174200
25600,-50,600,"sd","09:50:18",1174800
25600,-50,26800,"sd","09:50:48",1201600
25600,-50,5000,"sd","09:51:29",1206600
25600,-50,14100,"sd","09:51:56",1220700
25600,-50,200,"bu","09:52:12",1220900
25600,-50,25000,"bu","09:52:40",1245900
25600,-50,2600,"sd","09:52:48",1248500
25600,-50,100,"sd","09:53:21",1248600
25650,0,600,"bu","09:53:29",1249200
25600,-50,2000,"bu","09:53:38",1251200
25650,0,1000,"bu","09:53:45",1252200
25650,0,1500,"bu","09:55:46",1253700
25650,0,10000,"sd","09:56:15",1263700
25650,0,2000,"sd","09:56:31",1265700
25650,0,10000,"sd","09:56:47",1275700
25650,0,20000,"sd","09:57:14",1295700
25650,0,9900,"bu","09:57:25",1305600
25650,0,17500,"bu","09:57:26",1323100
25650,0,100,"bu","09:57:30",1323200
25700,50,2000,"bu","09:57:34",1325200
25650,0,100,"bu","09:58:29",1325300
25650,0,6400,"bu","09:58:57",1331700
25650,0,4900,"bu","09:59:30",1336600
25650,0,100,"sd","09:59:31",1336700
25650,0,300,"sd","10:00:10",1337000
25650,0,5200,"bu","10:00:11",1342200
25700,50,2000,"bu","10:00:22",1344200
25650,0,3300,"bu","10:00:29",1347500
25700,50,1000,"sd","10:00:47",1348500
25650,0,5000,"bu","10:01:45",1353500
25700,50,1000,"sd","10:01:51",1354500
25650,0,5000,"bu","10:02:04",1359500
25650,0,700,"bu","10:02:15",1360200
25650,0,7000,"bu","10:02:42",1367200
25650,0,8100,"bu","10:02:53",1375300
25700,50,1000,"bu","10:02:59",1376300
25700,50,1100,"bu","10:03:19",1377400
25700,50,500,"bu","10:04:00",1377900
25700,50,100,"bu","10:04:04",1378000
25700,50,10000,"bu","10:04:15",1388000
25700,50,1000,"bu","10:04:22",1389000
25650,0,5400,"bu","10:04:34",1394400
25700,50,1000,"sd","10:04:41",1395400
25650,0,100,"bu","10:04:58",1395500
25700,50,1000,"sd","10:05:07",1396500
25650,0,100,"sd","10:05:08",1396600
25700,50,2000,"bu","10:05:13",1398600
25700,50,1000,"bu","10:05:21",1399600
25700,50,30000,"sd","10:05:36",1429600
25700,50,5000,"bu","10:05:43",1434600
25700,50,25500,"bu","10:05:44",1460100
25700,50,1500,"sd","10:05:45",1461600
25700,50,6200,"sd","10:05:46",1467800
25700,50,1900,"sd","10:05:54",1469700
25750,100,1000,"sd","10:05:56",1470700
25700,50,500,"bu","10:06:22",1471200
25750,100,1000,"bu","10:06:28",1472200
25700,50,2000,"sd","10:06:38",1474200
25750,100,1000,"sd","10:06:43",1475200
25750,100,2000,"sd","10:06:51",1477200
25750,100,300,"sd","10:06:53",1477500
25750,100,3000,"sd","10:07:00",1480500
25750,100,28000,"sd","10:07:30",1508500
25750,100,10000,"bu","10:07:31",1518500
25750,100,12000,"bu","10:07:35",1530500
25750,100,30000,"bu","10:07:55",1560500
25750,100,1000,"bu","10:07:57",1561500
25750,100,11700,"sd","10:07:59",1573200
25750,100,200,"sd","10:08:01",1573400
25750,100,700,"sd","10:08:03",1574100
25800,150,1000,"sd","10:08:07",1575100
25800,150,100,"bu","10:08:08",1575200
25800,150,2000,"bu","10:08:33",1577200
25750,100,15000,"bu","10:09:20",1592200
25750,100,100,"bu","10:09:26",1592300
25750,100,600,"sd","10:09:53",1592900
25750,100,5000,"bu","10:09:54",1597900
25750,100,200,"bu","10:09:55",1598100
25700,50,1000,"bu","10:09:56",1599100
25700,50,6600,"bu","10:10:16",1605700
25750,100,1700,"sd","10:10:16",1607400
25750,100,300,"bu","10:10:21",1607700
25750,100,500,"sd","10:10:31",1608200
25750,100,200,"sd","10:10:34",1608400
25750,100,3000,"bu","10:11:25",1611400
25750,100,10000,"bu","10:11:34",1621400
25700,50,5000,"sd","10:12:10",1626400
25750,100,1000,"bu","10:12:21",1627400
25700,50,1300,"bu","10:12:37",1628700
25700,50,30000,"sd","10:12:49",1658700
25700,50,20000,"sd","10:12:55",1678700
25700,50,1000,"sd","10:12:57",1679700
25700,50,8900,"bu","10:12:58",1688600
25700,50,1400,"bu","10:14:33",1690000
25650,0,25000,"bu","10:15:18",1715000
25650,0,7500,"bu","10:15:26",1722500
25650,0,6500,"bu","10:15:28",1729000
25650,0,2000,"bu","10:15:31",1731000
25600,-50,500,"bu","10:15:52",1731500
25600,-50,14000,"bu","10:16:00",1745500
25600,-50,3000,"sd","10:16:08",1748500
25600,-50,2000,"bu","10:16:21",1750500
25600,-50,31300,"sd","10:17:12",1781800
25650,0,39500,"bu","10:17:54",1821300
25650,0,100,"bu","10:17:56",1821400
25700,50,1000,"bu","10:18:03",1822400
25650,0,100,"bu","10:18:06",1822500
25700,50,1000,"sd","10:18:14",1823500
25650,0,200,"sd","10:18:26",1823700
25650,0,2900,"sd","10:18:41",1826600
25650,0,12400,"sd","10:19:45",1839000
25650,0,200,"bu","10:20:08",1839200
25650,0,1000,"bu","10:20:54",1840200
25650,0,22700,"bu","10:20:55",1862900
25650,0,300,"sd","10:20:56",1863200
25650,0,4600,"sd","10:21:01",1867800
25650,0,300,"bu","10:21:17",1868100
25650,0,5000,"sd","10:21:23",1873100
25650,0,2800,"bu","10:21:34",1875900
25650,0,500,"bu","10:21:35",1876400
25650,0,10000,"bu","10:21:43",1886400
25650,0,300,"bu","10:22:47",1886700
25650,0,500,"sd","10:23:24",1887200
25650,0,400,"sd","10:23:25",1887600
25700,50,500,"sd","10:24:07",1888100
25650,0,8400,"sd","10:24:40",1896500
25600,-50,400,"sd","10:24:42",1896900
25600,-50,2000,"bu","10:25:03",1898900
25650,0,100,"sd","10:25:28",1899000
25650,0,21900,"sd","10:25:39",1920900
25650,0,1500,"bu","10:26:10",1922400
25700,50,28500,"sd","10:26:11",1950900
25700,50,1900,"sd","10:26:42",1952800
25650,0,1500,"bu","10:27:00",1954300
25650,0,600,"bu","10:28:03",1954900
25650,0,15600,"sd","10:28:23",1970500
25650,0,14400,"sd","10:28:35",1984900
25650,0,25000,"sd","10:29:13",2009900
25650,0,14200,"sd","10:29:18",2024100
25650,0,300,"bu","10:29:54",2024400
25650,0,500,"bu","10:30:05",2024900
25650,0,100,"sd","10:30:13",2025000
25650,0,12000,"bu","10:32:35",2037000
25650,0,20000,"sd","10:32:45",2057000
25600,-50,5400,"bu","10:32:51",2062400
25650,0,1700,"sd","10:33:01",2064100
25650,0,500,"sd","10:33:12",2064600
25650,0,3900,"bu","10:33:14",2068500
25650,0,600,"sd","10:33:17",2069100
25650,0,100,"bu","10:33:27",2069200
25650,0,10400,"bu","10:34:23",2079600
25650,0,200,"bu","10:34:29",2079800
25600,-50,5000,"bu","10:35:07",2084800
25650,0,2500,"bu","10:35:15",2087300
25600,-50,5000,"sd","10:36:28",2092300
25600,-50,500,"bu","10:37:19",2092800
25600,-50,1000,"sd","10:37:24",2093800
25600,-50,3400,"bu","10:37:50",2097200
25600,-50,1200,"sd","10:37:57",2098400
25650,0,1000,"sd","10:39:30",2099400
25600,-50,1600,"bu","10:39:38",2101000
25600,-50,1100,"sd","10:40:00",2102100
25600,-50,700,"sd","10:40:10",2102800
25600,-50,500,"sd","10:40:14",2103300
25600,-50,25000,"bu","10:40:39",2128300
25600,-50,100,"sd","10:40:40",2128400
25600,-50,4000,"bu","10:40:41",2132400
25600,-50,25000,"sd","10:40:45",2157400
25600,-50,16700,"sd","10:40:49",2174100
25600,-50,7500,"sd","10:40:54",2181600
25600,-50,1500,"sd","10:44:19",2183100
25600,-50,2000,"sd","10:44:46",2185100
25600,-50,1000,"sd","10:45:31",2186100
25550,-100,25000,"sd","10:45:46",2211100
25550,-100,22300,"sd","10:45:53",2233400
25550,-100,2700,"sd","10:45:54",2236100
25550,-100,25000,"sd","10:46:02",2261100
25550,-100,14000,"bu","10:46:09",2275100
25500,-150,2500,"bu","10:46:13",2277600
25550,-100,3000,"bu","10:46:16",2280600
25550,-100,8000,"bu","10:46:52",2288600
25550,-100,2000,"sd","10:46:54",2290600
25500,-150,400,"sd","10:47:00",2291000
25550,-100,1500,"bu","10:47:07",2292500
25550,-100,400,"sd","10:47:19",2292900
25550,-100,200,"sd","10:47:35",2293100
25550,-100,500,"bu","10:48:13",2293600
25500,-150,1000,"sd","10:48:17",2294600
25550,-100,1000,"sd","10:48:28",2295600
25550,-100,1000,"bu","10:48:47",2296600
25500,-150,3000,"sd","10:49:18",2299600
25500,-150,500,"sd","10:49:30",2300100
25500,-150,1000,"bu","10:49:58",2301100
25500,-150,8000,"bu","10:50:01",2309100
25500,-150,800,"sd","10:50:02",2309900
25500,-150,500,"sd","10:50:12",2310400
25500,-150,1000,"sd","10:50:32",2311400
25500,-150,20000,"sd","10:50:36",2331400
25500,-150,100,"bu","10:50:44",2331500
25500,-150,2000,"bu","10:50:46",2333500
25500,-150,11000,"sd","10:50:58",2344500
25500,-150,10000,"bu","10:51:07",2354500
25500,-150,30000,"bu","10:51:21",2384500
25500,-150,1000,"sd","10:51:22",2385500
25500,-150,30000,"sd","10:51:25",2415500
25500,-150,38500,"sd","10:51:26",2454000
25500,-150,500,"sd","10:51:28",2454500
25450,-200,2000,"bu","10:51:39",2456500
25450,-200,30000,"bu","10:52:10",2486500
25450,-200,10400,"bu","10:52:24",2496900
25500,-150,1000,"sd","10:52:25",2497900
25450,-200,12500,"sd","10:52:27",2510400
25450,-200,5000,"bu","10:52:28",2515400
25500,-150,1000,"sd","10:52:29",2516400
25500,-150,1100,"sd","10:52:36",2517500
25450,-200,200,"sd","10:52:41",2517700
25500,-150,300,"bu","10:52:47",2518000
25500,-150,1500,"sd","10:52:48",2519500
25450,-200,1500,"bu","10:52:49",2521000
25500,-150,1100,"sd","10:52:59",2522100
25500,-150,200,"sd","10:53:08",2522300
25500,-150,900,"bu","10:54:10",2523200
25450,-200,800,"bu","10:54:13",2524000
25450,-200,10000,"bu","10:54:25",2534000
25450,-200,30000,"bu","10:54:55",2564000
25450,-200,24200,"bu","10:55:02",2588200
25450,-200,500,"bu","10:55:16",2588700
25400,-250,1800,"bu","10:55:21",2590500
25450,-200,700,"sd","10:55:30",2591200
25450,-200,600,"sd","10:55:35",2591800
25450,-200,5000,"sd","10:55:37",2596800
25450,-200,100,"bu","10:55:40",2596900
25450,-200,500,"bu","10:55:41",2597400
25400,-250,1000,"bu","10:55:44",2598400
25400,-250,9000,"sd","10:56:05",2607400
25400,-250,100,"sd","10:56:06",2607500
25400,-250,1600,"sd","10:56:07",2609100
25450,-200,6000,"sd","10:56:11",2615100
25400,-250,100,"bu","10:56:21",2615200
25450,-200,1000,"bu","10:56:24",2616200
25450,-200,100,"sd","10:56:30",2616300
25450,-200,3000,"bu","10:56:43",2619300
25450,-200,300,"sd","10:56:49",2619600
25450,-200,900,"sd","10:57:00",2620500
25450,-200,1000,"bu","10:57:12",2621500
25450,-200,2000,"bu","10:57:19",2623500
25400,-250,800,"bu","10:57:22",2624300
25450,-200,100,"sd","10:57:49",2624400
25400,-250,1000,"sd","10:57:59",2625400
25400,-250,2000,"bu","10:58:11",2627400
25450,-200,1000,"bu","10:58:30",2628400
25400,-250,200,"sd","10:58:34",2628600
25400,-250,500,"bu","10:59:08",2629100
25400,-250,3000,"sd","10:59:15",2632100
25400,-250,500,"bu","10:59:30",2632600
25400,-250,5500,"sd","10:59:45",2638100
25400,-250,1000,"sd","10:59:46",2639100
25450,-200,28300,"bu","11:00:16",2667400
25450,-200,300,"sd","11:00:29",2667700
25500,-150,1000,"sd","11:00:35",2668700
25450,-200,300,"sd","11:00:38",2669000
25500,-150,100000,"sd","11:00:43",2769000
25500,-150,200,"sd","11:00:50",2769200
25500,-150,100,"sd","11:00:51",2769300
25500,-150,19100,"sd","11:00:57",2788400
25550,-100,1000,"sd","11:01:25",2789400
25550,-100,50000,"sd","11:01:27",2839400
25550,-100,40000,"sd","11:02:03",2879400
25550,-100,1900,"sd","11:02:05",2881300
25550,-100,10000,"bu","11:02:09",2891300
25550,-100,100,"bu","11:02:12",2891400
25550,-100,800,"bu","11:02:21",2892200
25550,-100,100,"sd","11:02:23",2892300
25600,-50,30000,"sd","11:02:41",2922300
25600,-50,6000,"bu","11:03:16",2928300
25600,-50,1200,"sd","11:03:32",2929500
25550,-100,17500,"sd","11:03:36",2947000
25550,-100,100,"sd","11:04:06",2947100
25550,-100,10000,"bu","11:04:15",2957100
25550,-100,4700,"bu","11:04:32",2961800
25600,-50,10000,"bu","11:05:30",2971800
25600,-50,40000,"sd","11:05:31",3011800
25600,-50,1200,"bu","11:05:39",3013000
25600,-50,20000,"bu","11:06:01",3033000
25600,-50,200,"sd","11:06:26",3033200
25550,-100,100,"sd","11:06:41",3033300
25550,-100,500,"bu","11:06:51",3033800
25550,-100,2000,"bu","11:07:39",3035800
25550,-100,800,"sd","11:08:24",3036600
25600,-50,3000,"bu","11:09:09",3039600
25600,-50,1000,"bu","11:09:27",3040600
25600,-50,100,"sd","11:09:29",3040700
25600,-50,6500,"sd","11:09:36",3047200
25550,-100,100,"sd","11:10:46",3047300
25600,-50,5000,"bu","11:10:56",3052300
25600,-50,200,"sd","11:11:07",3052500
25600,-50,100,"bu","11:11:16",3052600
25600,-50,2200,"bu","11:11:21",3054800
25650,0,1000,"sd","11:11:26",3055800
25650,0,10000,"bu","11:11:45",3065800
25600,-50,2800,"bu","11:12:18",3068600
25600,-50,2000,"sd","11:12:50",3070600
25600,-50,400,"bu","11:12:53",3071000
25550,-100,20000,"sd","11:13:46",3091000
25550,-100,30000,"sd","11:14:33",3121000
25500,-150,29000,"bu","11:14:39",3150000
25500,-150,20000,"sd","11:14:46",3170000
25500,-150,2000,"sd","11:14:55",3172000
25500,-150,4000,"bu","11:15:53",3176000
25550,-100,100,"sd","11:17:00",3176100
25500,-150,20100,"bu","11:19:08",3196200
25500,-150,500,"sd","11:19:10",3196700
25500,-150,5000,"sd","11:19:23",3201700
25500,-150,500,"bu","11:19:56",3202200
25500,-150,2000,"bu","11:20:01",3204200
25500,-150,5000,"bu","11:21:02",3209200
25500,-150,16000,"sd","11:21:36",3225200
25500,-150,100,"bu","11:21:42",3225300
25500,-150,1000,"bu","11:22:10",3226300
25500,-150,5000,"sd","11:22:20",3231300
25500,-150,500,"bu","11:22:21",3231800
25500,-150,14000,"bu","11:22:23",3245800
25500,-150,2000,"sd","11:22:26",3247800
25500,-150,2000,"bu","11:23:01",3249800
25500,-150,10000,"bu","11:23:11",3259800
25500,-150,1100,"bu","11:24:07",3260900
25500,-150,1000,"sd","11:24:43",3261900
25500,-150,100,"sd","11:24:48",3262000
25500,-150,5000,"sd","11:25:25",3267000
25500,-150,300,"sd","11:25:27",3267300
25500,-150,2200,"bu","11:25:59",3269500
25500,-150,5000,"bu","11:26:21",3274500
25500,-150,5900,"bu","11:26:48",3280400
25450,-200,16600,"bu","11:27:37",3297000
25500,-150,100,"sd","11:28:10",3297100
25500,-150,2000,"sd","11:29:31",3299100
25500,-150,100,"sd","11:29:59",3299200
25450,-200,13800,"sd","13:00:20",3313000
25500,-150,38400,"sd","13:00:21",3351400
25500,-150,4600,"bu","13:00:24",3356000
25500,-150,1000,"sd","13:00:26",3357000
25500,-150,1400,"bu","13:00:27",3358400
25500,-150,100,"bu","13:00:30",3358500
25500,-150,500,"bu","13:00:32",3359000
25500,-150,2400,"bu","13:00:33",3361400
25500,-150,4000,"bu","13:00:37",3365400
25500,-150,2300,"bu","13:00:38",3367700
25450,-200,10000,"sd","13:00:40",3377700
25500,-150,500,"sd","13:00:41",3378200
25500,-150,1700,"bu","13:00:46",3379900
25450,-200,200,"sd","13:00:48",3380100
25500,-150,1500,"sd","13:00:53",3381600
25450,-200,1000,"bu","13:00:58",3382600
25450,-200,3000,"sd","13:01:11",3385600
25450,-200,1000,"sd","13:01:16",3386600
25450,-200,4200,"bu","13:01:17",3390800
25450,-200,1000,"sd","13:01:20",3391800
25450,-200,2500,"sd","13:01:24",3394300
25400,-250,77900,"sd","13:01:34",3472200
25450,-200,500,"sd","13:01:37",3472700
25400,-250,1400,"sd","13:01:41",3474100
25400,-250,400,"bu","13:02:02",3474500
25350,-300,26600,"sd","13:02:04",3501100
25350,-300,1000,"bu","13:02:33",3502100
25350,-300,1300,"bu","13:02:50",3503400
25350,-300,1000,"sd","13:02:51",3504400
25350,-300,3000,"bu","13:02:56",3507400
25400,-250,29900,"bu","13:03:01",3537300
25400,-250,4100,"sd","13:03:06",3541400
25400,-250,900,"sd","13:03:13",3542300
25400,-250,3200,"sd","13:03:16",3545500
25400,-250,100,"bu","13:03:21",3545600
25400,-250,1900,"sd","13:03:37",3547500
25400,-250,2000,"bu","13:03:47",3549500
25400,-250,5000,"sd","13:03:49",3554500
25400,-250,200,"sd","13:03:59",3554700
25400,-250,4100,"sd","13:04:02",3558800
25400,-250,17800,"bu","13:04:12",3576600
25400,-250,100,"bu","13:04:23",3576700
25400,-250,200,"sd","13:05:00",3576900
25400,-250,1000,"bu","13:05:18",3577900
25450,-200,8000,"sd","13:05:27",3585900
25450,-200,1500,"sd","13:05:28",3587400
25450,-200,1300,"sd","13:05:35",3588700
25450,-200,4400,"bu","13:05:54",3593100
25450,-200,3000,"bu","13:06:08",3596100
25450,-200,5000,"bu","13:06:28",3601100
25450,-200,500,"sd","13:06:38",3601600
25450,-200,200,"bu","13:07:02",3601800
25450,-200,1900,"bu","13:07:36",3603700
25450,-200,1800,"sd","13:08:56",3605500
25450,-200,5000,"bu","13:09:09",3610500
25450,-200,1000,"sd","13:09:12",3611500
25450,-200,600,"bu","13:09:15",3612100
25450,-200,5800,"bu","13:09:25",3617900
25450,-200,1600,"bu","13:09:31",3619500
25450,-200,5500,"bu","13:09:33",3625000
25450,-200,16000,"bu","13:09:46",3641000
25450,-200,400,"sd","13:09:57",3641400
25450,-200,5000,"sd","13:10:09",3646400
25500,-150,1000,"sd","13:10:48",3647400
25450,-200,5000,"bu","13:11:06",3652400
25450,-200,600,"bu","13:11:17",3653000
25450,-200,1200,"bu","13:11:20",3654200
25450,-200,3800,"bu","13:11:32",3658000
25450,-200,1000,"sd","13:11:35",3659000
25450,-200,2400,"bu","13:11:49",3661400
25450,-200,100,"sd","13:11:52",3661500
25450,-200,2000,"sd","13:12:04",3663500
25500,-150,500,"sd","13:12:36",3664000
25450,-200,3000,"sd","13:12:46",3667000
25450,-200,5000,"sd","13:12:47",3672000
25450,-200,5100,"bu","13:13:14",3677100
25450,-200,500,"sd","13:13:18",3677600
25450,-200,100,"bu","13:13:20",3677700
25450,-200,1000,"sd","13:13:25",3678700
25450,-200,1400,"sd","13:13:27",3680100
25400,-250,900,"sd","13:14:01",3681000
25400,-250,100,"sd","13:14:03",3681100
25450,-200,1000,"bu","13:14:17",3682100
25450,-200,5000,"bu","13:14:27",3687100
25450,-200,400,"sd","13:14:39",3687500
25400,-250,4000,"bu","13:14:46",3691500
25400,-250,200,"sd","13:15:05",3691700
25400,-250,500,"sd","13:15:21",3692200
25450,-200,13300,"bu","13:15:57",3705500
25450,-200,1100,"sd","13:16:05",3706600
25450,-200,3600,"sd","13:16:45",3710200
25450,-200,4000,"sd","13:16:49",3714200
25450,-200,500,"sd","13:16:56",3714700
25400,-250,1600,"bu","13:17:01",3716300
25400,-250,200,"sd","13:18:06",3716500
25450,-200,800,"sd","13:18:12",3717300
25400,-250,56100,"sd","13:18:16",3773400
25400,-250,10000,"bu","13:18:23",3783400
25400,-250,5100,"sd","13:18:36",3788500
25400,-250,1000,"sd","13:18:53",3789500
25400,-250,100,"sd","13:19:08",3789600
25400,-250,1100,"sd","13:19:10",3790700
25400,-250,5000,"sd","13:19:12",3795700
25400,-250,700,"bu","13:19:25",3796400
25400,-250,600,"bu","13:19:46",3797000
25400,-250,1000,"bu","13:20:07",3798000
25400,-250,8500,"bu","13:20:15",3806500
25450,-200,100,"bu","13:20:18",3806600
25450,-200,5000,"bu","13:20:38",3811600
25450,-200,100,"sd","13:20:41",3811700
25400,-250,4000,"sd","13:21:23",3815700
25450,-200,1000,"bu","13:21:55",3816700
25450,-200,200,"sd","13:22:01",3816900
25450,-200,1300,"sd","13:22:24",3818200
25450,-200,35300,"bu","13:22:59",3853500
25500,-150,1000,"sd","13:23:03",3854500
25450,-200,1500,"bu","13:23:04",3856000
25450,-200,100,"sd","13:23:12",3856100
25500,-150,1000,"sd","13:23:16",3857100
25450,-200,200,"sd","13:23:17",3857300
25450,-200,5000,"sd","13:23:29",3862300
25450,-200,800,"sd","13:23:42",3863100
25450,-200,3000,"bu","13:23:53",3866100
25450,-200,300,"bu","13:24:03",3866400
25450,-200,500,"bu","13:24:16",3866900
25450,-200,500,"bu","13:24:23",3867400
25450,-200,800,"sd","13:24:28",3868200
25450,-200,2200,"sd","13:24:30",3870400
25500,-150,1000,"sd","13:24:37",3871400
25450,-200,100,"sd","13:24:44",3871500
25500,-150,1000,"bu","13:25:03",3872500
25500,-150,1000,"bu","13:25:36",3873500
25500,-150,5000,"sd","13:25:45",3878500
25500,-150,1000,"bu","13:26:04",3879500
25500,-150,400,"bu","13:26:09",3879900
25500,-150,1000,"bu","13:26:11",3880900
25500,-150,10500,"sd","13:26:20",3891400
25500,-150,1000,"bu","13:26:26",3892400
25500,-150,20000,"bu","13:26:27",3912400
25500,-150,2000,"sd","13:26:29",3914400
25500,-150,20500,"bu","13:26:31",3934900
25500,-150,1000,"bu","13:26:37",3935900
25500,-150,500,"bu","13:26:43",3936400
25500,-150,2000,"bu","13:26:48",3938400
25500,-150,6100,"bu","13:26:50",3944500
25550,-100,1000,"bu","13:26:55",3945500
25550,-100,800,"bu","13:27:01",3946300
25550,-100,100,"sd","13:27:21",3946400
25500,-150,1200,"sd","13:27:33",3947600
25550,-100,62100,"sd","13:27:43",4009700
25500,-150,100,"sd","13:27:53",4009800
25550,-100,20100,"sd","13:28:14",4029900
25550,-100,15000,"sd","13:28:20",4044900
25550,-100,2100,"sd","13:28:25",4047000
25500,-150,1000,"bu","13:28:41",4048000
25550,-100,16000,"bu","13:28:50",4064000
25550,-100,5200,"bu","13:28:53",4069200
25500,-150,1600,"sd","13:28:59",4070800
25550,-100,10000,"sd","13:29:03",4080800
25550,-100,40000,"sd","13:29:10",4120800
25550,-100,700,"sd","13:29:14",4121500
25600,-50,2200,"bu","13:29:20",4123700
25550,-100,3000,"sd","13:29:22",4126700
25600,-50,1000,"bu","13:29:26",4127700
25600,-50,22000,"bu","13:30:13",4149700
25600,-50,1000,"bu","13:30:17",4150700
25600,-50,30000,"sd","13:30:21",4180700
25600,-50,1000,"sd","13:30:32",4181700
25600,-50,200,"bu","13:30:36",4181900
25600,-50,35900,"sd","13:30:44",4217800
25650,0,1000,"sd","13:30:47",4218800
25650,0,2000,"bu","13:31:29",4220800
25650,0,1000,"bu","13:31:34",4221800
25650,0,1000,"bu","13:31:55",4222800
25650,0,25000,"bu","13:32:19",4247800
25650,0,100,"sd","13:32:23",4247900
25650,0,3000,"sd","13:32:24",4250900
25650,0,20000,"sd","13:32:28",4270900
25650,0,35300,"bu","13:32:34",4306200
25650,0,27000,"sd","13:32:37",4333200
25650,0,2000,"bu","13:32:39",4335200
25650,0,1800,"bu","13:32:41",4337000
25650,0,1000,"bu","13:32:43",4338000
25650,0,20300,"bu","13:32:47",4358300
25650,0,37600,"sd","13:32:50",4395900
25700,50,1100,"sd","13:32:57",4397000
25700,50,4000,"sd","13:32:59",4401000
25700,50,24000,"bu","13:33:13",4425000
25700,50,15000,"bu","13:33:17",4440000
25700,50,30000,"bu","13:33:23",4470000
25700,50,100,"bu","13:33:27",4470100
25700,50,10000,"sd","13:33:31",4480100
25700,50,1000,"bu","13:33:33",4481100
25700,50,5000,"bu","13:33:35",4486100
25700,50,2000,"bu","13:33:37",4488100
25700,50,500,"sd","13:33:46",4488600
25750,100,75700,"sd","13:33:48",4564300
25750,100,900,"bu","13:34:03",4565200
25750,100,1000,"sd","13:34:20",4566200
25750,100,200,"bu","13:34:24",4566400
25750,100,10000,"sd","13:34:28",4576400
25750,100,2000,"sd","13:34:30",4578400
25750,100,30000,"bu","13:34:42",4608400
25750,100,3700,"sd","13:34:46",4612100
25750,100,11000,"sd","13:34:50",4623100
25750,100,300,"bu","13:34:52",4623400
25750,100,6600,"bu","13:34:58",4630000
25750,100,22400,"bu","13:35:05",4652400
25750,100,14300,"sd","13:35:07",4666700
25800,150,1000,"bu","13:35:09",4667700
25750,100,300,"bu","13:35:11",4668000
25750,100,6400,"sd","13:35:14",4674400
25750,100,4000,"sd","13:35:16",4678400
25750,100,300,"bu","13:35:20",4678700
25750,100,10300,"sd","13:35:22",4689000
25800,150,2000,"sd","13:35:26",4691000
25750,100,100,"bu","13:35:28",4691100
25800,150,3600,"sd","13:35:32",4694700
25750,100,500,"sd","13:35:34",4695200
25800,150,2000,"sd","13:35:36",4697200
25750,100,100,"bu","13:35:40",4697300
25800,150,1500,"bu","13:35:42",4698800
25800,150,1000,"sd","13:35:46",4699800
25800,150,50000,"sd","13:35:49",4749800
25800,150,100,"sd","13:36:05",4749900
25800,150,500,"sd","13:36:13",4750400
25800,150,1000,"sd","13:36:15",4751400
25800,150,20000,"sd","13:36:25",4771400
25800,150,21000,"sd","13:36:29",4792400
25800,150,1000,"sd","13:36:38",4793400
25800,150,110700,"bu","13:36:42",4904100
25800,150,100,"sd","13:36:44",4904200
25800,150,3000,"sd","13:36:46",4907200
25850,200,1000,"sd","13:36:48",4908200
25800,150,20000,"bu","13:36:56",4928200
25800,150,300,"sd","13:36:58",4928500
25800,150,7000,"bu","13:37:02",4935500
25800,150,15100,"sd","13:37:04",4950600
25800,150,3000,"bu","13:37:08",4953600
25800,150,12700,"sd","13:37:10",4966300
25800,150,500,"bu","13:37:23",4966800
25750,100,50000,"bu","13:37:32",5016800
25800,150,1000,"bu","13:37:34",5017800
25750,100,50000,"sd","13:37:38",5067800
25750,100,1000,"sd","13:37:40",5068800
25750,100,10500,"bu","13:37:43",5079300
25750,100,7100,"sd","13:37:45",5086400
25700,50,50000,"sd","13:37:56",5136400
25700,50,13900,"bu","13:38:06",5150300
25650,0,1000,"bu","13:38:37",5151300
25700,50,4000,"sd","13:38:57",5155300
25700,50,31700,"bu","13:39:04",5187000
25700,50,4600,"sd","13:39:19",5191600
25700,50,2200,"bu","13:39:25",5193800
25700,50,4000,"sd","13:39:32",5197800
25700,50,500,"sd","13:39:39",5198300
25700,50,5000,"sd","13:39:43",5203300
25700,50,1600,"sd","13:39:55",5204900
25700,50,4600,"sd","13:40:08",5209500
25750,100,1000,"sd","13:40:14",5210500
25700,50,1300,"sd","13:40:26",5211800
25700,50,4100,"bu","13:40:36",5215900
25650,0,300,"bu","13:40:56",5216200
25650,0,200,"sd","13:40:58",5216400
25700,50,1000,"bu","13:41:00",5217400
25650,0,500,"bu","13:41:09",5217900
25650,0,50000,"sd","13:41:28",5267900
25650,0,5000,"sd","13:41:43",5272900
25650,0,600,"bu","13:41:52",5273500
25650,0,100,"sd","13:41:54",5273600
25650,0,7000,"sd","13:41:59",5280600
25650,0,100,"sd","13:42:04",5280700
25650,0,9500,"bu","13:42:10",5290200
25600,-50,200,"sd","13:43:07",5290400
25600,-50,20000,"bu","13:43:14",5310400
25650,0,200,"sd","13:43:18",5310600
25600,-50,4000,"sd","13:43:20",5314600
25600,-50,14900,"sd","13:43:24",5329500
25600,-50,200,"sd","13:43:30",5329700
25600,-50,26000,"bu","13:43:32",5355700
25650,0,1000,"sd","13:43:34",5356700
25600,-50,2000,"sd","13:43:58",5358700
25650,0,1000,"sd","13:44:05",5359700
25600,-50,500,"sd","13:44:11",5360200
25600,-50,10000,"bu","13:44:27",5370200
25600,-50,1000,"bu","13:44:33",5371200
25600,-50,1500,"sd","13:44:38",5372700
25600,-50,1500,"sd","13:44:40",5374200
25600,-50,100,"sd","13:44:43",5374300
25600,-50,3100,"bu","13:45:02",5377400
25600,-50,300,"sd","13:45:11",5377700
25600,-50,1500,"sd","13:45:17",5379200
25550,-100,1000,"sd","13:45:59",5380200
25550,-100,2500,"bu","13:46:11",5382700
25550,-100,20000,"sd","13:46:16",5402700
25550,-100,10000,"bu","13:46:20",5412700
25550,-100,12000,"bu","13:46:30",5424700
25550,-100,6200,"sd","13:46:39",5430900
25500,-150,1100,"bu","13:46:59",5432000
25500,-150,62600,"bu","13:47:20",5494600
25500,-150,100,"sd","13:47:33",5494700
25450,-200,1000,"sd","13:47:38",5495700
25500,-150,2000,"sd","13:47:40",5497700
25500,-150,1000,"sd","13:47:46",5498700
25450,-200,500,"sd","13:47:57",5499200
25450,-200,700,"sd","13:48:14",5499900
25450,-200,2000,"sd","13:48:39",5501900
25450,-200,2000,"sd","13:48:43",5503900
25450,-200,20000,"bu","13:48:57",5523900
25450,-200,30000,"bu","13:48:58",5553900
25450,-200,11000,"bu","13:49:12",5564900
25400,-250,2300,"bu","13:49:28",5567200
25450,-200,500,"bu","13:49:33",5567700
25450,-200,5300,"bu","13:49:35",5573000
25450,-200,4200,"sd","13:49:37",5577200
25450,-200,2400,"sd","13:49:47",5579600
25450,-200,4000,"bu","13:50:14",5583600
25450,-200,3400,"bu","13:50:22",5587000
25450,-200,4000,"sd","13:50:40",5591000
25450,-200,100,"sd","13:50:42",5591100
25450,-200,500,"sd","13:50:47",5591600
25450,-200,200,"bu","13:50:54",5591800
25400,-250,40000,"bu","13:50:58",5631800
25400,-250,31000,"bu","13:51:06",5662800
25450,-200,3000,"bu","13:51:09",5665800
25450,-200,6000,"sd","13:51:11",5671800
25400,-250,22000,"sd","13:51:17",5693800
25400,-250,1000,"bu","13:51:21",5694800
25400,-250,600,"sd","13:51:26",5695400
25400,-250,7500,"sd","13:51:36",5702900
25400,-250,200,"bu","13:51:38",5703100
25400,-250,2000,"sd","13:51:51",5705100
25400,-250,11200,"sd","13:52:01",5716300
25400,-250,200,"sd","13:52:13",5716500
25400,-250,700,"bu","13:52:17",5717200
25400,-250,3100,"bu","13:52:23",5720300
25400,-250,1100,"bu","13:52:25",5721400
25400,-250,7800,"sd","13:52:29",5729200
25400,-250,1000,"bu","13:52:32",5730200
25400,-250,5000,"bu","13:52:36",5735200
25400,-250,5700,"bu","13:52:40",5740900
25400,-250,2400,"bu","13:52:42",5743300
25350,-300,22000,"sd","13:52:46",5765300
25400,-250,500,"sd","13:52:48",5765800
25350,-300,25000,"sd","13:52:51",5790800
25350,-300,29300,"bu","13:52:53",5820100
25350,-300,200,"bu","13:52:58",5820300
25450,-200,32300,"bu","13:53:00",5852600
25350,-300,22000,"bu","13:53:02",5874600
25350,-300,1000,"sd","13:53:04",5875600
25350,-300,5000,"bu","13:53:06",5880600
25350,-300,1200,"sd","13:53:10",5881800
25400,-250,500,"sd","13:53:33",5882300
25400,-250,1000,"sd","13:53:42",5883300
25400,-250,11100,"bu","13:53:44",5894400
25400,-250,2700,"bu","13:53:53",5897100
25450,-200,20000,"sd","13:53:59",5917100
25400,-250,40000,"sd","13:54:19",5957100
25400,-250,13900,"bu","13:54:55",5971000
25400,-250,2100,"bu","13:54:57",5973100
25400,-250,4000,"bu","13:55:03",5977100
25400,-250,1000,"bu","13:55:20",5978100
25400,-250,6000,"sd","13:55:33",5984100
25400,-250,4000,"bu","13:56:12",5988100
25400,-250,22500,"sd","13:56:17",6010600
25400,-250,8000,"sd","13:56:27",6018600
25400,-250,4300,"sd","13:56:35",6022900
25450,-200,10000,"sd","13:56:37",6032900
25400,-250,27900,"sd","13:56:43",6060800
25400,-250,8100,"sd","13:56:47",6068900
25400,-250,30000,"bu","13:57:09",6098900
25400,-250,20000,"bu","13:57:16",6118900
25400,-250,5000,"bu","13:57:18",6123900
25400,-250,22000,"sd","13:57:26",6145900
25400,-250,30000,"bu","13:57:30",6175900
25400,-250,30000,"sd","13:57:43",6205900
25400,-250,30000,"sd","13:58:02",6235900
25400,-250,100,"bu","13:58:07",6236000
25400,-250,6400,"bu","13:58:11",6242400
25350,-300,3800,"bu","13:58:13",6246200
25400,-250,5500,"sd","13:58:15",6251700
25400,-250,1000,"bu","13:58:28",6252700
25400,-250,100,"bu","13:58:33",6252800
25400,-250,1000,"bu","13:58:39",6253800
25400,-250,16000,"sd","13:58:46",6269800
25400,-250,500,"sd","13:58:53",6270300
25450,-200,1000,"sd","13:58:56",6271300
25450,-200,2000,"sd","13:58:58",6273300
25450,-200,300,"sd","13:59:07",6273600
25450,-200,200,"sd","13:59:25",6273800
25450,-200,4000,"bu","13:59:41",6277800
25450,-200,5100,"sd","13:59:45",6282900
25450,-200,40000,"bu","13:59:49",6322900
25450,-200,5000,"bu","13:59:52",6327900
25450,-200,5100,"sd","13:59:54",6333000
25450,-200,10000,"sd","13:59:56",6343000
25450,-200,26300,"bu","13:59:58",6369300
25500,-150,1000,"sd","14:00:40",6370300
25450,-200,2000,"sd","14:00:42",6372300
25500,-150,1000,"bu","14:00:45",6373300
25500,-150,500,"sd","14:00:54",6373800
25450,-200,11700,"sd","14:01:01",6385500
25500,-150,1000,"sd","14:01:04",6386500
25450,-200,77000,"bu","14:01:08",6463500
25500,-150,1000,"bu","14:01:10",6464500
25500,-150,3000,"sd","14:01:17",6467500
25500,-150,1500,"bu","14:01:21",6469000
25450,-200,22900,"bu","14:01:46",6491900
25500,-150,1500,"bu","14:01:48",6493400
25450,-200,1800,"bu","14:01:50",6495200
25450,-200,5000,"sd","14:02:07",6500200
25500,-150,1500,"bu","14:02:11",6501700
25450,-200,5100,"bu","14:02:13",6506800
25450,-200,500,"sd","14:02:24",6507300
25450,-200,100,"sd","14:02:27",6507400
25450,-200,300,"sd","14:02:51",6507700
25450,-200,50000,"sd","14:02:54",6557700
25450,-200,49000,"sd","14:02:56",6606700
25450,-200,2700,"sd","14:03:06",6609400
25450,-200,1200,"bu","14:03:14",6610600
25450,-200,400,"bu","14:03:26",6611000
25450,-200,10000,"sd","14:03:45",6621000
25450,-200,15000,"bu","14:03:54",6636000
25450,-200,1000,"bu","14:04:05",6637000
25400,-250,10400,"bu","14:04:10",6647400
25400,-250,21300,"sd","14:04:17",6668700
25450,-200,10100,"sd","14:04:27",6678800
25400,-250,1000,"bu","14:04:34",6679800
25400,-250,7400,"bu","14:04:37",6687200
25350,-300,100,"bu","14:04:57",6687300
25350,-300,34000,"sd","14:05:11",6721300
25350,-300,500,"sd","14:05:13",6721800
25350,-300,46000,"bu","14:05:16",6767800
25350,-300,1000,"bu","14:05:18",6768800
25350,-300,500,"bu","14:05:34",6769300
25300,-350,200,"sd","14:05:42",6769500
25350,-300,1000,"sd","14:05:47",6770500
25300,-350,84000,"bu","14:05:49",6854500
25300,-350,21000,"sd","14:05:58",6875500
25250,-400,7600,"bu","14:06:03",6883100
25300,-350,200,"sd","14:06:05",6883300
25300,-350,100,"bu","14:06:13",6883400
25300,-350,900,"sd","14:06:15",6884300
25250,-400,2800,"bu","14:06:19",6887100
25300,-350,900,"sd","14:06:25",6888000
25300,-350,100,"sd","14:06:28",6888100
25300,-350,2600,"bu","14:06:43",6890700
25300,-350,600,"bu","14:06:48",6891300
25300,-350,100,"bu","14:06:53",6891400
25300,-350,11300,"sd","14:06:56",6902700
25300,-350,10100,"bu","14:06:58",6912800
25300,-350,3500,"bu","14:07:36",6916300
25300,-350,1500,"bu","14:07:42",6917800
25350,-300,1000,"sd","14:07:53",6918800
25350,-300,500,"sd","14:08:01",6919300
25300,-350,2000,"sd","14:08:03",6921300
25350,-300,1000,"sd","14:08:12",6922300
25350,-300,200,"sd","14:08:15",6922500
25350,-300,1000,"bu","14:08:18",6923500
25350,-300,18600,"sd","14:08:20",6942100
25350,-300,32000,"sd","14:08:23",6974100
25350,-300,300,"sd","14:08:25",6974400
25350,-300,1700,"bu","14:08:37",6976100
25400,-250,2000,"sd","14:08:41",6978100
25350,-300,2500,"bu","14:08:46",6980600
25400,-250,200,"bu","14:08:55",6980800
25350,-300,5000,"sd","14:09:05",6985800
25400,-250,2000,"sd","14:09:15",6987800
25400,-250,3000,"bu","14:09:17",6990800
25400,-250,500,"sd","14:09:26",6991300
25400,-250,100,"sd","14:10:06",6991400
25400,-250,200,"sd","14:10:21",6991600
25400,-250,400,"bu","14:10:23",6992000
25400,-250,1200,"sd","14:10:40",6993200
25400,-250,2000,"bu","14:10:42",6995200
25400,-250,5000,"bu","14:10:48",7000200
25400,-250,3000,"bu","14:10:51",7003200
25400,-250,11200,"sd","14:10:53",7014400
25400,-250,10000,"bu","14:10:56",7024400
25400,-250,15000,"sd","14:10:58",7039400
25400,-250,3000,"sd","14:11:01",7042400
25400,-250,5000,"bu","14:11:03",7047400
25400,-250,10000,"sd","14:11:06",7057400
25400,-250,2000,"bu","14:11:16",7059400
25400,-250,10000,"bu","14:11:18",7069400
25400,-250,5000,"bu","14:11:21",7074400
25400,-250,500,"bu","14:11:26",7074900
25400,-250,5200,"sd","14:11:28",7080100
25400,-250,1000,"bu","14:11:33",7081100
25400,-250,6000,"bu","14:11:36",7087100
25400,-250,1000,"bu","14:11:38",7088100
25400,-250,4400,"bu","14:11:45",7092500
25400,-250,3700,"sd","14:11:47",7096200
25400,-250,1200,"sd","14:11:49",7097400
25400,-250,4500,"sd","14:11:52",7101900
25450,-200,1000,"bu","14:12:01",7102900
25450,-200,8200,"sd","14:12:08",7111100
25500,-150,600,"bu","14:12:50",7111700
25500,-150,100,"bu","14:12:55",7111800
25450,-200,22700,"sd","14:12:57",7134500
25450,-200,200,"sd","14:13:02",7134700
25450,-200,500,"sd","14:13:17",7135200
25450,-200,16600,"bu","14:13:19",7151800
25450,-200,2000,"sd","14:13:24",7153800
25450,-200,1500,"bu","14:13:32",7155300
25450,-200,20000,"sd","14:13:48",7175300
25450,-200,1000,"sd","14:13:58",7176300
25450,-200,8600,"sd","14:14:01",7184900
25500,-150,1000,"sd","14:14:11",7185900
25500,-150,9000,"sd","14:14:18",7194900
25500,-150,4000,"sd","14:14:21",7198900
25500,-150,6000,"sd","14:14:28",7204900
25450,-200,2000,"bu","14:14:50",7206900
25450,-200,14900,"bu","14:15:09",7221800
25450,-200,500,"bu","14:15:14",7222300
25450,-200,100,"sd","14:15:29",7222400
25450,-200,18500,"bu","14:15:51",7240900
25450,-200,2700,"sd","14:16:00",7243600
25450,-200,1800,"bu","14:16:02",7245400
25450,-200,2200,"sd","14:16:08",7247600
25450,-200,500,"bu","14:16:15",7248100
25450,-200,100,"bu","14:16:18",7248200
25450,-200,5000,"sd","14:16:22",7253200
25450,-200,1000,"sd","14:16:25",7254200
25450,-200,1400,"bu","14:16:49",7255600
25450,-200,23200,"sd","14:16:58",7278800
25450,-200,3200,"sd","14:17:09",7282000
25450,-200,100,"sd","14:17:11",7282100
25450,-200,500,"bu","14:17:20",7282600
25450,-200,700,"bu","14:17:36",7283300
25450,-200,1000,"sd","14:17:39",7284300
25450,-200,2000,"sd","14:17:41",7286300
25450,-200,5000,"sd","14:17:44",7291300
25450,-200,7500,"sd","14:17:49",7298800
25450,-200,500,"bu","14:17:54",7299300
25500,-150,300,"sd","14:18:32",7299600
25500,-150,20000,"bu","14:18:34",7319600
25500,-150,200,"sd","14:18:38",7319800
25500,-150,2000,"sd","14:18:52",7321800
25500,-150,27000,"sd","14:18:55",7348800
25500,-150,500,"sd","14:18:58",7349300
25500,-150,25800,"sd","14:19:02",7375100
25500,-150,5100,"sd","14:19:07",7380200
25500,-150,36000,"sd","14:19:28",7416200
25450,-200,2300,"bu","14:19:42",7418500
25500,-150,100,"sd","14:19:57",7418600
25450,-200,600,"sd","14:20:38",7419200
25450,-200,10000,"sd","14:20:51",7429200
25450,-200,20000,"sd","14:20:53",7449200
25450,-200,11100,"sd","14:20:56",7460300
25450,-200,42000,"bu","14:21:02",7502300
25450,-200,1000,"sd","14:21:04",7503300
25450,-200,32000,"bu","14:21:07",7535300
25450,-200,11300,"bu","14:21:13",7546600
25450,-200,2000,"bu","14:21:16",7548600
25450,-200,200,"bu","14:22:14",7548800
25450,-200,1000,"bu","14:22:20",7549800
25450,-200,700,"sd","14:22:26",7550500
25450,-200,4000,"bu","14:22:47",7554500
25450,-200,3000,"sd","14:23:10",7557500
25450,-200,4500,"sd","14:23:17",7562000
25450,-200,2000,"bu","14:23:22",7564000
25450,-200,200,"bu","14:23:27",7564200
25450,-200,100,"bu","14:23:29",7564300
25450,-200,300,"bu","14:23:34",7564600
25450,-200,23600,"bu","14:23:51",7588200
25450,-200,500,"sd","14:23:58",7588700
25450,-200,200,"sd","14:24:14",7588900
25450,-200,4800,"bu","14:24:21",7593700
25450,-200,100,"sd","14:24:23",7593800
25500,-150,3000,"sd","14:24:30",7596800
25450,-200,200,"bu","14:24:39",7597000
25450,-200,1500,"sd","14:25:01",7598500
25450,-200,100,"bu","14:25:04",7598600
25500,-150,20000,"sd","14:25:07",7618600
25500,-150,20000,"bu","14:25:10",7638600
25450,-200,2000,"bu","14:25:12",7640600
25450,-200,12200,"sd","14:25:15",7652800
25500,-150,11000,"bu","14:25:21",7663800
25500,-150,5000,"sd","14:25:26",7668800
25550,-100,1000,"sd","14:25:33",7669800
25500,-150,3300,"bu","14:25:55",7673100
25550,-100,3000,"bu","14:26:24",7676100
25550,-100,50000,"sd","14:26:26",7726100
25550,-100,6000,"sd","14:26:29",7732100
25550,-100,26900,"sd","14:26:40",7759000
25550,-100,300,"sd","14:27:03",7759300
25550,-100,6500,"sd","14:27:13",7765800
25550,-100,8300,"bu","14:27:16",7774100
25600,-50,20000,"bu","14:27:32",7794100
25600,-50,30000,"bu","14:27:34",7824100
25600,-50,6600,"sd","14:27:42",7830700
25600,-50,400,"bu","14:27:45",7831100
25600,-50,500,"bu","14:27:47",7831600
25650,0,10000,"bu","14:27:52",7841600
25650,0,20000,"sd","14:27:55",7861600
25650,0,20000,"sd","14:28:03",7881600
25650,0,200,"sd","14:28:06",7881800
25600,-50,2300,"bu","14:28:09",7884100
25600,-50,100,"sd","14:28:18",7884200
25600,-50,6000,"sd","14:28:26",7890200
25650,0,17700,"bu","14:28:31",7907900
25650,0,5000,"sd","14:28:33",7912900
25700,50,16400,"sd","14:28:41",7929300
25700,50,100,"bu","14:28:51",7929400
25750,100,18200,"sd","14:28:59",7947600
25750,100,2000,"sd","14:29:02",7949600
25700,50,1600,"sd","14:29:04",7951200
25700,50,3000,"sd","14:29:08",7954200
25700,50,8000,"sd","14:29:16",7962200
25650,0,3000,"bu","14:29:22",7965200
25700,50,1500,"bu","14:29:27",7966700
25650,0,4000,"bu","14:29:29",7970700
25650,0,1100,"bu","14:29:39",7971800
25700,50,2100,"bu","14:29:57",7973900
25650,0,48400,"bu","14:29:59",8022300
25650,0,9100,"bu","14:30:01",8031400
25650,0,680800,"sd","14:45:06",8712200
