"price","change","match_qtty","side","time","total_vol"
7230,60,8400,"bu","09:15:05",8400
7220,50,100,"bu","09:15:45",8500
7200,30,4100,"bu","09:16:05",12600
7200,30,1100,"bu","09:16:13",13700
7200,30,1100,"bu","09:16:14",14800
7200,30,100,"bu","09:16:16",14900
7200,30,500,"sd","09:16:46",15400
7200,30,800,"bu","09:16:48",16200
7200,30,13600,"bu","09:16:58",29800
7190,20,500,"bu","09:17:18",30300
7200,30,10000,"bu","09:17:24",40300
7200,30,4800,"sd","09:18:16",45100
7190,20,1000,"sd","09:18:19",46100
7190,20,400,"sd","09:18:23",46500
7190,20,100,"sd","09:18:24",46600
7190,20,500,"sd","09:18:30",47100
7190,20,100,"sd","09:19:00",47200
7190,20,400,"sd","09:19:06",47600
7190,20,13000,"bu","09:19:13",60600
7190,20,100,"sd","09:19:20",60700
7190,20,1000,"bu","09:19:29",61700
7190,20,100,"sd","09:19:30",61800
7190,20,500,"sd","09:19:45",62300
7180,10,3000,"sd","09:19:47",65300
7180,10,1000,"sd","09:19:50",66300
7180,10,2400,"bu","09:20:04",68700
7180,10,2900,"bu","09:20:06",71600
7170,0,18400,"sd","09:20:51",90000
7170,0,20600,"bu","09:20:52",110600
7170,0,5000,"bu","09:20:52",115600
7170,0,200,"sd","09:20:58",115800
7170,0,6000,"bu","09:21:13",121800
7160,-10,14200,"sd","09:21:36",136000
7180,10,1000,"sd","09:21:39",137000
7180,10,10000,"sd","09:21:47",147000
7170,0,100,"bu","09:22:23",147100
7170,0,1100,"sd","09:22:28",148200
7170,0,2000,"bu","09:23:01",150200
7170,0,1000,"sd","09:23:09",151200
7150,-20,9300,"sd","09:23:10",160500
7150,-20,5700,"sd","09:23:11",166200
7160,-10,4900,"sd","09:23:42",171100
7160,-10,1000,"sd","09:23:45",172100
7160,-10,100,"bu","09:23:59",172200
7170,0,1500,"sd","09:24:06",173700
7170,0,100,"sd","09:24:17",173800
7170,0,600,"sd","09:24:44",174400
7170,0,6000,"sd","09:24:51",180400
7170,0,500,"sd","09:24:58",180900
7170,0,900,"bu","09:24:59",181800
7170,0,600,"bu","09:25:01",182400
7180,10,1000,"sd","09:25:13",183400
7180,10,4000,"bu","09:25:29",187400
7180,10,12300,"bu","09:25:30",199700
7180,10,9700,"sd","09:25:30",209400
7180,10,4300,"bu","09:25:37",213700
7190,20,3000,"sd","09:25:39",216700
7190,20,100,"bu","09:25:40",216800
7190,20,2800,"bu","09:25:42",219600
7190,20,1000,"sd","09:25:56",220600
7190,20,1100,"bu","09:26:01",221700
7220,50,10000,"sd","09:26:10",231700
7230,60,2000,"bu","09:26:37",233700
7230,60,100,"bu","09:27:19",233800
7230,60,1400,"bu","09:27:39",235200
7240,70,2000,"bu","09:28:16",237200
7250,80,8900,"sd","09:28:35",246100
7250,80,1000,"bu","09:28:45",247100
7250,80,100,"bu","09:28:52",247200
7240,70,2000,"sd","09:29:35",249200
7240,70,300,"sd","09:29:42",249500
7240,70,1000,"sd","09:29:50",250500
7240,70,400,"sd","09:30:03",250900
7240,70,800,"sd","09:30:12",251700
7240,70,1000,"bu","09:30:25",252700
7250,80,5000,"bu","09:30:36",257700
7250,80,2000,"sd","09:30:58",259700
7250,80,800,"sd","09:31:07",260500
7270,100,2500,"bu","09:31:23",263000
7260,90,1000,"sd","09:31:39",264000
7270,100,2300,"sd","09:31:59",266300
7270,100,200,"sd","09:32:02",266500
7280,110,2000,"sd","09:32:06",268500
7290,120,10000,"sd","09:32:22",278500
7290,120,4600,"sd","09:32:44",283100
7300,130,1000,"bu","09:32:45",284100
7300,130,19000,"bu","09:32:47",303100
7290,120,1000,"sd","09:32:49",304100
7290,120,100,"sd","09:32:57",304200
7290,120,4300,"sd","09:33:10",308500
7290,120,200,"sd","09:33:40",308700
7270,100,7000,"bu","09:33:48",315700
7270,100,100,"sd","09:33:48",315800
7260,90,1000,"sd","09:34:16",316800
7270,100,200,"bu","09:34:20",317000
7260,90,500,"bu","09:34:21",317500
7260,90,600,"bu","09:35:56",318100
7260,90,5000,"sd","09:36:05",323100
7260,90,2000,"bu","09:36:22",325100
7260,90,500,"sd","09:36:30",325600
7260,90,2000,"sd","09:36:44",327600
7250,80,1000,"sd","09:37:12",328600
7250,80,1000,"bu","09:37:21",329600
7250,80,500,"sd","09:37:46",330100
7250,80,1000,"bu","09:37:56",331100
7250,80,7200,"sd","09:38:56",338300
7260,90,2000,"bu","09:39:08",340300
7250,80,1100,"sd","09:39:19",341400
7250,80,29900,"bu","09:39:24",371300
7250,80,200,"sd","09:39:37",371500
7250,80,1000,"sd","09:39:39",372500
7240,70,2000,"bu","09:39:42",374500
7230,60,1000,"sd","09:39:42",375500
7250,80,300,"sd","09:39:45",375800
7240,70,500,"bu","09:40:36",376300
7240,70,100,"bu","09:40:50",376400
7220,50,1000,"sd","09:41:31",377400
7220,50,100,"sd","09:42:36",377500
7220,50,1100,"sd","09:42:58",378600
7220,50,7000,"sd","09:43:12",385600
7220,50,300,"bu","09:43:14",385900
7200,30,10000,"bu","09:43:18",395900
7200,30,22000,"sd","09:43:30",417900
7200,30,2100,"sd","09:43:31",420000
7200,30,1500,"bu","09:44:22",421500
7200,30,1000,"sd","09:44:35",422500
7200,30,500,"bu","09:44:38",423000
7200,30,1000,"bu","09:44:44",424000
7200,30,400,"sd","09:44:49",424400
7200,30,17800,"bu","09:45:11",442200
7200,30,900,"sd","09:45:20",443100
7200,30,6300,"bu","09:45:26",449400
7200,30,1000,"bu","09:45:27",450400
7200,30,900,"bu","09:45:37",451300
7200,30,1100,"sd","09:45:51",452400
7200,30,100,"bu","09:45:56",452500
7190,20,1800,"sd","09:46:04",454300
7190,20,100,"sd","09:46:10",454400
7190,20,3000,"bu","09:46:31",457400
7190,20,800,"sd","09:46:35",458200
7190,20,3000,"bu","09:47:02",461200
7200,30,200,"bu","09:47:29",461400
7190,20,11600,"bu","09:47:38",473000
7170,0,2100,"bu","09:47:49",475100
7190,20,100,"sd","09:47:54",475200
7190,20,2300,"bu","09:48:17",477500
7170,0,20000,"sd","09:49:57",497500
7180,10,100,"bu","09:50:53",497600
7180,10,3000,"sd","09:52:38",500600
7180,10,800,"bu","09:52:53",501400
7180,10,200,"bu","09:53:02",501600
7180,10,1500,"bu","09:53:15",503100
7190,20,1900,"bu","09:53:28",505000
7190,20,1000,"sd","09:53:51",506000
7190,20,4100,"sd","09:53:56",510100
7200,30,5000,"sd","09:54:17",515100
7200,30,1900,"bu","09:54:41",517000
7250,80,5000,"bu","09:54:41",522000
7250,80,500,"sd","09:54:53",522500
7230,60,300,"sd","09:56:58",522800
7240,70,2000,"bu","09:57:14",524800
7240,70,300,"sd","09:57:40",525100
7240,70,5000,"bu","09:57:44",530100
7240,70,5000,"bu","09:58:15",535100
7250,80,4000,"sd","09:58:27",539100
7210,40,4100,"sd","10:01:19",543200
7210,40,2900,"sd","10:01:51",546100
7210,40,100,"bu","10:03:45",546200
7210,40,5200,"bu","10:04:27",551400
7210,40,200,"sd","10:04:31",551600
7210,40,3000,"bu","10:04:46",554600
7210,40,2100,"sd","10:05:24",556700
7210,40,5700,"bu","10:06:10",562400
7210,40,200,"bu","10:09:32",562600
7210,40,10000,"sd","10:10:06",572600
7210,40,400,"sd","10:10:20",573000
7210,40,2000,"sd","10:10:58",575000
7210,40,500,"bu","10:10:59",575500
7210,40,6200,"bu","10:11:16",581700
7210,40,3000,"bu","10:11:20",584700
7200,30,13000,"bu","10:12:15",597700
7200,30,17200,"bu","10:12:33",614900
7190,20,300,"sd","10:12:42",615200
7200,30,48000,"bu","10:12:54",663200
7200,30,2500,"bu","10:13:12",665700
7210,40,1300,"bu","10:13:33",667000
7200,30,300,"bu","10:14:17",667300
7200,30,100,"bu","10:14:36",667400
7200,30,6300,"sd","10:15:58",673700
7200,30,7200,"bu","10:16:05",680900
7200,30,500,"sd","10:16:15",681400
7200,30,1000,"bu","10:16:24",682400
7200,30,500,"sd","10:16:28",682900
7200,30,10500,"sd","10:16:30",693400
7200,30,1000,"sd","10:16:32",694400
7200,30,100,"bu","10:17:01",694500
7200,30,500,"bu","10:17:04",695000
7200,30,10000,"bu","10:17:13",705000
7200,30,1000,"sd","10:17:23",706000
7200,30,400,"sd","10:17:28",706400
7200,30,6000,"sd","10:17:29",712400
7200,30,1000,"sd","10:17:39",713400
7200,30,100,"sd","10:18:03",713500
7200,30,1500,"bu","10:19:25",715000
7200,30,500,"sd","10:19:55",715500
7200,30,1000,"sd","10:22:50",716500
7200,30,10000,"sd","10:22:54",726500
7200,30,500,"sd","10:23:05",727000
7200,30,100,"bu","10:23:07",727100
7200,30,1100,"bu","10:23:43",728200
7200,30,400,"bu","10:23:46",728600
7200,30,1000,"bu","10:23:48",729600
7200,30,13600,"bu","10:24:07",743200
7210,40,500,"sd","10:24:31",743700
7210,40,5000,"bu","10:24:48",748700
7210,40,1900,"sd","10:24:58",750600
7210,40,1300,"bu","10:25:19",751900
7220,50,400,"sd","10:25:52",752300
7230,60,4300,"bu","10:26:10",756600
7240,70,10000,"sd","10:26:15",766600
7240,70,1500,"sd","10:26:19",768100
7250,80,3000,"sd","10:26:25",771100
7250,80,2000,"sd","10:26:31",773100
7250,80,15700,"bu","10:26:35",788800
7250,80,67300,"sd","10:26:36",856100
7260,90,100,"sd","10:26:51",856200
7270,100,2000,"sd","10:27:13",858200
7280,110,7000,"bu","10:27:23",865200
7280,110,1300,"bu","10:27:25",866500
7290,120,8000,"sd","10:27:30",874500
7290,120,1900,"sd","10:27:34",876400
7300,130,100000,"sd","10:27:38",976400
7300,130,200,"bu","10:27:54",976600
7300,130,25000,"sd","10:28:01",1001600
7300,130,10000,"bu","10:28:02",1011600
7300,130,100,"bu","10:28:03",1011700
7300,130,8000,"bu","10:28:04",1019700
7300,130,3400,"sd","10:28:05",1023100
7310,140,2500,"sd","10:28:13",1025600
7310,140,5000,"bu","10:28:17",1030600
7310,140,5800,"bu","10:28:27",1036400
7310,140,2000,"bu","10:28:28",1038400
7330,160,30000,"bu","10:28:31",1068400
7330,160,100,"sd","10:28:34",1068500
7340,170,2800,"sd","10:28:39",1071300
7340,170,300,"sd","10:28:42",1071600
7350,180,28400,"sd","10:28:47",1100000
7350,180,1100,"sd","10:28:52",1101100
7350,180,2000,"bu","10:28:54",1103100
7360,190,13000,"sd","10:28:56",1116100
7380,210,10000,"sd","10:28:57",1126100
7380,210,500,"sd","10:29:01",1126600
7380,210,400,"bu","10:29:03",1127000
7400,230,55600,"bu","10:29:07",1182600
7400,230,100000,"sd","10:29:10",1282600
7420,250,26000,"sd","10:29:14",1308600
7420,250,5000,"sd","10:29:17",1313600
7370,200,19000,"bu","10:29:18",1332600
7420,250,5000,"bu","10:29:21",1337600
7410,240,32200,"sd","10:29:36",1369800
7410,240,700,"bu","10:29:38",1370500
7370,200,20000,"sd","10:29:47",1390500
7400,230,500,"bu","10:29:49",1391000
7400,230,1500,"sd","10:29:59",1392500
7370,200,300,"sd","10:30:10",1392800
7370,200,5000,"sd","10:30:15",1397800
7400,230,14700,"bu","10:30:18",1412500
7380,210,2800,"bu","10:30:35",1415300
7380,210,4200,"sd","10:30:38",1419500
7390,220,3000,"bu","10:30:39",1422500
7380,210,100,"bu","10:30:46",1422600
7390,220,5000,"bu","10:30:50",1427600
7370,200,5000,"bu","10:30:58",1432600
7370,200,3200,"bu","10:31:05",1435800
7370,200,500,"bu","10:31:09",1436300
7370,200,10000,"sd","10:31:11",1446300
7360,190,500,"bu","10:31:25",1446800
7370,200,500,"sd","10:32:01",1447300
7360,190,300,"sd","10:32:03",1447600
7360,190,100,"sd","10:32:24",1447700
7350,180,5000,"sd","10:32:29",1452700
7360,190,100,"sd","10:32:33",1452800
7350,180,5000,"sd","10:32:40",1457800
7350,180,17200,"bu","10:32:56",1475000
7360,190,3000,"bu","10:32:59",1478000
7340,170,1100,"sd","10:33:02",1479100
7360,190,100,"bu","10:33:15",1479200
7350,180,3500,"bu","10:33:20",1482700
7350,180,1500,"bu","10:33:21",1484200
7350,180,8000,"sd","10:33:25",1492200
7350,180,3000,"bu","10:33:58",1495200
7360,190,1000,"bu","10:34:32",1496200
7350,180,600,"bu","10:34:52",1496800
7350,180,10400,"sd","10:35:07",1507200
7350,180,1000,"sd","10:35:09",1508200
7350,180,300,"bu","10:35:10",1508500
7350,180,5000,"bu","10:35:11",1513500
7350,180,100,"bu","10:35:34",1513600
7330,160,25700,"bu","10:36:05",1539300
7330,160,5000,"bu","10:36:06",1544300
7330,160,10900,"sd","10:36:24",1555200
7330,160,5000,"bu","10:36:35",1560200
7330,160,10000,"sd","10:36:50",1570200
7330,160,200,"bu","10:37:09",1570400
7330,160,300,"bu","10:37:23",1570700
7320,150,1800,"bu","10:38:40",1572500
7320,150,500,"bu","10:38:44",1573000
7320,150,1200,"bu","10:39:38",1574200
7320,150,3000,"bu","10:39:39",1577200
7320,150,2000,"sd","10:40:07",1579200
7320,150,200,"sd","10:40:22",1579400
7320,150,3500,"bu","10:40:33",1582900
7320,150,1000,"sd","10:40:35",1583900
7320,150,4000,"bu","10:41:06",1587900
7310,140,100,"bu","10:43:06",1588000
7310,140,1000,"sd","10:43:17",1589000
7310,140,2000,"bu","10:43:21",1591000
7310,140,400,"sd","10:43:25",1591400
7310,140,700,"bu","10:44:05",1592100
7310,140,200,"sd","10:44:16",1592300
7310,140,3200,"sd","10:44:49",1595500
7320,150,46600,"bu","10:45:08",1642100
7320,150,2000,"sd","10:45:17",1644100
7320,150,100,"sd","10:46:02",1644200
7320,150,7300,"bu","10:46:49",1651500
7320,150,3300,"bu","10:47:21",1654800
7320,150,100,"bu","10:47:30",1654900
7330,160,50100,"sd","10:48:53",1705000
7320,150,900,"bu","10:49:28",1705900
7320,150,200,"bu","10:49:50",1706100
7310,140,400,"bu","10:49:58",1706500
7320,150,100,"sd","10:50:40",1706600
7310,140,1000,"sd","10:51:02",1707600
7310,140,300,"bu","10:52:53",1707900
7320,150,8000,"bu","10:53:20",1715900
7320,150,7500,"bu","10:53:54",1723400
7320,150,1000,"sd","10:54:13",1724400
7320,150,5700,"sd","10:54:19",1730100
7320,150,300,"bu","10:54:21",1730400
7320,150,100,"bu","10:54:31",1730500
7320,150,2000,"bu","10:55:04",1732500
7320,150,300,"bu","10:55:15",1732800
7320,150,100,"bu","10:55:33",1732900
7310,140,20000,"bu","10:55:40",1752900
7310,140,9200,"sd","10:55:48",1762100
7310,140,200,"bu","10:55:50",1762300
7310,140,10000,"sd","10:55:54",1772300
7310,140,1000,"sd","10:55:59",1773300
7310,140,13100,"sd","10:56:14",1786400
7310,140,500,"sd","10:56:50",1786900
7310,140,2000,"sd","10:56:58",1788900
7310,140,20000,"sd","10:57:04",1808900
7320,150,5000,"bu","10:57:07",1813900
7310,140,1000,"sd","10:59:10",1814900
7320,150,20000,"bu","10:59:22",1834900
7320,150,900,"bu","10:59:27",1835800
7320,150,3000,"bu","11:00:10",1838800
7320,150,100,"bu","11:00:27",1838900
7320,150,600,"sd","11:01:50",1839500
7320,150,9300,"bu","11:02:42",1848800
7320,150,4100,"bu","11:04:14",1852900
7310,140,7400,"sd","11:04:17",1860300
7320,150,200,"bu","11:04:25",1860500
7320,150,1000,"sd","11:04:50",1861500
7310,140,200,"bu","11:05:05",1861700
7320,150,1000,"sd","11:05:07",1862700
7310,140,300,"sd","11:05:12",1863000
7320,150,200,"bu","11:05:37",1863200
7320,150,3000,"bu","11:05:50",1866200
7310,140,500,"sd","11:05:59",1866700
7320,150,400,"bu","11:06:06",1867100
7330,160,2200,"bu","11:07:17",1869300
7330,160,400,"bu","11:07:39",1869700
7320,150,2000,"sd","11:07:51",1871700
7320,150,3300,"sd","11:07:59",1875000
7320,150,10000,"sd","11:08:16",1885000
7340,170,30000,"bu","11:08:21",1915000
7340,170,300,"sd","11:08:40",1915300
7340,170,500,"sd","11:08:52",1915800
7330,160,600,"bu","11:09:09",1916400
7340,170,600,"bu","11:09:11",1917000
7330,160,100,"sd","11:10:17",1917100
7330,160,300,"bu","11:10:57",1917400
7330,160,100,"sd","11:11:03",1917500
7330,160,17500,"bu","11:11:06",1935000
7320,150,700,"sd","11:11:17",1935700
7320,150,400,"bu","11:11:41",1936100
7320,150,200,"sd","11:11:47",1936300
7330,160,2000,"sd","11:12:01",1938300
7320,150,100,"bu","11:13:26",1938400
7330,160,200,"bu","11:13:46",1938600
7330,160,800,"sd","11:14:54",1939400
7330,160,1000,"bu","11:18:28",1940400
7330,160,500,"sd","11:18:37",1940900
7320,150,400,"sd","11:19:18",1941300
7330,160,11400,"bu","11:19:19",1952700
7330,160,200,"bu","11:19:35",1952900
7330,160,500,"sd","11:20:01",1953400
7340,170,6000,"sd","11:21:25",1959400
7340,170,4000,"bu","11:22:10",1963400
7340,170,2000,"bu","11:22:42",1965400
7340,170,1600,"bu","11:22:55",1967000
7370,200,38200,"sd","11:25:56",2005200
7370,200,5000,"bu","11:26:34",2010200
7360,190,5100,"sd","11:28:10",2015300
7340,170,18700,"bu","13:00:15",2034000
7340,170,4700,"sd","13:00:17",2038700
7340,170,5000,"bu","13:00:18",2043700
7340,170,8100,"bu","13:00:30",2051800
7330,160,100,"bu","13:00:31",2051900
7330,160,1000,"bu","13:00:38",2052900
7330,160,300,"bu","13:00:41",2053200
7330,160,200,"sd","13:00:42",2053400
7330,160,2400,"bu","13:00:43",2055800
7320,150,8700,"bu","13:00:44",2064500
7320,150,2100,"sd","13:00:51",2066600
7330,160,200,"sd","13:00:56",2066800
7320,150,300,"bu","13:01:11",2067100
7320,150,1200,"sd","13:01:12",2068300
7320,150,11900,"sd","13:01:14",2080200
7320,150,5000,"bu","13:01:15",2085200
7310,140,2000,"bu","13:01:18",2087200
7310,140,17800,"bu","13:01:20",2105000
7310,140,10100,"sd","13:01:23",2115100
7310,140,4100,"sd","13:01:25",2119200
7310,140,2100,"sd","13:01:26",2121300
7310,140,500,"sd","13:01:32",2121800
7310,140,1800,"sd","13:01:41",2123600
7310,140,43500,"sd","13:01:44",2167100
7310,140,1100,"sd","13:01:49",2168200
7310,140,4200,"sd","13:01:58",2172400
7310,140,5200,"sd","13:02:01",2177600
7310,140,4700,"bu","13:02:04",2182300
7310,140,100,"sd","13:02:05",2182400
7310,140,400,"sd","13:02:10",2182800
7310,140,5200,"bu","13:02:12",2188000
7300,130,500,"sd","13:02:36",2188500
7310,140,1000,"bu","13:02:38",2189500
7300,130,4000,"bu","13:02:58",2193500
7300,130,15100,"sd","13:03:01",2208600
7310,140,1700,"bu","13:03:03",2210300
7300,130,3000,"bu","13:03:13",2213300
7300,130,1000,"sd","13:03:20",2214300
7300,130,500,"bu","13:03:21",2214800
7300,130,200,"bu","13:03:23",2215000
7300,130,2000,"sd","13:03:32",2217000
7300,130,100,"sd","13:03:33",2217100
7300,130,1000,"bu","13:03:40",2218100
7310,140,3000,"sd","13:03:46",2221100
7300,130,4000,"sd","13:03:54",2225100
7300,130,500,"bu","13:03:55",2225600
7300,130,3000,"sd","13:03:57",2228600
7300,130,1000,"sd","13:04:10",2229600
7300,130,4000,"bu","13:04:15",2233600
7300,130,500,"bu","13:04:26",2234100
7310,140,9700,"sd","13:04:43",2243800
7310,140,500,"bu","13:05:02",2244300
7310,140,300,"bu","13:05:10",2244600
7310,140,1000,"sd","13:05:11",2245600
7310,140,3100,"bu","13:05:13",2248700
7310,140,1000,"bu","13:05:27",2249700
7310,140,900,"sd","13:05:28",2250600
7320,150,1400,"sd","13:05:30",2252000
7310,140,800,"bu","13:05:32",2252800
7320,150,10000,"sd","13:05:33",2262800
7320,150,100,"bu","13:06:00",2262900
7310,140,1100,"sd","13:06:06",2264000
7310,140,2500,"sd","13:06:33",2266500
7300,130,2000,"bu","13:07:02",2268500
7300,130,200,"sd","13:07:07",2268700
7300,130,100,"sd","13:07:11",2268800
7300,130,12900,"sd","13:07:25",2281700
7310,140,100,"sd","13:07:28",2281800
7310,140,2100,"sd","13:07:41",2283900
7310,140,4800,"bu","13:07:43",2288700
7320,150,1000,"bu","13:08:00",2289700
7310,140,200,"bu","13:08:11",2289900
7310,140,900,"bu","13:08:35",2290800
7310,140,1000,"sd","13:08:44",2291800
7310,140,300,"bu","13:09:01",2292100
7320,150,10000,"sd","13:09:23",2302100
7310,140,1000,"sd","13:09:28",2303100
7320,150,1900,"bu","13:09:45",2305000
7320,150,600,"bu","13:09:52",2305600
7320,150,1200,"bu","13:10:01",2306800
7310,140,3100,"bu","13:10:09",2309900
7310,140,1000,"sd","13:10:53",2310900
7310,140,5000,"sd","13:10:55",2315900
7320,150,1000,"bu","13:10:56",2316900
7320,150,200,"sd","13:10:58",2317100
7320,150,20000,"sd","13:11:11",2337100
7320,150,500,"bu","13:11:37",2337600
7310,140,2700,"sd","13:11:51",2340300
7310,140,600,"sd","13:11:54",2340900
7310,140,2000,"sd","13:11:59",2342900
7310,140,9800,"sd","13:12:30",2352700
7310,140,500,"bu","13:12:39",2353200
7310,140,4000,"bu","13:12:43",2357200
7310,140,5000,"sd","13:13:04",2362200
7310,140,2700,"bu","13:13:07",2364900
7310,140,1000,"sd","13:13:09",2365900
7310,140,100,"sd","13:13:15",2366000
7300,130,6400,"bu","13:13:22",2372400
7310,140,200,"sd","13:13:27",2372600
7310,140,500,"bu","13:13:37",2373100
7310,140,900,"bu","13:13:48",2374000
7310,140,100,"bu","13:13:54",2374100
7310,140,5000,"bu","13:14:06",2379100
7310,140,200,"bu","13:14:55",2379300
7310,140,8200,"sd","13:15:07",2387500
7310,140,1800,"sd","13:15:26",2389300
7310,140,800,"sd","13:15:31",2390100
7310,140,14500,"bu","13:15:56",2404600
7310,140,2900,"sd","13:15:59",2407500
7310,140,1100,"sd","13:16:08",2408600
7310,140,1000,"bu","13:16:12",2409600
7310,140,400,"bu","13:16:31",2410000
7300,130,700,"sd","13:16:40",2410700
7300,130,2000,"bu","13:16:48",2412700
7300,130,1500,"bu","13:16:56",2414200
7300,130,300,"bu","13:17:06",2414500
7300,130,93000,"sd","13:17:08",2507500
7300,130,5000,"sd","13:17:11",2512500
7300,130,500,"bu","13:17:18",2513000
7300,130,26500,"bu","13:17:23",2539500
7300,130,1000,"bu","13:17:24",2540500
7300,130,2500,"sd","13:17:35",2543000
7300,130,41200,"sd","13:17:37",2584200
7290,120,600,"bu","13:17:44",2584800
7280,110,20000,"sd","13:17:57",2604800
7280,110,2000,"bu","13:18:10",2606800
7280,110,6000,"sd","13:18:12",2612800
7300,130,3000,"sd","13:18:20",2615800
7280,110,2000,"bu","13:18:57",2617800
7280,110,1000,"bu","13:19:46",2618800
7280,110,1000,"bu","13:20:02",2619800
7270,100,3400,"bu","13:20:07",2623200
7280,110,200,"bu","13:20:23",2623400
7280,110,500,"sd","13:20:50",2623900
7290,120,400,"sd","13:21:00",2624300
7280,110,300,"bu","13:21:22",2624600
7290,120,1800,"bu","13:21:23",2626400
7290,120,100,"sd","13:21:32",2626500
7300,130,20000,"sd","13:22:11",2646500
7290,120,5200,"sd","13:22:20",2651700
7300,130,1700,"bu","13:22:33",2653400
7290,120,100,"bu","13:22:38",2653500
7290,120,3000,"sd","13:23:01",2656500
7290,120,100,"bu","13:23:07",2656600
7290,120,200,"bu","13:23:08",2656800
7300,130,100,"bu","13:23:43",2656900
7300,130,2000,"bu","13:24:49",2658900
7290,120,10000,"bu","13:25:26",2668900
7280,110,1000,"sd","13:25:42",2669900
7300,130,300,"sd","13:26:00",2670200
7300,130,500,"sd","13:26:17",2670700
7300,130,2000,"bu","13:28:18",2672700
7300,130,600,"sd","13:28:23",2673300
7300,130,5000,"bu","13:28:25",2678300
7300,130,3000,"sd","13:28:41",2681300
7290,120,100,"bu","13:28:45",2681400
7300,130,200,"bu","13:28:47",2681600
7300,130,9800,"sd","13:28:51",2691400
7300,130,300,"sd","13:29:03",2691700
7300,130,5000,"sd","13:29:34",2696700
7300,130,500,"bu","13:29:42",2697200
7310,140,2100,"sd","13:30:49",2699300
7310,140,200,"bu","13:30:59",2699500
7310,140,3400,"sd","13:31:09",2702900
7310,140,2000,"sd","13:31:41",2704900
7310,140,5000,"bu","13:31:53",2709900
7310,140,6800,"bu","13:32:00",2716700
7310,140,1000,"bu","13:32:06",2717700
7310,140,1500,"bu","13:32:10",2719200
7310,140,1500,"bu","13:32:17",2720700
7310,140,500,"bu","13:32:21",2721200
7310,140,4500,"bu","13:32:26",2725700
7300,130,15000,"bu","13:32:52",2740700
7300,130,500,"sd","13:33:25",2741200
7300,130,1200,"sd","13:33:52",2742400
7300,130,300,"bu","13:34:34",2742700
7300,130,10500,"sd","13:34:40",2753200
7300,130,100,"sd","13:34:42",2753300
7300,130,1000,"sd","13:34:44",2754300
7300,130,900,"bu","13:35:13",2755200
7300,130,500,"sd","13:35:19",2755700
7300,130,600,"sd","13:35:20",2756300
7290,120,3000,"sd","13:36:25",2759300
7300,130,1100,"bu","13:36:29",2760400
7300,130,1400,"bu","13:37:00",2761800
7300,130,200,"sd","13:37:02",2762000
7290,120,10000,"bu","13:37:10",2772000
7300,130,200,"sd","13:37:32",2772200
7290,120,800,"bu","13:38:31",2773000
7290,120,2000,"sd","13:38:39",2775000
7290,120,400,"sd","13:38:40",2775400
7290,120,200,"sd","13:38:55",2775600
7290,120,2100,"bu","13:39:04",2777700
7290,120,300,"sd","13:39:10",2778000
7280,110,29200,"sd","13:39:45",2807200
7270,100,10000,"sd","13:40:06",2817200
7280,110,500,"sd","13:40:12",2817700
7280,110,300,"bu","13:40:16",2818000
7280,110,2200,"sd","13:41:07",2820200
7280,110,100,"bu","13:41:18",2820300
7270,100,900,"sd","13:41:28",2821200
7270,100,5000,"bu","13:41:36",2826200
7280,110,2000,"bu","13:41:41",2828200
7270,100,10700,"bu","13:41:52",2838900
7270,100,200,"bu","13:42:12",2839100
7270,100,2100,"sd","13:42:31",2841200
7260,90,5100,"sd","13:42:50",2846300
7270,100,1500,"bu","13:43:07",2847800
7270,100,200,"bu","13:43:18",2848000
7260,90,5000,"bu","13:44:03",2853000
7270,100,5500,"bu","13:44:07",2858500
7270,100,2300,"bu","13:44:29",2860800
7280,110,65600,"bu","13:44:36",2926400
7280,110,400,"sd","13:45:23",2926800
7280,110,3200,"sd","13:45:33",2930000
7280,110,2000,"bu","13:45:47",2932000
7270,100,5100,"sd","13:45:53",2937100
7270,100,2000,"sd","13:46:05",2939100
7270,100,2400,"sd","13:46:47",2941500
7260,90,3000,"sd","13:46:59",2944500
7270,100,4000,"bu","13:47:03",2948500
7270,100,2000,"sd","13:47:12",2950500
7270,100,9800,"sd","13:47:28",2960300
7280,110,2000,"sd","13:47:33",2962300
7280,110,1000,"bu","13:47:57",2963300
7280,110,100,"sd","13:48:22",2963400
7270,100,2500,"bu","13:48:31",2965900
7270,100,300,"bu","13:48:37",2966200
7270,100,100,"bu","13:48:41",2966300
7270,100,6100,"sd","13:49:09",2972400
7270,100,100,"sd","13:49:18",2972500
7270,100,4600,"sd","13:50:03",2977100
7270,100,1500,"sd","13:50:09",2978600
7270,100,1000,"bu","13:50:20",2979600
7280,110,26200,"sd","13:50:33",3005800
7280,110,200,"bu","13:50:37",3006000
7280,110,1600,"sd","13:51:01",3007600
7280,110,3000,"bu","13:51:06",3010600
7280,110,29000,"bu","13:51:31",3039600
7280,110,100,"sd","13:51:48",3039700
7280,110,17200,"sd","13:52:38",3056900
7280,110,3800,"sd","13:52:44",3060700
7280,110,1200,"bu","13:52:48",3061900
7280,110,1000,"bu","13:53:04",3062900
7290,120,7000,"sd","13:53:18",3069900
7280,110,2800,"bu","13:53:28",3072700
7280,110,1000,"sd","13:53:30",3073700
7290,120,20000,"sd","13:53:33",3093700
7300,130,22000,"bu","13:53:51",3115700
7310,140,1000,"sd","13:53:59",3116700
7310,140,100,"bu","13:54:37",3116800
7300,130,1000,"bu","13:55:18",3117800
7310,140,5000,"sd","13:55:20",3122800
7310,140,200,"bu","13:55:22",3123000
7310,140,1000,"bu","13:55:24",3124000
7300,130,5000,"sd","13:56:07",3129000
7300,130,800,"bu","13:56:19",3129800
7300,130,700,"bu","13:56:27",3130500
7300,130,200,"bu","13:56:32",3130700
7300,130,1000,"bu","13:56:35",3131700
7300,130,1300,"sd","13:56:37",3133000
7300,130,1000,"sd","13:56:54",3134000
7300,130,300,"sd","13:56:56",3134300
7300,130,100,"sd","13:56:58",3134400
7300,130,700,"bu","13:57:24",3135100
7300,130,9000,"bu","13:57:26",3144100
7300,130,300,"sd","13:57:33",3144400
7310,140,200,"bu","13:57:35",3144600
7300,130,100,"bu","13:57:43",3144700
7300,130,500,"bu","13:57:51",3145200
7300,130,300,"sd","13:57:58",3145500
7290,120,100,"sd","13:58:11",3145600
7290,120,2000,"bu","13:59:27",3147600
7290,120,2000,"sd","13:59:45",3149600
7300,130,400,"bu","14:00:08",3150000
7290,120,20000,"bu","14:01:04",3170000
7290,120,1000,"sd","14:01:15",3171000
7290,120,500,"sd","14:01:50",3171500
7280,110,5000,"bu","14:01:55",3176500
7280,110,2000,"sd","14:02:11",3178500
7290,120,500,"bu","14:02:15",3179000
7290,120,2500,"bu","14:02:20",3181500
7280,110,1000,"bu","14:02:27",3182500
7270,100,17100,"sd","14:02:51",3199600
7270,100,1000,"bu","14:03:06",3200600
7270,100,300,"bu","14:03:09",3200900
7270,100,200,"bu","14:03:32",3201100
7260,90,15000,"sd","14:03:43",3216100
7260,90,10000,"sd","14:03:50",3226100
7260,90,800,"sd","14:03:52",3226900
7260,90,5000,"sd","14:03:59",3231900
7270,100,2100,"sd","14:04:10",3234000
7260,90,2500,"bu","14:04:12",3236500
7270,100,300,"sd","14:04:19",3236800
7270,100,3000,"bu","14:04:23",3239800
7270,100,10000,"sd","14:04:30",3249800
7260,90,500,"sd","14:04:59",3250300
7260,90,4000,"sd","14:06:03",3254300
7260,90,1000,"bu","14:06:28",3255300
7260,90,100,"bu","14:06:30",3255400
7270,100,8000,"sd","14:06:32",3263400
7260,90,500,"bu","14:06:35",3263900
7270,100,10000,"bu","14:06:43",3273900
7260,90,1000,"sd","14:07:22",3274900
7270,100,500,"sd","14:07:24",3275400
7270,100,2000,"bu","14:07:36",3277400
7270,100,10000,"sd","14:07:44",3287400
7260,90,500,"bu","14:07:51",3287900
7270,100,10200,"sd","14:08:18",3298100
7270,100,200,"bu","14:08:20",3298300
7270,100,21000,"sd","14:08:37",3319300
7270,100,1300,"sd","14:08:41",3320600
7270,100,200,"bu","14:08:51",3320800
7270,100,500,"bu","14:08:53",3321300
7280,110,200,"sd","14:09:02",3321500
7270,100,100,"bu","14:09:12",3321600
7270,100,1900,"sd","14:09:20",3323500
7280,110,100,"sd","14:09:38",3323600
7280,110,2800,"bu","14:09:52",3326400
7280,110,6800,"sd","14:09:54",3333200
7290,120,300,"bu","14:10:42",3333500
7290,120,200,"bu","14:10:53",3333700
7290,120,2900,"bu","14:10:56",3336600
7290,120,100,"sd","14:11:03",3336700
7290,120,1200,"bu","14:11:06",3337900
7300,130,200,"bu","14:11:14",3338100
7290,120,100,"bu","14:11:21",3338200
7300,130,32500,"sd","14:11:36",3370700
7300,130,2000,"sd","14:12:08",3372700
7300,130,2600,"bu","14:12:16",3375300
7310,140,15000,"sd","14:12:34",3390300
7300,130,1500,"sd","14:12:36",3391800
7310,140,5000,"bu","14:12:43",3396800
7300,130,3900,"sd","14:12:46",3400700
7310,140,6000,"sd","14:12:48",3406700
7300,130,100,"sd","14:13:00",3406800
7300,130,200,"bu","14:13:12",3407000
7300,130,1800,"sd","14:14:18",3408800
7300,130,1000,"bu","14:14:50",3409800
7290,120,1700,"bu","14:15:00",3411500
7290,120,1000,"bu","14:15:49",3412500
7290,120,700,"sd","14:16:20",3413200
7290,120,1000,"bu","14:16:29",3414200
7290,120,4500,"sd","14:16:32",3418700
7290,120,500,"bu","14:16:34",3419200
7290,120,1000,"bu","14:16:46",3420200
7290,120,12000,"sd","14:17:14",3432200
7280,110,100,"bu","14:17:20",3432300
7290,120,3600,"sd","14:17:41",3435900
7280,110,5000,"bu","14:17:54",3440900
7290,120,4200,"sd","14:18:07",3445100
7280,110,2000,"bu","14:18:11",3447100
7280,110,100,"sd","14:18:21",3447200
7290,120,500,"sd","14:18:52",3447700
7290,120,100,"sd","14:19:10",3447800
7290,120,200,"bu","14:19:42",3448000
7290,120,100,"bu","14:19:44",3448100
7290,120,6700,"sd","14:19:47",3454800
7290,120,3300,"bu","14:19:49",3458100
7290,120,9800,"bu","14:20:14",3467900
7280,110,4000,"bu","14:20:31",3471900
7280,110,4000,"bu","14:20:41",3475900
7280,110,4000,"sd","14:20:49",3479900
7280,110,100,"bu","14:20:56",3480000
7280,110,2000,"bu","14:21:07",3482000
7300,130,5000,"bu","14:21:16",3487000
7280,110,2900,"bu","14:21:34",3489900
7280,110,1300,"bu","14:21:39",3491200
7280,110,100,"sd","14:21:45",3491300
7270,100,2000,"sd","14:21:56",3493300
7270,100,8400,"bu","14:22:02",3501700
7270,100,2000,"bu","14:22:05",3503700
7260,90,3000,"sd","14:22:08",3506700
7260,90,2000,"sd","14:22:44",3508700
7260,90,400,"sd","14:22:50",3509100
7260,90,30000,"sd","14:23:01",3539100
7260,90,5000,"sd","14:23:12",3544100
7270,100,1000,"sd","14:23:17",3545100
7260,90,10600,"sd","14:23:24",3555700
7260,90,5500,"sd","14:23:27",3561200
7260,90,2500,"bu","14:23:29",3563700
7260,90,2000,"bu","14:23:42",3565700
7260,90,200,"sd","14:23:45",3565900
7260,90,800,"bu","14:24:03",3566700
7260,90,6200,"sd","14:24:14",3572900
7270,100,25000,"bu","14:24:17",3597900
7240,70,200000,"sd","14:24:23",3797900
7260,90,500,"sd","14:24:36",3798400
7240,70,4000,"sd","14:24:39",3802400
7260,90,1500,"bu","14:24:54",3803900
7260,90,500,"bu","14:25:23",3804400
7260,90,2000,"bu","14:26:32",3806400
7260,90,1000,"bu","14:26:40",3807400
7260,90,3700,"sd","14:26:43",3811100
7260,90,500,"bu","14:27:13",3811600
7260,90,900,"sd","14:27:16",3812500
7260,90,600,"bu","14:27:19",3813100
7260,90,500,"sd","14:27:26",3813600
7260,90,1000,"sd","14:27:29",3814600
7260,90,1600,"sd","14:27:55",3816200
7260,90,1300,"sd","14:28:03",3817500
7260,90,10000,"sd","14:28:06",3827500
7260,90,2600,"sd","14:28:12",3830100
7260,90,1000,"sd","14:28:16",3831100
7260,90,3000,"sd","14:28:28",3834100
7260,90,1500,"sd","14:28:38",3835600
7260,90,200,"bu","14:28:44",3835800
7250,80,7000,"bu","14:28:51",3842800
7250,80,3800,"bu","14:29:16",3846600
7250,80,1100,"sd","14:29:22",3847700
7250,80,300,"sd","14:29:27",3848000
7240,70,900,"sd","14:29:36",3848900
7250,80,400,"sd","14:29:39",3849300
7250,80,100,"bu","14:29:46",3849400
7250,80,400,"sd","14:29:51",3849800
7240,70,5000,"bu","14:29:54",3854800
7250,80,1900,"bu","14:29:57",3856700
7250,80,1100,"sd","14:29:59",3857800
7250,80,400,"sd","14:30:01",3858200
7240,70,97400,"bu","14:45:06",3955600
