"price","change","match_qtty","side","time","total_vol"
104000,1000,8100,"bu","09:15:03",8100
103000,0,1300,"bu","09:15:11",9400
103000,0,200,"bu","09:15:31",9600
104000,1000,300,"bu","09:15:32",9900
103000,0,200,"sd","09:15:36",10100
103000,0,100,"bu","09:15:59",10200
103000,0,500,"sd","09:16:38",10700
103000,0,1800,"sd","09:16:47",12500
102800,-200,400,"sd","09:17:56",12900
102800,-200,2600,"bu","09:18:48",15500
102800,-200,300,"sd","09:18:50",15800
102800,-200,200,"bu","09:18:51",16000
102800,-200,100,"sd","09:18:52",16100
102800,-200,1000,"sd","09:19:16",17100
102600,-400,200,"bu","09:19:58",17300
102600,-400,1600,"sd","09:21:05",18900
103000,0,500,"bu","09:21:05",19400
102600,-400,100,"bu","09:22:12",19500
103500,500,6000,"sd","09:23:21",25500
102600,-400,100,"sd","09:24:01",25600
103200,200,1000,"sd","09:27:21",26600
102800,-200,200,"bu","09:27:29",26800
102800,-200,200,"bu","09:27:46",27000
103300,300,300,"sd","09:29:13",27300
102900,-100,200,"bu","09:29:59",27500
103000,0,1100,"sd","09:31:06",28600
103000,0,200,"bu","09:32:13",28800
103000,0,1000,"bu","09:32:42",29800
103000,0,100,"sd","09:32:43",29900
103000,0,200,"sd","09:33:20",30100
103000,0,400,"sd","09:34:28",30500
103000,0,1200,"bu","09:35:09",31700
103000,0,300,"sd","09:35:11",32000
103000,0,600,"bu","09:35:28",32600
103000,0,100,"sd","09:35:34",32700
103000,0,300,"bu","09:35:45",33000
103000,0,600,"bu","09:35:56",33600
103000,0,200,"bu","09:36:41",33800
103000,0,1200,"sd","09:37:38",35000
103000,0,200,"sd","09:37:47",35200
103100,100,200,"sd","09:38:03",35400
103100,100,600,"bu","09:38:49",36000
103000,0,200,"bu","09:38:56",36200
103100,100,700,"sd","09:39:58",36900
103100,100,200,"bu","09:40:02",37100
103000,0,500,"bu","09:40:35",37600
103000,0,200,"sd","09:41:09",37800
103000,0,500,"bu","09:41:54",38300
103000,0,200,"bu","09:42:15",38500
103000,0,4900,"sd","09:42:49",43400
103000,0,1000,"sd","09:43:07",44400
103000,0,2500,"sd","09:43:10",46900
102900,-100,1000,"bu","09:43:58",47900
102900,-100,100,"sd","09:44:29",48000
102900,-100,200,"bu","09:44:59",48200
102900,-100,1000,"bu","09:45:16",49200
102900,-100,1200,"sd","09:45:35",50400
102900,-100,300,"bu","09:45:48",50700
102900,-100,1000,"sd","09:46:10",51700
102900,-100,500,"sd","09:46:17",52200
102900,-100,200,"sd","09:46:42",52400
102900,-100,100,"bu","09:46:44",52500
102900,-100,900,"sd","09:47:13",53400
102900,-100,8900,"sd","09:47:22",62300
102900,-100,1000,"bu","09:47:45",63300
102800,-200,100,"bu","09:47:46",63400
102800,-200,200,"bu","09:47:49",63600
102800,-200,100,"sd","09:48:32",63700
102800,-200,200,"sd","09:48:55",63900
102800,-200,800,"bu","09:49:45",64700
102800,-200,100,"bu","09:50:03",64800
102800,-200,1100,"bu","09:50:59",65900
102800,-200,200,"sd","09:51:10",66100
102900,-100,3700,"bu","09:52:03",69800
102900,-100,200,"bu","09:52:17",70000
102900,-100,1000,"sd","09:52:25",71000
102900,-100,1000,"bu","09:52:29",72000
102900,-100,1000,"bu","09:53:16",73000
102900,-100,200,"sd","09:53:23",73200
102800,-200,100,"bu","09:54:29",73300
102800,-200,200,"sd","09:55:37",73500
103000,0,4700,"bu","09:58:14",78200
102800,-200,800,"sd","09:58:33",79000
102800,-200,100,"bu","09:58:57",79100
102800,-200,200,"sd","10:00:04",79300
102800,-200,300,"sd","10:00:16",79600
102800,-200,1000,"bu","10:01:00",80600
102700,-300,700,"sd","10:01:59",81300
102700,-300,200,"bu","10:02:18",81500
102700,-300,400,"bu","10:02:22",81900
102900,-100,300,"sd","10:02:23",82200
102900,-100,300,"sd","10:02:46",82500
102700,-300,100,"sd","10:03:25",82600
102600,-400,1400,"sd","10:04:53",84000
102600,-400,400,"sd","10:04:58",84400
102600,-400,200,"bu","10:05:38",84600
102700,-300,1100,"sd","10:06:39",85700
102600,-400,200,"bu","10:06:45",85900
102700,-300,600,"sd","10:08:52",86500
102700,-300,200,"sd","10:09:00",86700
102700,-300,1000,"sd","10:09:59",87700
102600,-400,200,"bu","10:10:06",87900
102600,-400,1300,"bu","10:11:10",89200
102600,-400,200,"sd","10:11:13",89400
102700,-300,500,"bu","10:12:08",89900
102600,-400,100,"sd","10:12:19",90000
102700,-300,500,"sd","10:13:05",90500
102600,-400,200,"bu","10:13:26",90700
102600,-400,200,"bu","10:14:33",90900
102600,-400,600,"sd","10:16:05",91500
102600,-400,100,"sd","10:16:46",91600
102600,-400,2000,"bu","10:17:18",93600
102600,-400,300,"bu","10:17:53",93900
102600,-400,1800,"sd","10:19:59",95700
102600,-400,200,"sd","10:20:07",95900
102600,-400,1000,"sd","10:20:26",96900
102600,-400,1000,"bu","10:20:57",97900
102600,-400,100,"sd","10:21:14",98000
102700,-300,500,"sd","10:21:48",98500
102600,-400,1000,"sd","10:21:53",99500
102600,-400,1400,"bu","10:21:59",100900
102600,-400,800,"sd","10:22:51",101700
102600,-400,200,"sd","10:23:27",101900
102600,-400,1000,"sd","10:23:47",102900
102600,-400,100,"sd","10:24:17",103000
102600,-400,200,"bu","10:24:35",103200
102600,-400,500,"sd","10:25:33",103700
102600,-400,100,"sd","10:25:41",103800
102600,-400,300,"sd","10:26:49",104100
102700,-300,3200,"bu","10:28:22",107300
102700,-300,200,"bu","10:28:33",107500
102600,-400,1400,"bu","10:29:07",108900
102600,-400,100,"bu","10:30:08",109000
102600,-400,500,"bu","10:30:21",109500
102600,-400,1200,"bu","10:31:16",110700
102600,-400,1000,"sd","10:31:33",111700
102600,-400,200,"bu","10:32:22",111900
102600,-400,900,"sd","10:33:12",112800
102600,-400,200,"bu","10:33:15",113000
102600,-400,200,"bu","10:33:28",113200
102600,-400,100,"sd","10:34:35",113300
102600,-400,200,"sd","10:35:49",113500
102600,-400,500,"bu","10:38:39",114000
102600,-400,700,"bu","10:40:04",114700
102600,-400,200,"bu","10:40:10",114900
102500,-500,9200,"bu","10:40:59",124100
102500,-500,200,"bu","10:41:16",124300
102500,-500,1200,"sd","10:42:13",125500
102500,-500,200,"bu","10:42:24",125700
102500,-500,800,"sd","10:42:30",126500
102500,-500,600,"bu","10:43:44",127100
102500,-500,200,"sd","10:43:51",127300
102500,-500,100,"bu","10:43:59",127400
102500,-500,200,"sd","10:44:38",127600
102500,-500,400,"sd","10:44:53",128000
102500,-500,100,"sd","10:45:27",128100
102500,-500,200,"bu","10:45:31",128300
102400,-600,200,"bu","10:45:43",128500
102400,-600,400,"sd","10:46:02",128900
102300,-700,200,"bu","10:46:51",129100
102100,-900,2800,"bu","10:50:13",131900
102100,-900,200,"bu","10:51:17",132100
102100,-900,200,"bu","10:51:57",132300
102200,-800,2100,"bu","10:52:00",134400
102200,-800,1000,"sd","10:52:10",135400
102100,-900,300,"bu","10:53:31",135700
102200,-800,100,"bu","10:54:18",135800
102100,-900,800,"sd","10:54:24",136600
102100,-900,200,"bu","10:54:39",136800
102200,-800,100,"sd","10:55:02",136900
102100,-900,2400,"bu","10:56:40",139300
102100,-900,1000,"bu","10:56:43",140300
102200,-800,200,"sd","10:56:48",140500
102100,-900,1200,"sd","10:56:53",141700
102200,-800,100,"bu","10:57:23",141800
102100,-900,1000,"bu","10:58:12",142800
102100,-900,200,"bu","10:59:05",143000
102100,-900,900,"sd","10:59:12",143900
102100,-900,100,"sd","10:59:13",144000
102100,-900,600,"bu","10:59:34",144600
102000,-1000,200,"sd","11:00:12",144800
102100,-900,1000,"bu","11:00:18",145800
102100,-900,100,"bu","11:00:26",145900
102200,-800,1100,"bu","11:01:06",147000
102000,-1000,200,"bu","11:01:21",147200
102100,-900,100,"sd","11:02:26",147300
102100,-900,300,"bu","11:03:32",147600
102200,-800,1700,"sd","11:05:47",149300
102300,-700,2100,"sd","11:07:15",151400
102300,-700,100,"sd","11:07:39",151500
102300,-700,700,"sd","11:07:57",152200
102300,-700,200,"sd","11:08:00",152400
102400,-600,1000,"sd","11:08:13",153400
102400,-600,200,"sd","11:09:06",153600
102500,-500,100,"sd","11:09:42",153700
102500,-500,900,"sd","11:09:53",154600
102500,-500,200,"sd","11:10:15",154800
102500,-500,100,"sd","11:10:57",154900
102400,-600,1100,"sd","11:11:30",156000
102400,-600,200,"sd","11:12:28",156200
102400,-600,1000,"bu","11:12:34",157200
102400,-600,1000,"bu","11:12:42",158200
102400,-600,200,"bu","11:13:35",158400
102300,-700,1000,"sd","11:15:47",159400
102200,-800,200,"bu","11:16:18",159600
102300,-700,300,"sd","11:17:09",159900
102300,-700,500,"sd","11:17:19",160400
102300,-700,200,"bu","11:17:36",160600
102300,-700,100,"bu","11:17:47",160700
102200,-800,200,"sd","11:18:02",160900
102100,-900,2100,"bu","11:20:15",163000
102100,-900,400,"bu","11:22:29",163400
102100,-900,300,"bu","11:24:43",163700
102000,-1000,600,"sd","11:25:48",164300
102000,-1000,800,"sd","11:26:14",165100
102000,-1000,100,"sd","11:26:56",165200
102000,-1000,1500,"sd","11:27:10",166700
102000,-1000,400,"sd","11:28:03",167100
102300,-700,300,"bu","11:28:05",167400
102300,-700,1300,"sd","11:28:56",168700
102300,-700,4800,"sd","13:00:46",173500
102000,-1000,300,"sd","13:01:10",173800
102000,-1000,500,"sd","13:01:51",174300
102200,-800,100,"bu","13:01:54",174400
102100,-900,300,"sd","13:02:50",174700
102100,-900,100,"sd","13:03:28",174800
102100,-900,200,"bu","13:03:33",175000
102100,-900,300,"sd","13:05:00",175300
102100,-900,500,"sd","13:05:49",175800
102100,-900,100,"bu","13:06:18",175900
102100,-900,200,"sd","13:06:36",176100
102100,-900,100,"sd","13:06:52",176200
102100,-900,200,"sd","13:07:21",176400
102100,-900,500,"bu","13:07:35",176900
102200,-800,1000,"bu","13:07:41",177900
102100,-900,100,"sd","13:07:43",178000
102100,-900,400,"bu","13:08:50",178400
102200,-800,100,"sd","13:08:54",178500
102100,-900,200,"bu","13:09:35",178700
102100,-900,1000,"bu","13:10:11",179700
102100,-900,200,"sd","13:10:21",179900
102100,-900,100,"sd","13:11:06",180000
102100,-900,200,"bu","13:11:52",180200
102100,-900,800,"bu","13:12:11",181000
102100,-900,200,"bu","13:12:36",181200
102200,-800,800,"bu","13:12:59",182000
102100,-900,900,"sd","13:13:56",182900
102100,-900,100,"bu","13:14:06",183000
102100,-900,200,"bu","13:14:53",183200
102100,-900,200,"bu","13:15:38",183400
102100,-900,300,"bu","13:16:22",183700
102100,-900,100,"sd","13:16:28",183800
102100,-900,1000,"bu","13:16:36",184800
102100,-900,200,"sd","13:17:08",185000
102100,-900,800,"bu","13:17:20",185800
102100,-900,100,"bu","13:17:21",185900
102100,-900,8300,"sd","13:18:16",194200
102000,-1000,200,"sd","13:18:39",194400
102100,-900,2100,"sd","13:18:49",196500
102100,-900,1000,"sd","13:19:21",197500
102000,-1000,2100,"sd","13:19:23",199600
102100,-900,2100,"bu","13:20:16",201700
102200,-800,5000,"bu","13:21:00",206700
102100,-900,200,"bu","13:21:39",206900
102000,-1000,1000,"sd","13:22:29",207900
102000,-1000,200,"sd","13:23:10",208100
102000,-1000,100,"bu","13:23:54",208200
102000,-1000,200,"bu","13:24:39",208400
102000,-1000,100,"bu","13:24:47",208500
102000,-1000,200,"sd","13:25:26",208700
102000,-1000,1000,"bu","13:25:31",209700
102000,-1000,800,"bu","13:25:34",210500
102000,-1000,200,"sd","13:26:09",210700
102200,-800,100,"bu","13:26:15",210800
102100,-900,800,"sd","13:26:57",211600
102100,-900,100,"bu","13:27:13",211700
102100,-900,6400,"bu","13:27:46",218100
102100,-900,600,"bu","13:27:47",218700
102100,-900,100,"bu","13:28:16",218800
102100,-900,1100,"sd","13:28:21",219900
102000,-1000,200,"sd","13:28:25",220100
102100,-900,500,"sd","13:28:38",220600
102100,-900,300,"bu","13:29:10",220900
102100,-900,200,"bu","13:29:16",221100
102100,-900,100,"bu","13:29:36",221200
102100,-900,3100,"sd","13:30:01",224300
102200,-800,500,"bu","13:30:03",224800
102200,-800,100,"sd","13:30:40",224900
102100,-900,500,"bu","13:31:27",225400
102100,-900,1700,"bu","13:32:12",227100
102100,-900,1600,"bu","13:33:42",228700
102100,-900,200,"sd","13:34:28",228900
102100,-900,200,"bu","13:35:13",229100
102100,-900,100,"sd","13:35:57",229200
102100,-900,500,"sd","13:36:42",229700
102100,-900,800,"sd","13:36:46",230500
102200,-800,300,"sd","13:37:19",230800
102100,-900,200,"sd","13:37:27",231000
102100,-900,1500,"sd","13:38:02",232500
102100,-900,200,"bu","13:38:12",232700
102100,-900,800,"bu","13:38:37",233500
102100,-900,400,"bu","13:39:13",233900
102100,-900,200,"bu","13:39:43",234100
102100,-900,2200,"bu","13:39:51",236300
102100,-900,200,"sd","13:40:28",236500
102100,-900,800,"bu","13:41:05",237300
102100,-900,200,"sd","13:41:14",237500
102100,-900,100,"sd","13:41:59",237600
102100,-900,300,"bu","13:42:44",237900
102200,-800,100,"sd","13:42:46",238000
102100,-900,3000,"sd","13:42:48",241000
102100,-900,1000,"sd","13:43:26",242000
102100,-900,200,"bu","13:43:30",242200
102100,-900,400,"bu","13:45:02",242600
102100,-900,500,"bu","13:45:47",243100
102100,-900,200,"sd","13:46:30",243300
102000,-1000,7200,"bu","13:47:16",250500
102000,-1000,300,"sd","13:48:46",250800
102000,-1000,200,"sd","13:49:31",251000
102000,-1000,10000,"bu","13:49:49",261000
102000,-1000,1000,"sd","13:49:53",262000
102000,-1000,1000,"sd","13:49:56",263000
102000,-1000,10000,"sd","13:50:00",273000
102000,-1000,1400,"bu","13:50:03",274400
102000,-1000,10500,"bu","13:50:05",284900
101900,-1100,400,"sd","13:50:18",285300
101900,-1100,900,"bu","13:50:37",286200
101800,-1200,900,"sd","13:51:03",287100
101800,-1200,1000,"sd","13:51:36",288100
101800,-1200,100,"sd","13:51:46",288200
101800,-1200,800,"bu","13:51:53",289000
101900,-1100,200,"sd","13:52:19",289200
101900,-1100,3300,"bu","13:52:42",292500
101900,-1100,1000,"sd","13:52:44",293500
101900,-1100,200,"sd","13:53:17",293700
101900,-1100,100,"sd","13:53:24",293800
101900,-1100,1000,"sd","13:54:01",294800
101900,-1100,200,"bu","13:54:02",295000
101900,-1100,1000,"sd","13:54:39",296000
102000,-1000,300,"bu","13:55:22",296300
101900,-1100,800,"sd","13:55:28",297100
101900,-1100,200,"bu","13:55:33",297300
101900,-1100,400,"bu","13:56:03",297700
101900,-1100,200,"sd","13:56:19",297900
101900,-1100,1200,"bu","13:57:03",299100
102000,-1000,4000,"bu","13:57:09",303100
102000,-1000,1200,"sd","13:57:47",304300
101900,-1100,100,"sd","13:57:49",304400
102000,-1000,500,"bu","13:58:35",304900
102000,-1000,1000,"sd","13:58:58",305900
101900,-1100,800,"bu","13:59:05",306700
101900,-1100,100,"sd","13:59:19",306800
101900,-1100,200,"sd","14:00:06",307000
101900,-1100,2000,"sd","14:01:08",309000
101900,-1100,200,"sd","14:01:41",309200
101900,-1100,500,"bu","14:01:53",309700
101900,-1100,1000,"sd","14:02:15",310700
101900,-1100,200,"sd","14:02:24",310900
101900,-1100,1300,"sd","14:03:26",312200
101900,-1100,200,"bu","14:03:29",312400
101800,-1200,600,"sd","14:04:02",313000
101900,-1100,200,"sd","14:05:18",313200
101900,-1100,2800,"bu","14:06:28",316000
101900,-1100,700,"sd","14:07:05",316700
101800,-1200,8100,"bu","14:07:24",324800
101900,-1100,100,"sd","14:08:55",324900
101900,-1100,800,"sd","14:09:17",325700
101800,-1200,800,"bu","14:09:45",326500
101900,-1100,300,"sd","14:10:04",326800
101900,-1100,2100,"sd","14:10:30",328900
101900,-1100,4200,"bu","14:11:06",333100
101900,-1100,100,"sd","14:11:11",333200
101900,-1100,300,"sd","14:11:18",333500
101900,-1100,100,"bu","14:11:28",333600
101900,-1100,1200,"bu","14:12:46",334800
101900,-1100,200,"bu","14:13:05",335000
101900,-1100,300,"bu","14:13:17",335300
101900,-1100,900,"sd","14:15:00",336200
101900,-1100,1000,"sd","14:15:07",337200
102000,-1000,800,"sd","14:15:51",338000
102000,-1000,7800,"sd","14:16:20",345800
102000,-1000,200,"bu","14:16:53",346000
102000,-1000,100,"bu","14:17:41",346100
102000,-1000,300,"bu","14:18:24",346400
102000,-1000,800,"sd","14:18:29",347200
102100,-900,100,"sd","14:18:38",347300
102000,-1000,300,"bu","14:18:44",347600
102000,-1000,4000,"bu","14:18:47",351600
102000,-1000,900,"sd","14:19:05",352500
102000,-1000,1000,"sd","14:20:00",353500
102000,-1000,500,"bu","14:20:05",354000
102000,-1000,200,"sd","14:20:28",354200
102000,-1000,100,"sd","14:20:53",354300
101900,-1100,2200,"bu","14:21:10",356500
101900,-1100,1000,"sd","14:22:11",357500
101900,-1100,2200,"bu","14:22:20",359700
101900,-1100,1100,"sd","14:22:29",360800
101900,-1100,1500,"sd","14:23:01",362300
101900,-1100,1000,"sd","14:23:08",363300
101900,-1100,1000,"sd","14:23:10",364300
101800,-1200,1500,"bu","14:23:56",365800
101800,-1200,1000,"sd","14:24:26",366800
101800,-1200,2000,"bu","14:24:46",368800
101900,-1100,2000,"bu","14:25:21",370800
101900,-1100,100,"bu","14:25:30",370900
101900,-1100,300,"bu","14:25:42",371200
101900,-1100,500,"bu","14:25:50",371700
101800,-1200,100,"bu","14:25:52",371800
101800,-1200,300,"bu","14:26:38",372100
101800,-1200,100,"bu","14:26:43",372200
101800,-1200,1900,"sd","14:27:37",374100
101800,-1200,400,"bu","14:28:00",374500
101800,-1200,100,"bu","14:28:38",374600
101800,-1200,1100,"bu","14:28:46",375700
101800,-1200,500,"sd","14:29:16",376200
101900,-1100,100,"sd","14:29:46",376300
101800,-1200,1000,"bu","14:29:54",377300
101800,-1200,100,"bu","14:29:57",377400
101800,-1200,36800,"bu","14:45:06",414200
