"price","change","match_qtty","side","time","total_vol"
18500,0,431400,"bu","09:15:06",431400
18450,-50,1100,"bu","09:15:11",432500
18500,0,1000,"sd","09:15:13",433500
18450,-50,11200,"bu","09:15:41",444700
18450,-50,20800,"sd","09:15:49",465500
18450,-50,11200,"sd","09:15:50",476700
18450,-50,1600,"sd","09:15:52",478300
18450,-50,13100,"bu","09:16:45",491400
18500,0,900,"bu","09:17:16",492300
18450,-50,15100,"bu","09:17:21",507400
18450,-50,4900,"bu","09:17:22",512300
18450,-50,1600,"sd","09:17:27",513900
18450,-50,1700,"bu","09:17:44",515600
18450,-50,1600,"bu","09:18:06",517200
18450,-50,18200,"bu","09:18:35",535400
18450,-50,1600,"sd","09:18:44",537000
18500,0,2500,"sd","09:18:53",539500
18450,-50,3400,"sd","09:18:53",542900
18450,-50,2900,"bu","09:18:54",545800
18400,-100,1600,"bu","09:19:03",547400
18400,-100,1600,"sd","09:19:09",549000
18400,-100,34800,"bu","09:19:29",583800
18400,-100,600,"bu","09:19:30",584400
18400,-100,200,"sd","09:19:33",584600
18350,-150,1600,"sd","09:19:36",586200
18350,-150,3400,"sd","09:19:38",589600
18350,-150,1600,"sd","09:20:10",591200
18350,-150,26300,"sd","09:20:12",617500
18350,-150,1500,"bu","09:20:12",619000
18350,-150,3400,"bu","09:20:14",622400
18350,-150,1600,"sd","09:20:16",624000
18450,-50,900,"bu","09:20:34",624900
18450,-50,27000,"bu","09:20:37",651900
18350,-150,1600,"sd","09:20:40",653500
18450,-50,5000,"bu","09:20:51",658500
18400,-100,1100,"bu","09:21:06",659600
18400,-100,1600,"sd","09:21:11",661200
18350,-150,10200,"sd","09:21:35",671400
18450,-50,1100,"bu","09:22:27",672500
18400,-100,1000,"sd","09:23:37",673500
18450,-50,900,"sd","09:23:55",674400
18400,-100,1200,"bu","09:24:39",675600
18450,-50,5000,"bu","09:24:44",680600
18450,-50,200,"bu","09:25:12",680800
18450,-50,900,"sd","09:25:36",681700
18450,-50,200,"sd","09:25:45",681900
18450,-50,100,"sd","09:25:47",682000
18450,-50,900,"sd","09:26:08",682900
18400,-100,1200,"sd","09:26:25",684100
18400,-100,10000,"bu","09:26:36",694100
18400,-100,100,"sd","09:27:02",694200
18450,-50,900,"bu","09:27:16",695100
18400,-100,3900,"sd","09:28:01",699000
18450,-50,6000,"bu","09:28:25",705000
18400,-100,1700,"bu","09:28:33",706700
18350,-150,11200,"bu","09:28:57",717900
18350,-150,5000,"bu","09:29:13",722900
18350,-150,2400,"bu","09:29:19",725300
18400,-100,200,"sd","09:29:25",725500
18400,-100,10000,"sd","09:29:34",735500
18400,-100,100,"sd","09:29:48",735600
18400,-100,1000,"bu","09:30:38",736600
18350,-150,2000,"bu","09:30:47",738600
18400,-100,15000,"sd","09:30:52",753600
18350,-150,300,"sd","09:30:54",753900
18400,-100,100,"bu","09:30:59",754000
18450,-50,35000,"sd","09:31:10",789000
18400,-100,200,"bu","09:31:24",789200
18400,-100,1000,"bu","09:31:31",790200
18350,-150,5000,"bu","09:31:38",795200
18400,-100,1300,"bu","09:31:46",796500
18400,-100,1500,"bu","09:31:55",798000
18400,-100,2100,"bu","09:32:13",800100
18350,-150,1300,"bu","09:32:16",801400
18400,-100,9000,"bu","09:32:17",810400
18400,-100,900,"bu","09:32:18",811300
18400,-100,400,"bu","09:32:38",811700
18400,-100,100,"sd","09:33:02",811800
18350,-150,5000,"sd","09:33:12",816800
18350,-150,100,"bu","09:33:26",816900
18400,-100,1200,"sd","09:33:34",818100
18400,-100,600,"sd","09:33:42",818700
18400,-100,900,"bu","09:33:59",819600
18400,-100,2200,"bu","09:34:03",821800
18400,-100,7000,"sd","09:34:09",828800
18400,-100,900,"sd","09:34:10",829700
18400,-100,1000,"sd","09:34:12",830700
18350,-150,10200,"bu","09:34:39",840900
18350,-150,2800,"sd","09:34:56",843700
18350,-150,13600,"bu","09:34:57",857300
18350,-150,2200,"sd","09:34:59",864100
18350,-150,5000,"sd","09:35:00",869100
18400,-100,1000,"bu","09:35:40",870100
18400,-100,200,"sd","09:35:48",870300
18350,-150,100,"bu","09:35:54",870400
18500,0,5900,"sd","09:37:20",876300
18500,0,3800,"bu","09:39:03",880100
18500,0,100,"bu","09:39:04",880200
18450,-50,900,"bu","09:40:32",881100
18450,-50,1000,"sd","09:41:05",882100
18350,-150,26000,"sd","09:41:54",908100
18450,-50,1000,"bu","09:42:22",909100
18450,-50,35000,"sd","09:42:34",944100
18400,-100,100,"bu","09:43:41",944200
18350,-150,500,"sd","09:43:42",944700
18450,-50,40900,"sd","09:44:15",985600
18450,-50,39000,"sd","09:44:44",1024600
18450,-50,2000,"sd","09:45:01",1026600
18450,-50,37000,"bu","09:45:34",1063600
18450,-50,1600,"sd","09:45:47",1065200
18450,-50,900,"bu","09:46:55",1066100
18350,-150,300,"sd","09:47:10",1066400
18450,-50,900,"sd","09:47:24",1067300
18450,-50,2800,"sd","09:50:45",1070100
18450,-50,900,"sd","09:52:26",1071000
18450,-50,2800,"bu","09:54:35",1073800
18400,-100,900,"sd","09:55:48",1074700
18400,-100,500,"bu","09:56:02",1075200
18400,-100,100,"bu","09:56:13",1075300
18400,-100,900,"bu","09:56:29",1076200
18400,-100,200,"sd","09:56:47",1076400
18400,-100,1000,"bu","09:57:29",1077400
18400,-100,100,"sd","09:58:06",1077500
18350,-150,10200,"bu","09:59:07",1087700
18400,-100,900,"sd","09:59:09",1088600
18400,-100,1000,"sd","09:59:40",1089600
18400,-100,100,"sd","10:00:21",1089700
18400,-100,900,"bu","10:00:49",1090600
18350,-150,13600,"bu","10:02:11",1104200
18350,-150,6800,"sd","10:02:12",1111000
18350,-150,4100,"sd","10:02:13",1115100
18350,-150,6800,"bu","10:02:14",1121900
18350,-150,3600,"bu","10:02:15",1125500
18350,-150,300,"sd","10:02:26",1125800
18350,-150,900,"bu","10:02:30",1126700
18300,-200,4300,"bu","10:03:03",1131000
18300,-200,1100,"sd","10:03:04",1132100
18300,-200,10200,"bu","10:03:05",1142300
18300,-200,2400,"bu","10:03:17",1144700
18400,-100,3400,"bu","10:04:11",1148100
18300,-200,3400,"bu","10:05:22",1151500
18300,-200,2400,"bu","10:05:50",1153900
18400,-100,900,"bu","10:05:52",1154800
18300,-200,1000,"sd","10:05:55",1155800
18400,-100,200,"bu","10:06:08",1156000
18300,-200,3400,"sd","10:06:52",1159400
18400,-100,300,"sd","10:07:28",1159700
18400,-100,900,"bu","10:07:33",1160600
18350,-150,100,"sd","10:07:49",1160700
18350,-150,31000,"bu","10:08:23",1191700
18300,-200,3400,"sd","10:08:47",1195100
18300,-200,90000,"bu","10:08:57",1285100
18300,-200,2400,"sd","10:09:10",1287500
18350,-150,900,"bu","10:09:13",1288400
18300,-200,79900,"sd","10:09:29",1368300
18350,-150,35000,"sd","10:09:51",1403300
18300,-200,10200,"bu","10:10:11",1413500
18300,-200,100,"bu","10:10:17",1413600
18350,-150,34500,"bu","10:10:19",1448100
18350,-150,1000,"sd","10:10:38",1449100
18350,-150,5000,"bu","10:10:55",1454100
18350,-150,4600,"bu","10:11:12",1458700
18300,-200,3400,"bu","10:11:26",1462100
18300,-200,81000,"sd","10:11:38",1543100
18300,-200,2400,"bu","10:11:52",1545500
18350,-150,1000,"bu","10:11:56",1546500
18350,-150,1200,"sd","10:12:08",1547700
18350,-150,1000,"sd","10:12:26",1548700
18350,-150,400,"bu","10:12:32",1549100
18350,-150,900,"bu","10:12:35",1550000
18300,-200,3400,"bu","10:13:53",1553400
18300,-200,1000,"sd","10:14:15",1554400
18300,-200,10200,"bu","10:14:28",1564600
18350,-150,4000,"sd","10:15:39",1568600
18350,-150,900,"bu","10:15:56",1569500
18350,-150,3000,"bu","10:16:00",1572500
18350,-150,1000,"sd","10:16:29",1573500
18350,-150,1300,"sd","10:18:01",1574800
18350,-150,900,"bu","10:18:48",1575700
18350,-150,1000,"sd","10:20:10",1576700
18350,-150,900,"bu","10:20:58",1577600
18350,-150,4700,"sd","10:22:21",1582300
18350,-150,900,"sd","10:22:38",1583200
18350,-150,1000,"bu","10:23:18",1584200
18350,-150,1700,"bu","10:24:23",1585900
18350,-150,34500,"sd","10:24:53",1620400
18350,-150,3000,"bu","10:24:55",1623400
18350,-150,600,"bu","10:25:03",1624000
18350,-150,1100,"bu","10:25:56",1625100
18400,-100,900,"sd","10:26:00",1626000
18350,-150,1000,"bu","10:26:04",1627000
18350,-150,3200,"bu","10:26:24",1630200
18400,-100,1000,"bu","10:27:40",1631200
18400,-100,1200,"sd","10:28:23",1632400
18400,-100,900,"sd","10:29:21",1633300
18400,-100,500,"sd","10:29:47",1633800
18400,-100,1000,"sd","10:31:01",1634800
18350,-150,7800,"sd","10:31:03",1642600
18400,-100,100400,"sd","10:31:05",1743000
18350,-150,900,"sd","10:31:34",1743900
18350,-150,300,"sd","10:32:11",1744200
18350,-150,200,"sd","10:32:16",1744400
18300,-200,2000,"bu","10:32:20",1746400
18300,-200,100,"bu","10:32:27",1746500
18350,-150,1500,"bu","10:32:29",1748000
18350,-150,600,"bu","10:32:38",1748600
18350,-150,900,"bu","10:32:42",1749500
18350,-150,700,"sd","10:32:50",1750200
18350,-150,50000,"sd","10:33:48",1800200
18350,-150,2500,"sd","10:33:55",1802700
18350,-150,100,"sd","10:34:04",1802800
18350,-150,53000,"bu","10:34:17",1855800
18400,-100,900,"sd","10:34:22",1856700
18350,-150,2600,"sd","10:34:24",1859300
18350,-150,100,"sd","10:34:34",1859400
18350,-150,2100,"bu","10:35:17",1861500
18350,-150,100,"sd","10:35:25",1861600
18400,-100,110200,"sd","10:35:32",1971800
18400,-100,100,"bu","10:35:33",1971900
18400,-100,5500,"bu","10:35:35",1977400
18400,-100,100,"sd","10:35:48",1977500
18400,-100,200,"sd","10:35:49",1977700
18450,-50,900,"sd","10:36:03",1978600
18450,-50,1000,"bu","10:37:46",1979600
18400,-100,10200,"bu","10:37:48",1989800
18400,-100,500,"sd","10:37:55",1990300
18400,-100,100,"sd","10:37:56",1990400
18400,-100,30000,"bu","10:38:02",2020400
18400,-100,200,"sd","10:38:04",2020600
18400,-100,29000,"sd","10:38:16",2049600
18400,-100,28500,"bu","10:38:28",2078100
18450,-50,900,"sd","10:39:25",2079000
18400,-100,28500,"bu","10:40:28",2107500
18400,-100,3400,"bu","10:40:31",2110900
18400,-100,24600,"bu","10:40:40",2135500
18400,-100,900,"bu","10:41:05",2136400
18400,-100,1000,"bu","10:41:08",2137400
18300,-200,1600,"bu","10:41:13",2139000
18300,-200,3400,"bu","10:41:39",2142400
18400,-100,900,"bu","10:42:46",2143300
18400,-100,1900,"bu","10:44:27",2145200
18300,-200,3400,"bu","10:44:43",2148600
18300,-200,1200,"bu","10:44:51",2149800
18300,-200,2400,"bu","10:44:55",2152200
18300,-200,2100,"sd","10:45:10",2154300
18300,-200,2100,"bu","10:45:20",2156400
18400,-100,900,"bu","10:46:07",2157300
18300,-200,1600,"bu","10:46:53",2158900
18300,-200,1700,"sd","10:47:09",2160600
18300,-200,3400,"bu","10:47:11",2164000
18300,-200,2100,"sd","10:47:47",2166100
18300,-200,33300,"sd","10:47:48",2199400
18300,-200,4500,"sd","10:47:52",2203900
18300,-200,100,"sd","10:48:06",2204000
18300,-200,55000,"bu","10:48:21",2259000
18400,-100,5000,"bu","10:48:31",2264000
18400,-100,15000,"bu","10:48:54",2279000
18300,-200,3400,"sd","10:48:57",2282400
18400,-100,900,"sd","10:49:28",2283300
18300,-200,52000,"sd","10:49:56",2335300
18300,-200,53000,"sd","10:50:26",2388300
18300,-200,52000,"sd","10:50:36",2440300
18400,-100,30300,"bu","10:50:53",2470600
18400,-100,400,"sd","10:51:07",2471000
18400,-100,1000,"bu","10:51:09",2472000
18400,-100,25000,"sd","10:51:18",2497000
18400,-100,25500,"sd","10:51:34",2522500
18300,-200,3400,"bu","10:51:39",2525900
18400,-100,900,"sd","10:52:50",2526800
18300,-200,3400,"sd","10:55:40",2530200
18300,-200,1700,"sd","10:55:51",2531900
18300,-200,1600,"bu","10:55:52",2533500
18300,-200,5000,"bu","10:56:10",2538500
18350,-150,900,"sd","10:56:11",2539400
18350,-150,5400,"bu","10:56:14",2544800
18300,-200,3400,"sd","10:56:15",2548200
18300,-200,100,"sd","10:56:18",2548300
18300,-200,600,"sd","10:56:24",2548900
18300,-200,6300,"sd","10:56:30",2555200
18300,-200,200,"bu","10:56:50",2555400
18350,-150,1000,"sd","10:56:57",2556400
18350,-150,21000,"bu","10:57:28",2577400
18350,-150,19000,"bu","10:57:46",2596400
18350,-150,900,"sd","10:57:53",2597300
18350,-150,18500,"sd","10:57:59",2615800
18350,-150,52000,"bu","10:58:34",2667800
18350,-150,51000,"sd","10:58:47",2718800
18350,-150,55000,"sd","10:59:02",2773800
18350,-150,2000,"bu","10:59:10",2775800
18350,-150,100,"bu","10:59:17",2775900
18350,-150,300,"bu","10:59:19",2776200
18350,-150,500,"sd","10:59:23",2776700
18350,-150,1000,"bu","10:59:32",2777700
18350,-150,45000,"bu","10:59:42",2822700
18350,-150,44000,"bu","10:59:57",2866700
18300,-200,200,"bu","11:00:00",2866900
18350,-150,1000,"bu","11:00:10",2867900
18350,-150,900,"bu","11:00:16",2868800
18300,-200,75000,"sd","11:00:49",2943800
18350,-150,900,"bu","11:01:14",2944700
18300,-200,10000,"bu","11:01:30",2954700
18350,-150,5000,"sd","11:02:18",2959700
18350,-150,1000,"sd","11:02:27",2960700
18350,-150,6000,"sd","11:02:35",2966700
18350,-150,11000,"bu","11:02:44",2977700
18350,-150,900,"sd","11:02:55",2978600
18350,-150,23000,"bu","11:03:11",3001600
18350,-150,3000,"bu","11:03:26",3004600
18350,-150,900,"sd","11:03:27",3005500
18350,-150,5000,"sd","11:03:36",3010500
18350,-150,900,"bu","11:04:35",3011400
18300,-200,300,"sd","11:05:30",3011700
18300,-200,100,"sd","11:05:36",3011800
18350,-150,1000,"sd","11:06:16",3012800
18350,-150,900,"bu","11:06:39",3013700
18350,-150,21500,"sd","11:06:56",3035200
18400,-100,900,"sd","11:07:56",3036100
18400,-100,100,"bu","11:08:52",3036200
18400,-100,900,"bu","11:09:36",3037100
18400,-100,1000,"bu","11:09:50",3038100
18300,-200,1600,"bu","11:10:00",3039700
18300,-200,1600,"bu","11:10:04",3041300
18300,-200,5800,"sd","11:10:11",3047100
18300,-200,1600,"sd","11:10:16",3048700
18300,-200,500,"sd","11:10:17",3049200
18300,-200,4200,"bu","11:10:31",3053400
18300,-200,6800,"sd","11:10:38",3060200
18300,-200,6800,"bu","11:10:40",3067000
18300,-200,1600,"bu","11:10:52",3068600
18300,-200,5800,"sd","11:11:01",3074400
18300,-200,1600,"bu","11:11:10",3076000
18300,-200,1600,"sd","11:11:15",3077600
18300,-200,4400,"sd","11:11:17",3082000
18300,-200,200,"sd","11:11:53",3082200
18300,-200,3200,"sd","11:12:07",3085400
18350,-150,2600,"bu","11:12:57",3088000
18350,-150,1000,"sd","11:13:15",3089000
18300,-200,1500,"sd","11:13:59",3090500
18300,-200,2200,"sd","11:14:24",3092700
18300,-200,900,"bu","11:14:39",3093600
18300,-200,200,"bu","11:14:42",3093800
18300,-200,100,"sd","11:14:55",3093900
18400,-100,15000,"sd","11:15:38",3108900
18400,-100,900,"bu","11:16:13",3109800
18400,-100,1100,"bu","11:17:50",3110900
18400,-100,4900,"bu","11:17:59",3115800
18300,-200,3400,"bu","11:18:05",3119200
18300,-200,71000,"sd","11:18:16",3190200
18300,-200,3400,"bu","11:18:25",3193600
18300,-200,72000,"sd","11:18:29",3265600
18300,-200,68000,"bu","11:18:40",3333600
18300,-200,100,"bu","11:19:02",3333700
18400,-100,1000,"sd","11:19:40",3334700
18300,-200,200,"sd","11:20:12",3334900
18400,-100,900,"bu","11:21:20",3335800
18400,-100,900,"bu","11:22:36",3336700
18400,-100,900,"bu","11:23:01",3337600
18350,-150,1900,"bu","11:25:46",3339500
18350,-150,900,"sd","11:26:22",3340400
18300,-200,6800,"bu","11:27:37",3347200
18300,-200,3400,"bu","11:28:00",3350600
18350,-150,1000,"bu","11:28:05",3351600
18300,-200,3400,"bu","11:28:16",3355000
18300,-200,3600,"sd","13:00:29",3358600
18300,-200,48400,"bu","13:00:31",3407000
18300,-200,5900,"sd","13:00:38",3412900
18300,-200,200,"bu","13:00:41",3413100
18300,-200,100,"bu","13:00:51",3413200
18300,-200,500,"sd","13:00:57",3413700
18300,-200,1000,"sd","13:01:01",3414700
18300,-200,42000,"bu","13:01:14",3456700
18300,-200,2400,"sd","13:01:16",3459100
18300,-200,42000,"sd","13:01:18",3501100
18300,-200,40000,"sd","13:01:24",3541100
18300,-200,39000,"bu","13:01:26",3580100
18350,-150,40000,"sd","13:01:34",3620100
18350,-150,900,"bu","13:01:40",3621000
18350,-150,39000,"sd","13:01:46",3660000
18350,-150,37500,"sd","13:02:01",3697500
18350,-150,1000,"bu","13:02:18",3698500
18350,-150,5000,"bu","13:02:22",3703500
18350,-150,6100,"bu","13:02:31",3709600
18350,-150,500,"sd","13:02:39",3710100
18350,-150,900,"sd","13:02:46",3711000
18350,-150,8700,"bu","13:02:54",3719700
18350,-150,15200,"bu","13:03:00",3734900
18350,-150,100,"sd","13:03:11",3735000
18400,-100,900,"sd","13:03:54",3735900
18400,-100,1000,"bu","13:05:00",3736900
18350,-150,200,"sd","13:05:05",3737100
18350,-150,10000,"bu","13:05:30",3747100
18350,-150,1500,"bu","13:05:35",3748600
18400,-100,900,"bu","13:06:06",3749500
18400,-100,900,"bu","13:07:05",3750400
18400,-100,900,"bu","13:07:13",3751300
18400,-100,900,"sd","13:08:20",3752200
18400,-100,1000,"bu","13:09:27",3753200
18400,-100,20000,"sd","13:10:07",3773200
18400,-100,900,"bu","13:10:21",3774100
18400,-100,1900,"bu","13:10:42",3776000
18350,-150,2500,"sd","13:11:17",3778500
18350,-150,4200,"sd","13:11:22",3782700
18400,-100,900,"sd","13:11:39",3783600
18350,-150,100,"bu","13:11:52",3783700
18400,-100,10000,"bu","13:11:56",3793700
18350,-150,100,"sd","13:12:41",3793800
18400,-100,900,"sd","13:12:44",3794700
18350,-150,1600,"bu","13:12:59",3796300
18350,-150,3400,"sd","13:13:01",3799700
18350,-150,2400,"bu","13:13:04",3802100
18350,-150,4200,"bu","13:13:12",3806300
18350,-150,8500,"bu","13:13:27",3814800
18350,-150,900,"sd","13:13:35",3815700
18350,-150,1000,"bu","13:13:52",3816700
18300,-200,3400,"sd","13:14:13",3820100
18350,-150,900,"sd","13:14:58",3821000
18350,-150,3000,"bu","13:15:00",3824000
18350,-150,1900,"sd","13:16:03",3825900
18350,-150,2800,"sd","13:17:21",3828700
18350,-150,75000,"bu","13:17:49",3903700
18350,-150,36500,"bu","13:18:02",3940200
18350,-150,40000,"sd","13:18:16",3980200
18350,-150,1000,"sd","13:18:18",3981200
18350,-150,38100,"sd","13:18:32",4019300
18350,-150,30000,"sd","13:18:55",4049300
18350,-150,5000,"sd","13:19:04",4054300
18350,-150,1000,"sd","13:19:12",4055300
18350,-150,2500,"sd","13:19:17",4057800
18350,-150,900,"sd","13:19:25",4058700
18350,-150,15000,"sd","13:19:34",4073700
18350,-150,900,"bu","13:20:07",4074600
18350,-150,3000,"bu","13:20:31",4077600
18350,-150,1000,"bu","13:21:04",4078600
18400,-100,1000,"bu","13:21:37",4079600
18400,-100,6800,"bu","13:21:48",4086400
18400,-100,900,"bu","13:22:44",4087300
18400,-100,1900,"bu","13:23:51",4089200
18400,-100,1900,"sd","13:24:56",4091100
18400,-100,5000,"bu","13:25:17",4096100
18400,-100,1200,"bu","13:26:02",4097300
18350,-150,12000,"sd","13:27:38",4109300
18350,-150,100,"sd","13:27:43",4109400
18400,-100,1000,"bu","13:28:16",4110400
18400,-100,900,"bu","13:29:22",4111300
18400,-100,900,"bu","13:29:51",4112200
18400,-100,900,"sd","13:30:28",4113100
18350,-150,20900,"bu","13:31:41",4134000
18400,-100,1000,"bu","13:31:48",4135000
18400,-100,20000,"bu","13:32:08",4155000
18400,-100,1000,"sd","13:32:41",4156000
18350,-150,7400,"sd","13:33:02",4163400
18400,-100,100000,"bu","13:33:04",4263400
18400,-100,900,"sd","13:33:06",4264300
18400,-100,3000,"bu","13:33:15",4267300
18400,-100,28000,"bu","13:33:29",4295300
18400,-100,28500,"sd","13:33:38",4323800
18400,-100,1000,"bu","13:33:46",4324800
18450,-50,900,"sd","13:33:48",4325700
18450,-50,30500,"sd","13:34:03",4356200
18400,-100,100,"sd","13:34:16",4356300
18450,-50,5000,"sd","13:34:42",4361300
18450,-50,600,"sd","13:34:44",4361900
18400,-100,200,"bu","13:34:52",4362100
18450,-50,900,"bu","13:34:54",4363000
18400,-100,29000,"sd","13:34:56",4392000
18400,-100,5000,"bu","13:35:03",4397000
18400,-100,10000,"bu","13:35:22",4407000
18400,-100,100,"sd","13:35:26",4407100
18400,-100,16600,"bu","13:35:40",4423700
18400,-100,49000,"sd","13:35:51",4472700
18400,-100,900,"bu","13:36:01",4473600
18400,-100,52000,"bu","13:36:03",4525600
18400,-100,900,"bu","13:36:21",4526500
18400,-100,10000,"sd","13:36:25",4536500
18400,-100,8400,"bu","13:36:38",4544900
18400,-100,6000,"sd","13:36:46",4550900
18400,-100,9900,"bu","13:37:06",4560800
18400,-100,1000,"sd","13:37:08",4561800
18400,-100,3000,"bu","13:37:27",4564800
18400,-100,900,"bu","13:38:15",4565700
18400,-100,2000,"sd","13:40:18",4567700
18400,-100,900,"sd","13:40:26",4568600
18350,-150,200,"sd","13:40:50",4568800
18400,-100,1000,"sd","13:41:33",4569800
18300,-200,13600,"sd","13:42:18",4583400
18300,-200,13600,"bu","13:42:20",4597000
18400,-100,900,"bu","13:42:39",4597900
18300,-200,1000,"sd","13:43:34",4598900
18400,-100,900,"sd","13:43:46",4599800
18400,-100,900,"sd","13:44:54",4600700
18400,-100,1000,"bu","13:45:59",4601700
18400,-100,900,"sd","13:46:05",4602600
18400,-100,100,"bu","13:46:22",4602700
18400,-100,900,"sd","13:47:05",4603600
18300,-200,6800,"sd","13:47:12",4610400
18300,-200,500,"bu","13:47:28",4610900
18300,-200,6800,"sd","13:48:01",4617700
18400,-100,900,"sd","13:48:14",4618600
18300,-200,100,"sd","13:48:22",4618700
18400,-100,1000,"bu","13:49:18",4619700
18300,-200,45900,"sd","13:49:45",4665600
18300,-200,4500,"bu","13:49:53",4670100
18300,-200,48200,"bu","13:49:56",4718300
18300,-200,35000,"bu","13:50:09",4753300
18400,-100,37000,"bu","13:50:27",4790300
18300,-200,22700,"bu","13:50:35",4813000
18300,-200,100,"bu","13:50:56",4813100
18350,-150,111700,"sd","13:51:06",4924800
18350,-150,6800,"sd","13:51:21",4931600
18350,-150,900,"bu","13:51:31",4932500
18350,-150,6800,"bu","13:52:03",4939300
18350,-150,20400,"sd","13:52:25",4959700
18350,-150,6800,"bu","13:52:32",4966500
18350,-150,900,"bu","13:52:36",4967400
18400,-100,85900,"bu","13:53:06",5053300
18350,-150,900,"bu","13:53:44",5054200
18400,-100,27500,"bu","13:53:46",5081700
18400,-100,1000,"sd","13:54:51",5082700
18400,-100,3500,"bu","13:55:51",5086200
18400,-100,900,"sd","13:55:58",5087100
18400,-100,6800,"bu","13:56:07",5093900
18400,-100,900,"sd","13:57:05",5094800
18300,-200,1000,"bu","13:57:39",5095800
18400,-100,900,"bu","13:58:11",5096700
18400,-100,900,"bu","13:59:05",5097600
18400,-100,1000,"sd","13:59:17",5098600
18400,-100,900,"bu","14:00:23",5099500
18300,-200,1600,"bu","14:00:40",5101100
18300,-200,6800,"sd","14:00:45",5107900
18300,-200,5800,"bu","14:00:47",5113700
18300,-200,1600,"sd","14:00:52",5115300
18250,-250,6800,"sd","14:00:54",5122100
18250,-250,10200,"bu","14:00:57",5132300
18250,-250,4200,"sd","14:00:59",5136500
18250,-250,1600,"bu","14:01:01",5138100
18250,-250,6800,"bu","14:01:10",5144900
18250,-250,4200,"bu","14:01:13",5149100
18250,-250,2400,"bu","14:01:21",5151500
18250,-250,7300,"sd","14:01:28",5158800
18350,-150,4900,"sd","14:01:30",5163700
18300,-200,1600,"sd","14:01:35",5165300
18300,-200,3600,"bu","14:01:41",5168900
18250,-250,3400,"sd","14:01:46",5172300
18250,-250,1600,"bu","14:01:50",5173900
18250,-250,500,"bu","14:01:53",5174400
18250,-250,1000,"bu","14:02:11",5175400
18200,-300,1600,"sd","14:02:15",5177000
18200,-300,3900,"sd","14:02:20",5180900
18200,-300,5000,"bu","14:02:24",5185900
18200,-300,900,"sd","14:02:27",5186800
18200,-300,5000,"sd","14:02:31",5191800
18350,-150,900,"bu","14:02:38",5192700
18200,-300,3400,"sd","14:02:40",5196100
18200,-300,4400,"bu","14:03:16",5200500
18200,-300,100,"sd","14:03:21",5200600
18200,-300,500,"sd","14:03:24",5201100
18200,-300,500,"sd","14:03:29",5201600
18200,-300,1400,"bu","14:03:39",5203000
18350,-150,1000,"sd","14:03:43",5204000
18200,-300,500,"bu","14:03:54",5204500
18200,-300,2900,"bu","14:04:32",5207400
18350,-150,900,"bu","14:04:48",5208300
18200,-300,500,"bu","14:04:52",5208800
18200,-300,9400,"sd","14:05:23",5218200
18200,-300,500,"sd","14:05:26",5218700
18200,-300,900,"bu","14:05:31",5219600
18350,-150,4400,"sd","14:05:34",5224000
18350,-150,900,"sd","14:05:36",5224900
18350,-150,1000,"sd","14:05:52",5225900
18350,-150,900,"sd","14:05:58",5226800
18250,-250,500,"bu","14:06:00",5227300
18250,-250,600,"bu","14:06:25",5227900
18350,-150,7800,"bu","14:06:30",5235700
18200,-300,500,"sd","14:06:35",5236200
18250,-250,900,"bu","14:06:40",5237100
18350,-150,1400,"sd","14:07:03",5238500
18200,-300,500,"sd","14:07:14",5239000
18200,-300,2500,"sd","14:07:39",5241500
18200,-300,500,"sd","14:07:55",5242000
18350,-150,900,"sd","14:08:10",5242900
18250,-250,500,"sd","14:08:12",5243400
18200,-300,1000,"bu","14:08:25",5244400
18200,-300,500,"bu","14:08:30",5244900
18200,-300,900,"bu","14:08:34",5245800
18300,-200,25600,"bu","14:09:07",5271400
18300,-200,1200,"bu","14:09:15",5272600
18200,-300,1500,"bu","14:09:26",5274100
18200,-300,4700,"sd","14:09:35",5278800
18300,-200,80500,"bu","14:09:38",5359300
18200,-300,500,"sd","14:09:43",5359800
18200,-300,500,"bu","14:09:45",5360300
18200,-300,5400,"bu","14:09:47",5365700
18300,-200,15000,"sd","14:09:54",5380700
18300,-200,2000,"sd","14:09:59",5382700
18300,-200,5000,"bu","14:10:04",5387700
18200,-300,500,"bu","14:10:06",5388200
18300,-200,1000,"sd","14:10:11",5389200
18300,-200,3000,"sd","14:10:19",5392200
18300,-200,1400,"sd","14:10:21",5393600
18200,-300,500,"sd","14:10:30",5394100
18300,-200,60200,"bu","14:10:42",5454300
18200,-300,900,"sd","14:10:45",5455200
18300,-200,54000,"sd","14:10:56",5509200
18300,-200,5500,"sd","14:11:03",5514700
18300,-200,1000,"sd","14:11:11",5515700
18200,-300,2500,"sd","14:11:18",5518200
18300,-200,1400,"bu","14:11:28",5519600
18200,-300,7300,"bu","14:11:31",5526900
18300,-200,46000,"bu","14:11:33",5572900
18200,-300,500,"sd","14:11:38",5573400
18300,-200,6800,"sd","14:11:41",5580200
18200,-300,900,"bu","14:11:43",5581100
18300,-200,5000,"sd","14:11:45",5586100
18300,-200,1000,"bu","14:11:56",5587100
18300,-200,100,"sd","14:12:01",5587200
18200,-300,500,"bu","14:12:03",5587700
18200,-300,500,"sd","14:12:19",5588200
18300,-200,5000,"bu","14:12:26",5593200
18300,-200,1500,"sd","14:12:29",5594700
18200,-300,500,"bu","14:12:32",5595200
18300,-200,1500,"sd","14:12:34",5596700
18250,-250,1400,"bu","14:12:36",5598100
18200,-300,500,"sd","14:12:41",5598600
18200,-300,400,"sd","14:12:43",5599000
18300,-200,20500,"sd","14:13:07",5619500
18200,-300,500,"sd","14:13:19",5620000
18200,-300,500,"sd","14:13:30",5620500
18200,-300,2900,"sd","14:13:46",5623400
18200,-300,4200,"bu","14:13:51",5627600
18300,-200,16000,"sd","14:13:58",5643600
18200,-300,500,"bu","14:14:04",5644100
18200,-300,100,"bu","14:14:08",5644200
18200,-300,500,"bu","14:14:18",5644700
18300,-200,1000,"bu","14:14:21",5645700
18250,-250,500,"sd","14:14:28",5646200
18250,-250,52900,"bu","14:14:33",5699100
18250,-250,500,"sd","14:14:37",5699600
18250,-250,900,"bu","14:14:43",5700500
18350,-150,900,"bu","14:14:48",5701400
18350,-150,10000,"bu","14:14:50",5711400
18350,-150,5000,"bu","14:15:03",5716400
18250,-250,4800,"sd","14:15:07",5721200
18200,-300,4800,"bu","14:15:24",5726000
18200,-300,4800,"bu","14:15:34",5730800
18200,-300,4800,"sd","14:15:41",5735600
18350,-150,8100,"sd","14:15:54",5743700
18250,-250,51100,"sd","14:15:56",5794800
18350,-150,6800,"bu","14:16:00",5801600
18250,-250,4800,"bu","14:16:02",5806400
18250,-250,1000,"bu","14:16:08",5807400
18200,-300,4800,"bu","14:16:20",5812200
18200,-300,4800,"bu","14:16:32",5817000
18350,-150,3400,"sd","14:16:46",5820400
18350,-150,900,"bu","14:17:00",5821300
18350,-150,10000,"bu","14:17:14",5831300
18200,-300,4800,"bu","14:17:17",5836100
18350,-150,8000,"bu","14:17:29",5844100
18350,-150,5000,"sd","14:17:36",5849100
18350,-150,1000,"sd","14:18:07",5850100
18200,-300,61000,"bu","14:18:16",5911100
18200,-300,4800,"bu","14:18:27",5915900
18350,-150,3000,"sd","14:18:32",5918900
18350,-150,1000,"sd","14:18:36",5919900
18200,-300,4800,"sd","14:18:44",5924700
18200,-300,4800,"bu","14:19:05",5929500
18350,-150,900,"sd","14:19:13",5930400
18200,-300,4800,"sd","14:19:28",5935200
18300,-200,55000,"sd","14:19:32",5990200
18300,-200,56000,"sd","14:19:44",6046200
18300,-200,22400,"bu","14:19:57",6068600
18300,-200,15000,"sd","14:20:05",6083600
18200,-300,3400,"sd","14:20:08",6087000
18200,-300,6400,"bu","14:20:11",6093400
18200,-300,4200,"bu","14:20:14",6097600
18200,-300,6800,"sd","14:20:16",6104400
18300,-200,11200,"bu","14:20:18",6115600
18300,-200,900,"sd","14:20:20",6116500
18300,-200,40200,"bu","14:20:25",6156700
18200,-300,2400,"sd","14:20:33",6159100
18200,-300,3400,"sd","14:20:41",6162500
18200,-300,2400,"bu","14:20:59",6164900
18150,-350,3400,"bu","14:21:04",6168300
18150,-350,2400,"bu","14:21:13",6170700
18150,-350,7300,"sd","14:21:27",6178000
18150,-350,10200,"bu","14:21:34",6188200
18150,-350,3400,"sd","14:21:36",6191600
18150,-350,3400,"bu","14:21:42",6195000
18150,-350,2400,"bu","14:21:56",6197400
18150,-350,3400,"bu","14:21:59",6200800
18150,-350,2400,"sd","14:22:20",6203200
18150,-350,3400,"sd","14:22:23",6206600
18300,-200,1000,"bu","14:22:34",6207600
18150,-350,2400,"sd","14:22:47",6210000
18150,-350,11500,"sd","14:23:22",6221500
18300,-200,900,"sd","14:23:39",6222400
18150,-350,2400,"bu","14:23:58",6224800
18150,-350,5800,"bu","14:24:14",6230600
18150,-350,2400,"sd","14:24:30",6233000
18150,-350,2400,"sd","14:24:44",6235400
18150,-350,3300,"sd","14:25:01",6238700
18150,-350,4800,"sd","14:25:42",6243500
18300,-200,5100,"bu","14:25:52",6248600
18150,-350,2400,"sd","14:25:58",6251000
18150,-350,200,"bu","14:26:05",6251200
18150,-350,2400,"sd","14:26:21",6253600
18350,-150,6000,"bu","14:26:32",6259600
18150,-350,2400,"sd","14:26:34",6262000
18150,-350,4200,"bu","14:26:43",6266200
18150,-350,2400,"bu","14:26:55",6268600
18350,-150,900,"bu","14:27:03",6269500
18150,-350,2400,"sd","14:27:16",6271900
18350,-150,6800,"bu","14:27:45",6278700
18150,-350,2400,"bu","14:27:58",6281100
18150,-350,4200,"sd","14:28:03",6285300
18300,-200,9400,"bu","14:28:06",6294700
18150,-350,7600,"bu","14:28:09",6302300
18150,-350,6600,"bu","14:28:12",6308900
18150,-350,5500,"sd","14:28:16",6314400
18150,-350,3400,"sd","14:28:26",6317800
18150,-350,6900,"bu","14:28:59",6324700
18150,-350,2100,"sd","14:29:08",6326800
18300,-200,3400,"bu","14:29:19",6330200
18150,-350,2500,"bu","14:29:29",6332700
18150,-350,2800,"sd","14:29:42",6335500
18150,-350,2400,"sd","14:29:54",6337900
18150,-350,100,"bu","14:29:59",6338000
18450,-50,172300,"sd","14:45:10",6510300
