"price","change","match_qtty","side","time","total_vol"
62000,-400,4700,"bu","09:15:04",4700
62300,-100,30000,"bu","09:15:13",34700
62300,-100,5000,"sd","09:15:25",39700
62300,-100,5000,"sd","09:15:36",44700
62300,-100,5000,"bu","09:15:45",49700
62400,0,10000,"bu","09:16:04",59700
62300,-100,5800,"sd","09:16:15",65500
62300,-100,6500,"bu","09:16:22",72000
62500,100,18900,"bu","09:16:53",90900
61900,-500,3000,"sd","09:20:42",93900
61900,-500,12000,"sd","09:20:43",105900
61900,-500,1300,"sd","09:20:50",107200
61900,-500,5000,"sd","09:21:01",112200
61900,-500,5000,"bu","09:21:09",117200
61800,-600,1000,"sd","09:21:20",118200
61900,-500,5000,"bu","09:21:23",123200
61900,-500,5000,"sd","09:21:38",128200
61900,-500,5000,"sd","09:21:52",133200
61900,-500,2400,"bu","09:21:57",135600
61900,-500,600,"bu","09:22:40",136200
61800,-600,5000,"bu","09:23:52",141200
61800,-600,5000,"bu","09:24:02",146200
61800,-600,5000,"bu","09:24:13",151200
61900,-500,5000,"bu","09:24:22",156200
61800,-600,5000,"bu","09:26:14",161200
61800,-600,18500,"sd","09:26:22",179700
61800,-600,5000,"sd","09:26:23",184700
61800,-600,4900,"bu","09:26:40",189600
61800,-600,100,"sd","09:26:47",189700
61800,-600,5000,"bu","09:27:01",194700
61800,-600,5000,"sd","09:27:13",199700
61800,-600,15900,"bu","09:27:18",215600
61800,-600,15000,"sd","09:27:29",230600
61800,-600,5000,"sd","09:27:33",235600
61900,-500,10000,"bu","09:27:55",245600
61800,-600,3600,"bu","09:28:18",249200
61800,-600,1400,"bu","09:28:24",250600
61800,-600,5000,"sd","09:28:31",255600
61800,-600,5000,"bu","09:28:43",260600
61800,-600,200,"bu","09:28:56",260800
61700,-700,5000,"sd","09:29:48",265800
61700,-700,5000,"sd","09:29:59",270800
61700,-700,1500,"bu","09:30:06",272300
61700,-700,500,"bu","09:30:14",272800
61700,-700,3000,"sd","09:30:16",275800
61700,-700,300,"sd","09:30:21",276100
61700,-700,700,"sd","09:30:25",276800
61700,-700,15800,"sd","09:30:31",292600
61700,-700,4000,"bu","09:30:34",296600
61700,-700,2000,"bu","09:30:40",298600
61700,-700,7800,"bu","09:30:52",306400
61700,-700,3000,"sd","09:31:07",309400
61700,-700,4600,"bu","09:31:25",314000
61600,-800,100,"bu","09:32:24",314100
61700,-700,5100,"sd","09:32:38",319200
61700,-700,8000,"sd","09:33:11",327200
61500,-900,1400,"sd","09:34:03",328600
61700,-700,5000,"sd","09:34:27",333600
61500,-900,200,"bu","09:34:32",333800
61700,-700,5000,"sd","09:35:04",338800
61700,-700,3900,"bu","09:35:25",342700
61700,-700,5000,"bu","09:35:42",347700
61700,-700,6000,"sd","09:36:03",353700
61700,-700,500,"sd","09:36:17",354200
61700,-700,1000,"bu","09:36:30",355200
61800,-600,100,"sd","09:36:35",355300
61800,-600,2000,"sd","09:41:43",357300
61700,-700,500,"bu","09:45:38",357800
61800,-600,10500,"bu","09:46:52",368300
61800,-600,11500,"sd","09:47:02",379800
61500,-900,14000,"sd","09:57:34",393800
61600,-800,100,"bu","09:58:03",393900
61000,-1400,60200,"sd","10:10:55",454100
61000,-1400,1000,"sd","10:11:15",455100
61000,-1400,300,"sd","10:12:07",455400
61600,-800,100,"sd","10:13:05",455500
61100,-1300,18700,"sd","10:25:35",474200
61300,-1100,100,"bu","10:26:18",474300
61100,-1300,1700,"sd","10:26:29",476000
61600,-800,1000,"bu","10:26:52",477000
61100,-1300,600,"bu","10:33:09",477600
61600,-800,100,"bu","10:33:29",477700
61000,-1400,3000,"sd","10:41:00",480700
61300,-1100,100,"sd","10:41:49",480800
61000,-1400,200,"bu","10:44:51",481000
61000,-1400,3000,"bu","10:46:33",484000
61000,-1400,3100,"sd","10:47:25",487100
61300,-1100,100,"sd","10:47:59",487200
61000,-1400,500,"sd","10:48:57",487700
61300,-1100,100,"sd","10:49:37",487800
60900,-1500,31300,"bu","10:52:55",519100
61300,-1100,100,"bu","10:53:35",519200
61100,-1300,4700,"bu","11:00:23",523900
61200,-1200,400,"sd","11:04:06",524300
61000,-1400,30900,"bu","11:11:41",555200
61300,-1100,100,"sd","11:11:58",555300
60900,-1500,19500,"bu","11:15:00",574800
61300,-1100,100,"sd","11:15:11",574900
60900,-1500,5000,"bu","11:18:00",579900
61300,-1100,100,"sd","11:18:35",580000
60900,-1500,5000,"sd","11:26:22",585000
61300,-1100,100,"sd","11:26:31",585100
60900,-1500,3000,"bu","11:26:37",588100
60900,-1500,3000,"bu","11:26:48",591100
61300,-1100,100,"bu","11:26:51",591200
60800,-1600,600,"sd","11:27:07",591800
61300,-1100,100,"sd","11:27:43",591900
60800,-1600,5000,"bu","11:29:43",596900
61300,-1100,2800,"bu","13:00:44",599700
61500,-900,16100,"bu","13:01:24",615800
61500,-900,9500,"sd","13:01:28",625300
61400,-1000,11500,"bu","13:01:41",636800
61500,-900,600,"bu","13:01:46",637400
61500,-900,2200,"sd","13:01:56",639600
61300,-1100,10500,"bu","13:04:32",650100
60900,-1500,700,"bu","13:09:52",650800
61300,-1100,100,"bu","13:10:16",650900
60900,-1500,700,"sd","13:11:51",651600
61300,-1100,100,"sd","13:12:04",651700
61000,-1400,22500,"bu","13:16:56",674200
61300,-1100,100,"sd","13:17:10",674300
61000,-1400,500,"sd","13:17:47",674800
61300,-1100,100,"bu","13:17:54",674900
61000,-1400,200,"sd","13:18:39",675100
61000,-1400,300,"bu","13:21:46",675400
61200,-1200,17600,"bu","13:22:46",693000
61200,-1200,11500,"bu","13:22:53",704500
61200,-1200,5000,"bu","13:23:04",709500
61000,-1400,200,"sd","13:23:27",709700
61000,-1400,100,"bu","13:23:32",709800
61000,-1400,200,"sd","13:24:03",710000
61200,-1200,100,"sd","13:24:19",710100
61000,-1400,300,"bu","13:27:13",710400
60900,-1500,3300,"sd","13:28:51",713700
61000,-1400,3100,"bu","13:28:53",716800
61100,-1300,100,"sd","13:28:57",716900
61000,-1400,11500,"sd","13:29:16",728400
61000,-1400,10800,"sd","13:29:24",739200
61000,-1400,8700,"sd","13:29:34",747900
61000,-1400,2800,"sd","13:29:36",750700
60900,-1500,400,"bu","13:29:44",751100
61000,-1400,10500,"sd","13:32:26",761600
61000,-1400,10500,"bu","13:32:37",772100
61000,-1400,8500,"bu","13:32:47",780600
61000,-1400,100,"sd","13:33:01",780700
61000,-1400,10500,"bu","13:33:08",791200
61000,-1400,2500,"sd","13:33:12",793700
61000,-1400,6500,"bu","13:33:17",800200
61000,-1400,6400,"sd","13:33:25",806600
61000,-1400,8500,"sd","13:33:33",815100
61000,-1400,10500,"bu","13:33:44",825600
61000,-1400,4300,"sd","13:33:55",829900
60900,-1500,2000,"bu","13:35:03",831900
61000,-1400,100,"bu","13:35:13",832000
60800,-1600,7000,"bu","13:35:26",839000
61000,-1400,100,"sd","13:35:40",839100
61000,-1400,600,"bu","13:39:25",839700
60900,-1500,100,"sd","13:39:39",839800
60800,-1600,800,"sd","13:42:33",840600
60800,-1600,300,"bu","13:45:11",840900
60800,-1600,4000,"sd","13:47:24",844900
60900,-1500,2800,"sd","13:48:58",847700
61000,-1400,100,"bu","13:49:05",847800
61000,-1400,4500,"bu","13:49:31",852300
60800,-1600,2100,"sd","13:49:33",854400
60800,-1600,200,"sd","13:50:07",854600
60800,-1600,2000,"sd","13:50:16",856600
60800,-1600,100,"bu","13:50:20",856700
60800,-1600,200,"sd","13:50:24",856900
60800,-1600,100,"bu","13:50:35",857000
60900,-1500,1500,"bu","13:51:09",858500
60900,-1500,5000,"sd","13:51:26",863500
60900,-1500,4800,"bu","13:51:36",868300
60900,-1500,4600,"sd","13:52:09",872900
60900,-1500,200,"sd","13:54:51",873100
60900,-1500,300,"bu","13:54:59",873400
60900,-1500,500,"bu","13:55:03",873900
60900,-1500,1500,"bu","13:55:11",875400
60900,-1500,500,"sd","13:55:18",875900
60800,-1600,600,"sd","13:56:27",876500
60700,-1700,7100,"bu","14:02:59",883600
60900,-1500,100,"bu","14:03:06",883700
60800,-1600,11700,"bu","14:05:31",895400
60800,-1600,200,"bu","14:05:55",895600
60900,-1500,10500,"sd","14:08:32",906100
60900,-1500,13300,"bu","14:08:41",919400
60700,-1700,600,"bu","14:08:48",920000
60900,-1500,100,"bu","14:09:15",920100
60900,-1500,200,"bu","14:11:56",920300
60600,-1800,5000,"sd","14:12:23",925300
60900,-1500,100,"bu","14:12:32",925400
60900,-1500,20400,"sd","14:20:28",945800
60900,-1500,200,"bu","14:20:51",946000
60400,-2000,4900,"bu","14:21:30",950900
60400,-2000,400,"sd","14:21:50",951300
60900,-1500,100,"bu","14:21:59",951400
60600,-1800,3100,"bu","14:23:58",954500
61000,-1400,100,"sd","14:24:17",954600
60500,-1900,2000,"sd","14:25:07",956600
61000,-1400,100,"sd","14:25:10",956700
60500,-1900,5000,"bu","14:26:13",961700
61000,-1400,100,"bu","14:26:21",961800
60900,-1500,1000,"sd","14:27:47",962800
60900,-1500,100,"bu","14:29:27",962900
61400,-1000,7000,"sd","14:29:29",969900
62000,-400,60300,"bu","14:45:06",1030200
