"price","change","match_qtty","side","time","total_vol"
19200,50,14600,"bu","09:15:09",14600
19150,0,6900,"bu","09:15:41",21500
19150,0,100,"bu","09:15:53",22600
19150,0,1100,"sd","09:15:58",23700
19100,-50,1100,"bu","09:16:03",24800
19100,-50,1100,"sd","09:16:06",25900
19100,-50,1100,"sd","09:16:13",27000
19100,-50,1100,"bu","09:16:17",28100
19100,-50,1100,"sd","09:16:24",29200
19100,-50,1100,"bu","09:16:29",30300
19100,-50,3700,"sd","09:17:37",34000
19100,-50,1100,"bu","09:18:05",35100
19100,-50,4000,"sd","09:18:28",39100
19100,-50,1100,"bu","09:18:34",40200
19100,-50,5200,"sd","09:18:51",45400
19150,0,200,"sd","09:18:55",45600
19100,-50,1100,"sd","09:19:05",46700
19100,-50,10700,"sd","09:20:49",57400
19150,0,2000,"sd","09:20:53",59400
19100,-50,1100,"sd","09:21:10",60500
19150,0,300,"bu","09:21:12",60800
19150,0,10000,"bu","09:21:35",70800
19100,-50,6900,"bu","09:21:36",77700
19150,0,700,"sd","09:21:54",78400
19150,0,1600,"bu","09:22:09",80000
19150,0,1900,"bu","09:22:16",81900
19150,0,1000,"bu","09:22:30",82900
19150,0,100,"bu","09:22:38",83000
19150,0,200,"bu","09:22:40",83200
19150,0,1000,"sd","09:22:47",84200
19150,0,500,"bu","09:22:52",84700
19150,0,20000,"sd","09:22:53",104700
19150,0,2000,"bu","09:23:29",106700
19150,0,1800,"sd","09:23:43",108500
19150,0,1100,"sd","09:24:13",109600
19150,0,600,"sd","09:24:53",110200
19150,0,300,"bu","09:24:56",110500
19200,50,4000,"sd","09:27:19",114500
19200,50,1000,"sd","09:27:29",115500
19150,0,100,"bu","09:27:51",115600
19200,50,1000,"bu","09:28:25",116600
19200,50,100,"sd","09:28:43",116700
19150,0,7100,"bu","09:28:57",123800
19200,50,20000,"sd","09:28:59",143800
19200,50,100,"bu","09:29:52",143900
19200,50,8000,"bu","09:29:52",151900
19200,50,10000,"bu","09:29:59",161900
19150,0,2000,"bu","09:30:48",163900
19150,0,1200,"sd","09:31:10",165100
19200,50,20000,"sd","09:32:10",185100
19200,50,10000,"sd","09:32:26",195100
19200,50,25000,"bu","09:32:30",220100
19200,50,200,"bu","09:32:54",220300
19200,50,1000,"bu","09:33:18",221300
19200,50,100,"sd","09:33:21",221400
19200,50,5000,"sd","09:33:29",226400
19200,50,800,"sd","09:33:42",227200
19200,50,1000,"sd","09:34:11",228200
19200,50,36000,"sd","09:34:24",264200
19200,50,600,"sd","09:34:30",264800
19150,0,45000,"sd","09:34:31",309800
19200,50,4900,"bu","09:34:36",314700
19200,50,10000,"bu","09:34:37",324700
19150,0,6900,"bu","09:34:39",331600
19200,50,100,"bu","09:34:41",331700
19200,50,3100,"bu","09:35:09",334800
19150,0,20000,"bu","09:35:12",354800
19150,0,1000,"bu","09:36:37",355800
19150,0,200,"bu","09:37:18",356000
19150,0,2000,"sd","09:37:37",358000
19150,0,2600,"bu","09:37:40",360600
19150,0,4400,"bu","09:37:49",365000
19150,0,300,"sd","09:38:18",365300
19150,0,10000,"sd","09:38:25",375300
19150,0,700,"sd","09:38:34",376000
19150,0,2000,"sd","09:38:41",378000
19150,0,15000,"sd","09:38:56",393000
19150,0,1100,"sd","09:39:07",394100
19150,0,4400,"sd","09:39:13",398500
19150,0,500,"bu","09:39:26",399000
19150,0,1000,"sd","09:39:34",400000
19150,0,9300,"sd","09:39:40",409300
19150,0,500,"sd","09:40:03",409800
19150,0,100,"bu","09:40:14",409900
19150,0,4600,"sd","09:41:54",414500
19150,0,1000,"bu","09:42:20",415500
19150,0,4000,"sd","09:42:45",419500
19150,0,3000,"sd","09:43:00",422500
19150,0,1100,"sd","09:43:11",423600
19150,0,900,"sd","09:43:12",424500
19150,0,4400,"bu","09:43:23",428900
19150,0,3400,"bu","09:43:25",432300
19150,0,1000,"bu","09:43:26",433300
19150,0,200,"sd","09:43:31",433500
19150,0,10000,"bu","09:43:34",443500
19150,0,1000,"bu","09:43:37",444500
19100,-50,11700,"sd","09:44:17",456200
19100,-50,1500,"bu","09:44:55",457700
19150,0,3000,"sd","09:45:26",460700
19150,0,10500,"sd","09:45:47",471200
19100,-50,5000,"sd","09:46:33",476200
19100,-50,500,"bu","09:47:25",476700
19150,0,100,"bu","09:48:46",476800
19150,0,500,"sd","09:49:06",477300
19150,0,10000,"bu","09:49:43",487300
19100,-50,100,"sd","09:49:59",487400
19100,-50,4400,"bu","09:50:06",491800
19150,0,1000,"bu","09:50:27",492800
19150,0,19000,"bu","09:50:30",511800
19150,0,1700,"sd","09:50:36",513500
19150,0,5000,"bu","09:51:01",518500
19150,0,5700,"bu","09:51:16",524200
19150,0,100,"bu","09:51:29",524300
19150,0,1800,"sd","09:51:34",526100
19150,0,500,"bu","09:51:55",526600
19150,0,10500,"sd","09:52:25",537100
19150,0,5900,"bu","09:52:29",543000
19150,0,600,"bu","09:52:44",543600
19150,0,500,"bu","09:53:18",544100
19150,0,300,"bu","09:53:39",544400
19150,0,5300,"bu","09:53:43",549700
19150,0,700,"bu","09:54:21",550400
19150,0,10000,"bu","09:54:54",560400
19150,0,200,"sd","09:56:00",560600
19200,50,600,"sd","09:56:29",561200
19200,50,300,"sd","09:56:50",561500
19200,50,1000,"bu","09:57:11",562500
19200,50,1800,"bu","09:57:12",564300
19200,50,3000,"sd","09:57:17",567300
19200,50,100,"bu","09:57:20",567400
19200,50,1000,"bu","09:57:39",568400
19200,50,6000,"bu","09:58:56",574400
19150,0,6900,"bu","09:59:07",581300
19150,0,8800,"sd","09:59:15",590100
19150,0,100,"sd","10:00:02",590200
19150,0,300,"sd","10:01:04",590500
19150,0,4400,"sd","10:01:32",594900
19150,0,100,"sd","10:01:34",595000
19150,0,15000,"sd","10:01:59",610000
19150,0,6900,"bu","10:02:11",616900
19150,0,4400,"bu","10:02:12",621300
19150,0,4400,"sd","10:03:16",625700
19150,0,4400,"bu","10:03:25",630100
19200,50,100,"sd","10:04:14",630200
19150,0,10000,"sd","10:05:00",640200
19150,0,2000,"bu","10:05:40",642200
19150,0,4400,"bu","10:05:49",646600
19150,0,5000,"bu","10:05:52",651600
19200,50,100,"sd","10:06:45",651700
19150,0,4000,"bu","10:06:53",655700
19150,0,400,"bu","10:08:35",656100
19150,0,600,"bu","10:09:06",656700
19150,0,4400,"bu","10:09:09",661100
19150,0,6900,"bu","10:10:12",668000
19150,0,4400,"bu","10:10:25",672400
19150,0,100,"bu","10:10:34",672500
19150,0,8800,"sd","10:10:41",681300
19150,0,100,"sd","10:10:56",681400
19150,0,500,"sd","10:10:58",681900
19150,0,4400,"bu","10:11:51",686300
19150,0,1000,"bu","10:12:10",687300
19150,0,1700,"bu","10:12:46",689000
19150,0,200,"sd","10:13:29",689200
19150,0,4200,"sd","10:15:31",693400
19150,0,300,"sd","10:16:30",693700
19200,50,1500,"sd","10:16:37",695200
19150,0,25000,"sd","10:17:25",720200
19150,0,100,"bu","10:17:44",720300
19200,50,19100,"bu","10:18:20",739400
19150,0,300,"sd","10:19:10",739700
19200,50,100,"sd","10:19:13",739800
19150,0,200,"sd","10:21:28",740000
19150,0,1000,"sd","10:21:40",741000
19150,0,200,"bu","10:21:45",741200
19150,0,4700,"bu","10:22:38",745900
19150,0,1000,"bu","10:23:13",746900
19150,0,10000,"bu","10:23:20",756900
19150,0,2000,"sd","10:23:55",758900
19150,0,1000,"sd","10:24:17",759900
19150,0,2000,"bu","10:24:41",761900
19150,0,100,"sd","10:24:45",762000
19150,0,1000,"sd","10:25:06",763000
19150,0,3500,"sd","10:26:24",766500
19200,50,300,"sd","10:26:43",766800
19150,0,200,"bu","10:27:19",767000
19200,50,700,"bu","10:27:37",767700
19200,50,1000,"bu","10:28:44",768700
19200,50,10000,"sd","10:29:49",778700
19150,0,500,"sd","10:29:54",779200
19150,0,300,"sd","10:30:13",779500
19150,0,500,"sd","10:31:04",780000
19150,0,500,"sd","10:31:10",780500
19150,0,100,"bu","10:32:20",780600
19150,0,1100,"sd","10:33:02",781700
19150,0,100,"bu","10:33:06",781800
19150,0,1800,"bu","10:35:17",783600
19150,0,100,"bu","10:35:24",783700
19150,0,6100,"bu","10:36:25",789800
19150,0,200,"bu","10:36:35",790000
19150,0,1700,"bu","10:36:38",791700
19150,0,1800,"bu","10:36:56",793500
19150,0,1700,"sd","10:37:22",795200
19150,0,10000,"sd","10:37:34",805200
19150,0,4400,"sd","10:37:35",809600
19150,0,7600,"sd","10:37:48",817200
19150,0,300,"bu","10:37:55",817500
19150,0,8000,"bu","10:38:12",825500
19150,0,400,"sd","10:38:15",825900
19150,0,500,"bu","10:38:55",826400
19150,0,200,"bu","10:39:01",826600
19150,0,500,"bu","10:39:50",827100
19150,0,1700,"sd","10:40:02",828800
19150,0,4200,"bu","10:40:12",833000
19150,0,300,"sd","10:40:15",833300
19150,0,100,"sd","10:40:23",833400
19150,0,4400,"sd","10:40:43",837800
19150,0,1000,"sd","10:40:44",838800
19150,0,200,"bu","10:40:45",839000
19150,0,1100,"bu","10:41:12",840100
19150,0,100,"sd","10:41:46",840200
19150,0,400,"bu","10:42:17",840600
19150,0,500,"bu","10:42:21",841100
19150,0,700,"sd","10:44:27",841800
19150,0,1000,"sd","10:44:32",842800
19150,0,4400,"bu","10:44:53",847200
19150,0,200,"bu","10:44:55",847400
19150,0,1700,"bu","10:45:10",849100
19150,0,16700,"bu","10:46:02",865800
19150,0,700,"bu","10:46:06",866500
19150,0,500,"sd","10:46:21",867000
19150,0,1600,"sd","10:46:51",868600
19150,0,6100,"sd","10:47:00",874700
19150,0,300,"sd","10:47:05",875000
19150,0,2000,"bu","10:47:33",877000
19150,0,100,"sd","10:47:35",877100
19150,0,500,"bu","10:47:37",877600
19150,0,10000,"sd","10:48:09",887600
19150,0,500,"sd","10:48:15",888100
19150,0,3500,"sd","10:49:36",891600
19150,0,100,"sd","10:49:45",891700
19150,0,500,"bu","10:50:01",892200
19150,0,2000,"bu","10:50:27",894200
19150,0,100,"sd","10:50:36",894300
19150,0,1000,"sd","10:50:37",895300
19150,0,100,"bu","10:50:38",895400
19150,0,1000,"bu","10:51:09",896400
19150,0,1600,"bu","10:51:20",898000
19150,0,3700,"bu","10:51:25",901700
19150,0,1000,"sd","10:51:29",902700
19150,0,10200,"bu","10:51:41",912900
19150,0,200,"bu","10:51:42",913100
19150,0,500,"bu","10:51:45",913600
19150,0,1000,"sd","10:51:53",914600
19150,0,7500,"sd","10:52:02",922100
19150,0,300,"sd","10:52:05",922400
19150,0,2200,"sd","10:52:21",924600
19100,-50,100,"sd","10:52:25",924700
19100,-50,900,"sd","10:53:21",925600
19100,-50,200,"bu","10:53:59",925800
19100,-50,1900,"bu","10:54:13",927700
19100,-50,6900,"sd","10:54:17",934600
19100,-50,300,"sd","10:54:25",934900
19100,-50,1100,"sd","10:55:40",936000
19100,-50,1200,"sd","10:55:45",937200
19100,-50,1100,"bu","10:55:52",938300
19100,-50,6200,"bu","10:56:28",944500
19100,-50,200,"bu","10:56:35",944700
19100,-50,5300,"bu","10:57:03",950000
19100,-50,200,"bu","10:57:06",950200
19150,0,1000,"bu","10:58:21",951200
19100,-50,2000,"sd","11:01:05",953200
19100,-50,100,"sd","11:01:15",953300
19150,0,2000,"sd","11:01:21",955300
19100,-50,100,"sd","11:01:25",955400
19100,-50,10000,"bu","11:02:30",965400
19100,-50,500,"sd","11:02:35",965900
19100,-50,4500,"sd","11:03:33",970400
19100,-50,200,"sd","11:03:35",970600
19100,-50,500,"sd","11:04:05",971100
19100,-50,8000,"sd","11:04:33",979100
19100,-50,400,"bu","11:04:35",979500
19100,-50,1000,"bu","11:04:39",980500
19100,-50,8000,"bu","11:05:31",988500
19100,-50,400,"sd","11:05:36",988900
19100,-50,600,"sd","11:08:00",989500
19100,-50,50000,"sd","11:08:14",1039500
19100,-50,2500,"sd","11:08:16",1042000
19100,-50,100,"bu","11:08:26",1042100
19100,-50,3500,"bu","11:09:53",1045600
19100,-50,100,"bu","11:09:56",1045700
19100,-50,1100,"sd","11:10:00",1046800
19100,-50,1200,"bu","11:10:06",1048000
19100,-50,4500,"bu","11:10:11",1052500
19100,-50,1100,"sd","11:10:15",1053600
19100,-50,200,"sd","11:10:16",1053800
19100,-50,3600,"sd","11:10:31",1057400
19100,-50,100,"sd","11:10:35",1057500
19100,-50,1100,"sd","11:10:51",1058600
19100,-50,4500,"sd","11:11:01",1063100
19100,-50,200,"sd","11:11:06",1063300
19100,-50,1100,"sd","11:11:10",1064400
19100,-50,300,"bu","11:11:15",1064700
19100,-50,1100,"bu","11:11:16",1065800
19100,-50,200,"bu","11:11:22",1066000
19100,-50,1100,"sd","11:12:01",1067100
19100,-50,38000,"sd","11:12:11",1105100
19100,-50,3000,"sd","11:12:16",1108100
19100,-50,100,"sd","11:12:25",1108200
19100,-50,10000,"sd","11:12:29",1118200
19100,-50,500,"bu","11:12:36",1118700
19100,-50,4200,"bu","11:13:25",1122900
19100,-50,500,"sd","11:14:15",1123400
19100,-50,8400,"sd","11:14:26",1131800
19100,-50,200,"bu","11:15:05",1132000
19100,-50,10000,"sd","11:15:46",1142000
19100,-50,500,"bu","11:15:55",1142500
19100,-50,1000,"sd","11:16:43",1143500
19100,-50,100,"sd","11:17:22",1143600
19100,-50,1600,"bu","11:20:22",1145200
19100,-50,400,"bu","11:21:31",1145600
19100,-50,2600,"bu","11:25:13",1148200
19100,-50,100,"sd","11:25:16",1148300
19100,-50,4300,"sd","11:25:39",1152600
19100,-50,2600,"sd","11:25:41",1155200
19100,-50,300,"bu","11:25:46",1155500
19100,-50,3400,"sd","11:26:04",1158900
19100,-50,100,"bu","11:26:05",1159000
19100,-50,4400,"sd","11:26:22",1163400
19100,-50,200,"sd","11:26:25",1163600
19100,-50,3400,"sd","11:26:40",1167000
19100,-50,100,"sd","11:26:45",1167100
19100,-50,4400,"sd","11:26:51",1171500
19100,-50,200,"bu","11:26:56",1171700
19100,-50,8100,"bu","11:27:26",1179800
19100,-50,1200,"bu","11:28:14",1181000
19100,-50,100,"bu","13:00:15",1181100
19100,-50,1000,"sd","13:00:16",1182100
19100,-50,2900,"sd","13:00:22",1185000
19100,-50,1500,"bu","13:00:24",1186500
19100,-50,2000,"bu","13:00:32",1188500
19100,-50,8700,"sd","13:00:35",1197200
19100,-50,600,"sd","13:00:41",1197800
19100,-50,4100,"sd","13:00:46",1201900
19100,-50,1200,"sd","13:00:49",1203100
19100,-50,1000,"sd","13:00:51",1204100
19100,-50,1100,"sd","13:00:53",1205200
19100,-50,3600,"sd","13:00:59",1208800
19100,-50,100,"sd","13:01:11",1208900
19100,-50,3100,"bu","13:01:16",1212000
19050,-100,100,"bu","13:01:17",1212100
19100,-50,1500,"bu","13:02:02",1213600
19100,-50,1000,"bu","13:04:05",1214600
19050,-100,1100,"sd","13:04:07",1215700
19100,-50,300,"sd","13:05:11",1216000
19100,-50,100,"bu","13:05:22",1216100
19100,-50,400,"sd","13:08:13",1216500
19100,-50,200,"bu","13:08:45",1216700
19100,-50,4500,"bu","13:11:56",1221200
19100,-50,2600,"bu","13:12:01",1223800
19050,-100,100,"sd","13:12:08",1223900
19050,-100,4400,"bu","13:12:17",1228300
19050,-100,200,"bu","13:12:26",1228500
19050,-100,1100,"bu","13:12:59",1229600
19050,-100,4400,"bu","13:13:02",1234000
19050,-100,200,"sd","13:13:05",1234200
19050,-100,3400,"bu","13:13:12",1237600
19050,-100,100,"sd","13:13:15",1237700
19050,-100,200,"sd","13:13:33",1237900
19100,-50,7000,"bu","13:13:48",1244900
19100,-50,1000,"bu","13:13:54",1245900
19050,-100,400,"bu","13:13:56",1246300
19100,-50,5000,"sd","13:14:17",1251300
19050,-100,200,"sd","13:14:27",1251500
19050,-100,700,"bu","13:14:47",1252200
19050,-100,8800,"bu","13:15:07",1261000
19050,-100,400,"bu","13:15:16",1261400
19100,-50,100,"sd","13:15:36",1261500
19100,-50,1200,"bu","13:15:41",1262700
19050,-100,1000,"bu","13:15:59",1263700
19050,-100,1800,"bu","13:18:32",1265500
19050,-100,2000,"bu","13:19:59",1267500
19100,-50,200,"bu","13:20:02",1267700
19050,-100,100,"sd","13:20:07",1267800
19100,-50,10000,"sd","13:20:15",1277800
19050,-100,500,"bu","13:20:16",1278300
19100,-50,20000,"bu","13:21:02",1298300
19050,-100,1000,"bu","13:21:05",1299300
19050,-100,5000,"bu","13:22:11",1304300
19050,-100,200,"bu","13:22:16",1304500
19050,-100,3800,"bu","13:22:22",1308300
19050,-100,200,"bu","13:22:26",1308500
19050,-100,2500,"bu","13:22:37",1311000
19050,-100,100,"sd","13:22:46",1311100
19050,-100,2300,"sd","13:22:50",1313400
19050,-100,2300,"bu","13:22:55",1315700
19100,-50,10000,"bu","13:23:04",1325700
19100,-50,2100,"bu","13:23:12",1327800
19100,-50,1000,"bu","13:23:25",1328800
19050,-100,142900,"sd","13:23:32",1471700
19000,-150,7100,"sd","13:23:36",1478800
19000,-150,300,"bu","13:23:45",1479100
19050,-100,500,"sd","13:24:19",1479600
19050,-100,6600,"bu","13:24:42",1486200
19050,-100,300,"bu","13:24:46",1486500
19050,-100,5000,"bu","13:25:34",1491500
19050,-100,200,"sd","13:25:36",1491700
19100,-50,900,"sd","13:26:15",1492600
19050,-100,1100,"bu","13:26:24",1493700
19050,-100,100,"sd","13:26:41",1493800
19100,-50,4400,"bu","13:27:32",1498200
19100,-50,200,"bu","13:27:35",1498400
19050,-100,6900,"sd","13:27:38",1505300
19100,-50,1300,"sd","13:27:46",1506600
19150,0,500,"sd","13:27:47",1507100
19100,-50,100,"sd","13:28:21",1507200
19150,0,3200,"sd","13:30:07",1510400
19100,-50,500,"bu","13:30:11",1510900
19100,-50,100,"bu","13:30:15",1511000
19150,0,200,"sd","13:31:01",1511200
19150,0,100,"bu","13:31:37",1511300
19150,0,5100,"bu","13:34:10",1516400
19100,-50,200,"sd","13:34:16",1516600
19100,-50,3500,"bu","13:35:38",1520100
19100,-50,600,"sd","13:35:40",1520700
19100,-50,200,"sd","13:35:46",1520900
19100,-50,4400,"sd","13:35:49",1525300
19100,-50,200,"sd","13:35:57",1525500
19100,-50,3400,"sd","13:36:30",1528900
19100,-50,100,"sd","13:36:36",1529000
19100,-50,300,"bu","13:37:49",1529300
19150,0,1800,"bu","13:38:06",1531100
19150,0,1000,"sd","13:39:03",1532100
19100,-50,500,"sd","13:39:53",1532600
19100,-50,3400,"bu","13:40:04",1536000
19100,-50,100,"bu","13:40:06",1536100
19100,-50,25200,"bu","13:41:16",1561300
19100,-50,5200,"sd","13:41:31",1566500
19050,-100,200,"sd","13:41:39",1566700
19050,-100,3400,"sd","13:41:50",1570100
19050,-100,100,"bu","13:41:57",1570200
19050,-100,200,"sd","13:42:31",1570400
19050,-100,500,"sd","13:42:40",1570900
19050,-100,100,"sd","13:43:24",1571000
19050,-100,5200,"bu","13:43:46",1576200
19050,-100,3200,"sd","13:45:28",1579400
19050,-100,3500,"sd","13:46:39",1582900
19050,-100,100,"bu","13:46:47",1583000
19100,-50,500,"bu","13:46:50",1583500
19050,-100,3400,"bu","13:46:52",1586900
19050,-100,200,"sd","13:46:57",1587100
19100,-50,20000,"sd","13:47:05",1607100
19050,-100,1000,"sd","13:47:06",1608100
19050,-100,4400,"sd","13:47:12",1612500
19050,-100,200,"sd","13:47:16",1612700
19100,-50,20000,"bu","13:47:18",1632700
19050,-100,300,"sd","13:47:26",1633000
19050,-100,127800,"bu","13:47:48",1760800
19050,-100,2000,"sd","13:48:14",1762800
19000,-150,2000,"bu","13:48:20",1764800
19050,-100,2800,"sd","13:48:31",1767600
19050,-100,100,"sd","13:48:46",1767700
19050,-100,18000,"bu","13:49:05",1785700
19050,-100,2100,"bu","13:49:18",1787800
19050,-100,2900,"bu","13:49:22",1790700
19050,-100,100,"bu","13:49:26",1790800
19050,-100,5000,"sd","13:49:35",1795800
19050,-100,500,"sd","13:49:39",1796300
19050,-100,11500,"bu","13:49:45",1807800
19050,-100,28000,"bu","13:49:56",1835800
19050,-100,100,"bu","13:50:03",1835900
19000,-150,18000,"sd","13:50:07",1853900
19050,-100,1900,"bu","13:50:35",1855800
19050,-100,200,"sd","13:50:58",1856000
19050,-100,1500,"bu","13:51:48",1857500
19050,-100,900,"bu","13:52:21",1858400
19100,-50,400,"bu","13:52:25",1858800
19100,-50,5000,"sd","13:55:13",1863800
19100,-50,3000,"sd","13:59:27",1866800
19100,-50,4000,"bu","13:59:54",1870800
19100,-50,1000,"bu","14:00:01",1871800
19050,-100,1100,"sd","14:00:42",1872900
19050,-100,4500,"bu","14:00:47",1877400
19050,-100,1100,"sd","14:00:52",1878500
19050,-100,8000,"bu","14:00:57",1886500
19050,-100,3400,"sd","14:00:59",1889900
19050,-100,1100,"bu","14:01:04",1891000
19050,-100,3400,"sd","14:01:13",1894400
19050,-100,4400,"sd","14:01:19",1898800
19050,-100,6000,"sd","14:01:35",1904800
19050,-100,48000,"sd","14:01:50",1952800
19050,-100,100,"sd","14:01:55",1952900
19000,-150,500,"sd","14:02:00",1953400
19000,-150,1600,"sd","14:02:15",1955000
19000,-150,300,"sd","14:02:18",1955300
19050,-100,3000,"sd","14:02:20",1958300
19000,-150,1100,"sd","14:02:24",1959400
19000,-150,200,"bu","14:02:29",1959600
19000,-150,1100,"sd","14:02:31",1960700
19000,-150,500,"bu","14:02:33",1961200
19050,-100,600,"sd","14:02:35",1961800
19050,-100,4400,"bu","14:02:54",1966200
19000,-150,500,"sd","14:02:59",1966700
19000,-150,1800,"bu","14:03:32",1968500
19000,-150,1000,"sd","14:03:54",1969500
19000,-150,1800,"bu","14:04:27",1971300
19000,-150,500,"sd","14:04:37",1971800
19000,-150,6700,"sd","14:05:08",1978500
19000,-150,500,"bu","14:05:13",1979000
19050,-100,15300,"sd","14:05:26",1994300
19050,-100,5000,"sd","14:05:34",1999300
19050,-100,200,"sd","14:05:55",1999500
19000,-150,500,"bu","14:06:00",2000000
19000,-150,1000,"bu","14:06:25",2001000
19000,-150,10600,"sd","14:06:30",2011600
19000,-150,300,"bu","14:06:32",2011900
19000,-150,500,"bu","14:07:00",2012400
19050,-100,200,"sd","14:07:10",2012600
19050,-100,500,"sd","14:07:14",2013100
19050,-100,1500,"sd","14:07:24",2014600
19050,-100,500,"sd","14:07:29",2015100
19050,-100,300,"bu","14:07:34",2015400
19050,-100,500,"sd","14:07:55",2015900
19050,-100,1000,"sd","14:08:03",2016900
19050,-100,500,"bu","14:08:10",2017400
19050,-100,1000,"bu","14:08:12",2018400
19050,-100,500,"sd","14:08:18",2018900
19050,-100,800,"bu","14:08:27",2019700
19050,-100,200,"sd","14:09:05",2019900
19050,-100,500,"sd","14:09:07",2020400
19050,-100,500,"sd","14:09:26",2020900
19050,-100,2100,"bu","14:09:35",2023000
19000,-150,500,"bu","14:09:38",2023500
19000,-150,300,"sd","14:09:40",2023800
19050,-100,100,"bu","14:09:50",2023900
19050,-100,1700,"sd","14:09:59",2025600
19050,-100,500,"sd","14:10:06",2026100
19050,-100,20500,"bu","14:10:23",2046600
19050,-100,500,"sd","14:10:28",2047100
19050,-100,800,"sd","14:10:40",2047900
19050,-100,3400,"sd","14:10:42",2051300
19100,-50,2000,"bu","14:10:48",2053300
19050,-100,500,"sd","14:11:03",2053800
19050,-100,1800,"bu","14:11:36",2055600
19100,-50,20000,"sd","14:12:01",2075600
19050,-100,500,"bu","14:12:03",2076100
19050,-100,1800,"sd","14:12:36",2077900
19100,-50,100,"bu","14:12:48",2078000
19050,-100,600,"bu","14:13:05",2078600
19050,-100,1800,"sd","14:13:38",2080400
19050,-100,3400,"sd","14:13:51",2083800
19050,-100,500,"bu","14:14:04",2084300
19050,-100,6700,"bu","14:14:35",2091000
19050,-100,8800,"bu","14:15:09",2099800
19050,-100,2200,"bu","14:15:22",2102000
19050,-100,8800,"sd","14:15:27",2110800
19050,-100,8800,"bu","14:15:37",2119600
19050,-100,8800,"bu","14:15:44",2128400
19050,-100,8800,"bu","14:15:54",2137200
19100,-50,6900,"sd","14:15:56",2144100
19050,-100,8800,"bu","14:16:08",2152900
19050,-100,8800,"bu","14:16:22",2161700
19050,-100,8800,"sd","14:16:36",2170500
19050,-100,8800,"sd","14:17:23",2179300
19050,-100,8800,"bu","14:18:32",2188100
19100,-50,1000,"sd","14:18:47",2189100
19050,-100,8800,"sd","14:18:49",2197900
19050,-100,13200,"sd","14:19:20",2211100
19100,-50,8900,"sd","14:19:22",2220000
19050,-100,8800,"sd","14:19:30",2228800
19050,-100,3400,"bu","14:19:44",2232200
19050,-100,500,"bu","14:19:52",2232700
19050,-100,4400,"sd","14:20:02",2237100
19050,-100,2500,"sd","14:20:11",2239600
19050,-100,3400,"sd","14:20:14",2243000
19050,-100,4400,"sd","14:20:16",2247400
19000,-150,6900,"sd","14:20:18",2254300
19000,-150,4400,"sd","14:20:38",2258700
19000,-150,4400,"sd","14:21:04",2263100
19000,-150,2000,"bu","14:21:13",2265100
19000,-150,5400,"sd","14:21:19",2270500
19050,-100,1000,"bu","14:21:21",2271500
19000,-150,4000,"sd","14:21:27",2275500
19000,-150,11900,"sd","14:21:34",2287400
19000,-150,4400,"bu","14:21:42",2291800
19000,-150,9200,"bu","14:22:26",2301000
19000,-150,4400,"bu","14:22:50",2305400
19000,-150,4400,"bu","14:23:24",2309800
19050,-100,500,"sd","14:23:54",2310300
19000,-150,4400,"sd","14:24:03",2314700
19000,-150,4400,"sd","14:24:17",2319100
19050,-100,300,"bu","14:24:21",2319400
19000,-150,4400,"bu","14:24:36",2323800
19050,-100,100,"sd","14:24:39",2323900
19050,-100,4400,"bu","14:24:48",2328300
19050,-100,4400,"bu","14:25:10",2332700
19050,-100,500,"bu","14:25:30",2333200
19000,-150,4400,"sd","14:25:33",2337600
19050,-100,4400,"bu","14:25:45",2342000
19050,-100,3400,"sd","14:25:52",2345400
19000,-150,4400,"sd","14:26:03",2349800
19100,-50,4500,"sd","14:26:26",2354300
19000,-150,4400,"bu","14:26:40",2358700
19000,-150,4400,"sd","14:27:03",2363100
19050,-100,2100,"sd","14:27:10",2365200
19050,-100,4400,"sd","14:27:19",2369600
19050,-100,4400,"sd","14:27:32",2374000
19050,-100,1000,"sd","14:27:34",2375000
19050,-100,4400,"sd","14:27:42",2379400
19000,-150,4400,"sd","14:28:00",2383800
19000,-150,4400,"sd","14:28:16",2388200
19050,-100,10400,"bu","14:28:28",2398600
19050,-100,4400,"bu","14:28:31",2403000
19050,-100,3400,"bu","14:28:33",2406400
19050,-100,300,"bu","14:28:35",2406700
19050,-100,1000,"sd","14:28:44",2407700
19000,-150,9900,"sd","14:28:46",2417600
19000,-150,4400,"bu","14:29:04",2422000
19000,-150,4400,"bu","14:29:22",2426400
19000,-150,4400,"sd","14:29:36",2430800
19050,-100,5000,"sd","14:29:46",2435800
19000,-150,4400,"bu","14:29:48",2440200
19000,-150,4400,"sd","14:29:59",2444600
19000,-150,5000,"bu","14:30:01",2449600
19150,0,119600,"bu","14:45:12",2569200
