"price","change","match_qtty","side","time","total_vol"
17500,100,8400,"sd","09:15:08",8400
17500,100,5000,"sd","09:15:30",13400
17500,100,20600,"sd","09:15:36",34000
17500,100,700,"sd","09:15:53",34700
17450,50,500,"sd","09:18:19",35200
17450,50,1300,"sd","09:18:54",36500
17400,0,800,"bu","09:18:57",37300
17400,0,200,"sd","09:19:26",37500
17400,0,2000,"sd","09:19:45",39500
17400,0,100,"bu","09:20:04",39600
17400,0,5000,"sd","09:20:46",44600
17400,0,9600,"bu","09:21:01",54200
17400,0,200,"sd","09:23:18",54400
17300,-100,5400,"sd","09:24:33",59800
17350,-50,100,"bu","09:25:45",59900
17350,-50,2000,"bu","09:25:45",61900
17350,-50,100,"sd","09:25:51",62000
17350,-50,500,"sd","09:25:59",62500
17350,-50,700,"bu","09:26:27",63200
17350,-50,100,"bu","09:27:17",63300
17350,-50,1000,"sd","09:27:33",64300
17350,-50,300,"sd","09:27:38",64600
17350,-50,100,"bu","09:28:25",64700
17350,-50,2100,"bu","09:29:33",66800
17400,0,100,"bu","09:29:36",66900
17350,-50,2100,"bu","09:29:38",69000
17400,0,100,"bu","09:29:47",69100
17350,-50,500,"bu","09:29:48",69600
17300,-100,1000,"sd","09:30:03",70600
17350,-50,700,"bu","09:30:14",71300
17300,-100,300,"sd","09:30:18",71600
17300,-100,1300,"sd","09:31:51",72900
17350,-50,100,"bu","09:32:10",73000
17350,-50,700,"sd","09:32:47",73700
17350,-50,1000,"sd","09:33:17",74700
17350,-50,100,"sd","09:33:18",74800
17350,-50,600,"bu","09:33:20",75400
17300,-100,3400,"bu","09:33:28",78800
17350,-50,1500,"sd","09:34:22",80300
17350,-50,3500,"bu","09:34:44",83800
17350,-50,1000,"sd","09:35:09",84800
17350,-50,1500,"sd","09:35:49",86300
17350,-50,4100,"sd","09:36:06",90400
17350,-50,1000,"sd","09:36:10",91400
17350,-50,100,"bu","09:36:28",91500
17350,-50,800,"bu","09:37:07",92300
17350,-50,200,"bu","09:37:16",92500
17350,-50,300,"sd","09:37:32",92800
17350,-50,200,"bu","09:37:51",93000
17350,-50,100,"sd","09:38:09",93100
17350,-50,700,"bu","09:38:11",93800
17300,-100,100,"sd","09:39:54",93900
17300,-100,3800,"sd","09:40:35",97700
17350,-50,2100,"bu","09:41:00",99800
17350,-50,1000,"sd","09:41:09",100800
17350,-50,500,"bu","09:41:58",101300
17300,-100,3000,"bu","09:43:00",104300
17300,-100,3500,"bu","09:44:14",107800
17300,-100,4500,"bu","09:44:20",112300
17300,-100,1000,"bu","09:44:20",113300
17300,-100,100,"bu","09:44:26",113400
17300,-100,3500,"bu","09:44:30",116900
17300,-100,3000,"bu","09:44:41",119900
17300,-100,1800,"bu","09:45:27",121700
17300,-100,700,"sd","09:45:33",122400
17300,-100,1500,"bu","09:45:42",123900
17350,-50,200,"sd","09:45:47",124100
17300,-100,100,"bu","09:48:01",124200
17300,-100,6000,"sd","09:49:36",130200
17300,-100,100,"sd","09:50:30",130300
17300,-100,5500,"bu","09:52:52",135800
17350,-50,1000,"sd","09:54:55",136800
17350,-50,5500,"bu","09:58:22",142300
17350,-50,100,"sd","09:58:25",142400
17350,-50,5000,"sd","09:58:58",147400
17350,-50,400,"bu","09:59:39",147800
17350,-50,100,"sd","10:01:41",147900
17350,-50,1300,"sd","10:02:00",149200
17350,-50,100,"bu","10:04:24",149300
17350,-50,1000,"bu","10:05:25",150300
17300,-100,1200,"bu","10:05:31",151500
17300,-100,3000,"bu","10:08:09",154500
17300,-100,2500,"bu","10:09:45",157000
17300,-100,1500,"bu","10:10:30",158500
17300,-100,900,"sd","10:10:54",159400
17350,-50,1000,"bu","10:11:00",160400
17300,-100,5800,"sd","10:12:09",166200
17300,-100,300,"sd","10:12:25",166500
17300,-100,3000,"bu","10:13:18",169500
17300,-100,1000,"bu","10:13:30",170500
17250,-150,1800,"bu","10:14:31",172300
17250,-150,500,"bu","10:15:12",172800
17250,-150,100,"sd","10:15:26",172900
17300,-100,4800,"sd","10:16:10",177700
17300,-100,100,"bu","10:16:38",177800
17250,-150,2800,"bu","10:24:16",180600
17300,-100,500,"bu","10:27:42",181100
17300,-100,200,"sd","10:27:49",181300
17300,-100,1000,"sd","10:28:01",182300
17300,-100,2000,"sd","10:28:18",184300
17300,-100,5000,"bu","10:28:18",189300
17300,-100,200,"sd","10:28:24",189500
17300,-100,300,"bu","10:28:27",189800
17300,-100,100,"bu","10:29:36",189900
17300,-100,700,"bu","10:33:26",190600
17300,-100,2300,"bu","10:33:38",192900
17300,-100,100,"bu","10:34:20",193000
17300,-100,8100,"sd","10:37:50",201100
17250,-150,200,"sd","10:39:34",201300
17300,-100,3000,"sd","10:40:29",204300
17300,-100,2100,"sd","10:41:43",206400
17250,-150,13000,"bu","10:45:38",219400
17250,-150,3500,"bu","10:46:07",222900
17250,-150,3600,"bu","10:46:08",226500
17250,-150,600,"bu","10:47:45",227100
17250,-150,2000,"bu","10:47:47",229100
17250,-150,500,"bu","10:48:04",229600
17200,-200,7000,"sd","10:48:24",236600
17200,-200,100,"bu","10:49:07",236700
17200,-200,10000,"sd","10:49:48",246700
17200,-200,100,"bu","10:51:46",246800
17250,-150,4900,"sd","10:52:24",251700
17250,-150,3200,"bu","10:53:28",254900
17250,-150,2000,"bu","10:54:36",256900
17250,-150,2500,"bu","10:55:01",259400
17250,-150,400,"bu","10:55:32",259800
17250,-150,700,"sd","10:56:09",260500
17250,-150,3000,"bu","10:57:28",263500
17250,-150,600,"bu","11:00:19",264100
17250,-150,200,"sd","11:00:58",264300
17200,-200,10200,"bu","11:02:17",274500
17250,-150,2200,"bu","11:03:02",276700
17250,-150,1300,"bu","11:03:36",278000
17250,-150,100,"sd","11:03:42",278100
17250,-150,600,"sd","11:04:08",278700
17250,-150,1500,"sd","11:04:23",280200
17250,-150,100,"sd","11:05:24",280300
17200,-200,800,"sd","11:05:40",281100
17250,-150,5800,"sd","11:07:53",286900
17250,-150,2000,"bu","11:07:57",288900
17250,-150,1000,"sd","11:08:23",289900
17250,-150,3100,"bu","11:08:24",293000
17250,-150,300,"sd","11:08:39",293300
17250,-150,3000,"bu","11:11:34",296300
17250,-150,400,"sd","11:11:58",296700
17250,-150,1000,"bu","11:12:07",297700
17350,-50,10000,"bu","11:22:29",307700
17350,-50,1300,"sd","11:27:42",309000
17250,-150,5000,"bu","13:00:15",314000
17300,-100,500,"bu","13:00:52",314500
17300,-100,1000,"bu","13:00:57",315500
17250,-150,300,"sd","13:01:03",315800
17200,-200,1000,"bu","13:03:10",316800
17250,-150,5000,"sd","13:03:23",321800
17200,-200,400,"bu","13:03:26",322200
17200,-200,100,"sd","13:03:57",322300
17250,-150,600,"sd","13:05:08",322900
17250,-150,1000,"sd","13:07:16",323900
17250,-150,10000,"bu","13:07:18",333900
17250,-150,1000,"bu","13:07:30",334900
17250,-150,500,"bu","13:07:33",335400
17250,-150,1500,"sd","13:08:10",336900
17250,-150,100,"sd","13:08:13",337000
17250,-150,500,"bu","13:08:16",337500
17250,-150,1200,"bu","13:09:30",338700
17250,-150,1000,"bu","13:11:32",339700
17250,-150,100,"sd","13:11:41",339800
17300,-100,1000,"sd","13:12:26",340800
17300,-100,100,"bu","13:12:49",340900
17300,-100,3100,"sd","13:16:59",344000
17300,-100,2000,"bu","13:17:30",346000
17300,-100,1600,"bu","13:17:35",347600
17300,-100,1000,"bu","13:17:42",348600
17300,-100,1000,"bu","13:19:29",349600
17300,-100,600,"bu","13:19:31",350200
17250,-150,5000,"sd","13:21:07",355200
17300,-100,1000,"bu","13:21:14",356200
17250,-150,5000,"sd","13:21:20",361200
17200,-200,15000,"sd","13:21:43",376200
17250,-150,300,"sd","13:22:57",376500
17250,-150,600,"bu","13:23:14",377100
17300,-100,1000,"sd","13:23:19",378100
17300,-100,1000,"sd","13:26:54",379100
17300,-100,2000,"sd","13:27:07",381100
17300,-100,1000,"sd","13:27:43",382100
17300,-100,30000,"sd","13:28:27",412100
17350,-50,25000,"bu","13:28:36",437100
17300,-100,100,"bu","13:28:51",437200
17300,-100,500,"sd","13:29:20",437700
17300,-100,2300,"bu","13:29:39",440000
17300,-100,300,"sd","13:30:20",440300
17300,-100,5000,"bu","13:30:23",445300
17300,-100,200,"sd","13:30:38",445500
17300,-100,300,"sd","13:31:05",445800
17300,-100,2600,"sd","13:33:06",448400
17300,-100,6300,"sd","13:34:56",454700
17300,-100,5000,"sd","13:35:09",459700
17350,-50,500,"bu","13:35:34",460200
17300,-100,100,"bu","13:37:14",460300
17300,-100,2000,"sd","13:37:21",462300
17300,-100,300,"sd","13:38:06",462600
17250,-150,1800,"bu","13:39:28",464400
17250,-150,2000,"bu","13:39:51",466400
17250,-150,1000,"bu","13:40:18",467400
17250,-150,5000,"sd","13:40:50",472400
17250,-150,2000,"bu","13:41:00",474400
17250,-150,5000,"sd","13:41:16",479400
17250,-150,100,"bu","13:41:22",479500
17250,-150,1200,"bu","13:42:24",480700
17250,-150,2100,"bu","13:42:31",482800
17250,-150,1300,"bu","13:43:16",484100
17250,-150,100,"bu","13:43:22",484200
17250,-150,3000,"bu","13:44:47",487200
17250,-150,4800,"sd","13:44:54",492000
17250,-150,100,"bu","13:45:13",492100
17250,-150,1600,"sd","13:47:11",493700
17250,-150,3000,"sd","13:47:18",496700
17250,-150,4100,"sd","13:47:40",500800
17250,-150,900,"bu","13:47:53",501700
17250,-150,300,"sd","13:48:14",502000
17200,-200,200,"bu","13:49:43",502200
17250,-150,100,"bu","13:50:11",502300
17200,-200,400,"bu","13:50:14",502700
17200,-200,10000,"bu","13:51:06",512700
17200,-200,1700,"sd","13:51:29",514400
17200,-200,3000,"sd","13:51:36",517400
17250,-150,900,"bu","13:51:57",518300
17250,-150,500,"bu","13:53:35",518800
17250,-150,100,"bu","13:53:42",518900
17250,-150,8100,"sd","13:54:24",527000
17250,-150,500,"sd","13:54:32",527500
17250,-150,800,"bu","13:54:37",528300
17250,-150,100,"sd","13:55:05",528400
17250,-150,500,"bu","13:56:00",528900
17300,-100,1000,"sd","13:57:28",529900
17300,-100,500,"sd","13:58:11",530400
17300,-100,1000,"bu","14:00:23",531400
17250,-150,4200,"sd","14:01:28",535600
17250,-150,3300,"bu","14:01:46",538900
17250,-150,1000,"bu","14:02:29",539900
17200,-200,8000,"bu","14:04:23",547900
17200,-200,3100,"sd","14:04:43",551000
17200,-200,20000,"bu","14:04:52",571000
17200,-200,2800,"bu","14:04:57",573800
17200,-200,1700,"bu","14:04:59",575500
17200,-200,500,"sd","14:05:39",576000
17200,-200,500,"bu","14:06:48",576500
17200,-200,200,"sd","14:07:36",576700
17200,-200,1000,"sd","14:08:41",577700
17250,-150,3000,"sd","14:09:10",580700
17200,-200,3200,"sd","14:09:15",583900
17200,-200,100,"bu","14:09:40",584000
17200,-200,1700,"sd","14:09:45",585700
17200,-200,2300,"sd","14:09:50",588000
17200,-200,2700,"sd","14:09:56",590700
17200,-200,600,"bu","14:10:14",591300
17200,-200,4700,"bu","14:10:45",596000
17200,-200,300,"bu","14:10:53",596300
17200,-200,200,"bu","14:11:11",596500
17150,-250,2500,"sd","14:11:16",599000
17150,-250,3000,"bu","14:11:31",602000
17200,-200,4300,"sd","14:11:41",606300
17150,-250,1200,"sd","14:11:47",607500
17150,-250,2100,"bu","14:12:36",609600
17150,-250,500,"bu","14:13:17",610100
17200,-200,1000,"sd","14:13:32",611100
17200,-200,3000,"sd","14:13:51",614100
17150,-250,1200,"bu","14:14:06",615300
17200,-200,500,"sd","14:14:50",615800
17200,-200,15600,"sd","14:15:17",631400
17200,-200,2400,"bu","14:15:27",633800
17200,-200,5000,"sd","14:15:42",638800
17200,-200,2400,"sd","14:15:51",641200
17250,-150,500,"sd","14:16:02",641700
17250,-150,5600,"sd","14:17:32",647300
17250,-150,800,"sd","14:18:02",648100
17250,-150,1400,"bu","14:18:55",649500
17250,-150,500,"sd","14:19:13",650000
17250,-150,300,"bu","14:19:17",650300
17250,-150,200,"sd","14:19:30",650500
17200,-200,2000,"bu","14:20:18",652500
17200,-200,2300,"bu","14:20:28",654800
17200,-200,13200,"sd","14:20:41",668000
17200,-200,300,"sd","14:20:46",668300
17200,-200,700,"bu","14:20:49",669000
17150,-250,1000,"sd","14:22:41",670000
17150,-250,2100,"sd","14:22:44",672100
17200,-200,1000,"bu","14:23:29",673100
17200,-200,4500,"bu","14:23:54",677600
17200,-200,700,"sd","14:24:26",678300
17200,-200,1000,"bu","14:24:46",679300
17200,-200,100,"bu","14:25:12",679400
17150,-250,2100,"bu","14:25:30",681500
17200,-200,4200,"sd","14:25:33",685700
17200,-200,800,"bu","14:25:47",686500
17200,-200,600,"sd","14:26:08",687100
17200,-200,2200,"bu","14:26:10",689300
17200,-200,1600,"bu","14:26:24",690900
17200,-200,1400,"bu","14:26:32",692300
17200,-200,1200,"sd","14:26:34",693500
17200,-200,1200,"sd","14:26:40",694700
17150,-250,400,"sd","14:26:58",695100
17150,-250,5000,"bu","14:27:26",700100
17150,-250,1000,"bu","14:27:29",701100
17150,-250,500,"bu","14:27:50",701600
17150,-250,100,"sd","14:28:12",701700
17150,-250,300,"sd","14:28:23",702000
17200,-200,1300,"sd","14:29:04",703300
17200,-200,6400,"sd","14:29:39",709700
17150,-250,5000,"sd","14:29:57",714700
17150,-250,400,"bu","14:29:59",715100
17150,-250,87700,"sd","14:45:15",802800
