"id","symbol","truncTime","matchType","matchVol","matchPrice","accumulatedVolume","createdAt","updatedAt"
154027582,"ACB","1701416688","unknown","170300","21950","5734700","2023-12-01T07:45:02.883Z","2023-12-01T07:45:02.883Z"
154026925,"ACB","1701415787","b","100","21950","5564400","2023-12-01T07:30:00.868Z","2023-12-01T07:30:00.868Z"
154026865,"ACB","1701415785","s","400","21900","5564300","2023-12-01T07:29:58.869Z","2023-12-01T07:29:58.869Z"
154025575,"ACB","1701415761","s","1900","21900","5563900","2023-12-01T07:29:34.870Z","2023-12-01T07:29:34.870Z"
154025538,"ACB","1701415760","s","2000","21900","5562000","2023-12-01T07:29:33.872Z","2023-12-01T07:29:33.872Z"
154025423,"ACB","1701415758","s","100","21900","5560000","2023-12-01T07:29:31.868Z","2023-12-01T07:29:31.868Z"
154024967,"ACB","1701415751","s","800","21900","5559900","2023-12-01T07:29:24.872Z","2023-12-01T07:29:24.872Z"
154023563,"ACB","1701415725","s","100","21900","5559100","2023-12-01T07:28:57.872Z","2023-12-01T07:28:57.872Z"
154022396,"ACB","1701415700","s","3000","21900","5559000","2023-12-01T07:28:33.874Z","2023-12-01T07:28:33.874Z"
154022049,"ACB","1701415692","s","5500","21900","5556000","2023-12-01T07:28:25.870Z","2023-12-01T07:28:25.870Z"
154021996,"ACB","1701415690","s","5500","21900","5550500","2023-12-01T07:28:23.865Z","2023-12-01T07:28:23.865Z"
154021975,"ACB","1701415690","b","32900","21900","5545000","2023-12-01T07:28:23.865Z","2023-12-01T07:28:23.865Z"
154021108,"ACB","1701415670","s","400","21850","5512100","2023-12-01T07:28:03.872Z","2023-12-01T07:28:03.872Z"
154021107,"ACB","1701415670","s","2000","21850","5512100","2023-12-01T07:28:03.872Z","2023-12-01T07:28:03.872Z"
154021106,"ACB","1701415670","s","200","21850","5512100","2023-12-01T07:28:03.872Z","2023-12-01T07:28:03.872Z"
154021105,"ACB","1701415670","s","2900","21850","5512100","2023-12-01T07:28:03.872Z","2023-12-01T07:28:03.872Z"
154020646,"ACB","1701415657","s","100","21850","5506600","2023-12-01T07:27:51.870Z","2023-12-01T07:27:51.870Z"
154020645,"ACB","1701415657","s","200","21850","5506600","2023-12-01T07:27:51.870Z","2023-12-01T07:27:51.870Z"
154020644,"ACB","1701415657","s","1100","21850","5506600","2023-12-01T07:27:51.870Z","2023-12-01T07:27:51.870Z"
154020523,"ACB","1701415654","s","300","21900","5505200","2023-12-01T07:27:48.871Z","2023-12-01T07:27:48.871Z"
154020522,"ACB","1701415654","s","1000","21900","5505200","2023-12-01T07:27:48.871Z","2023-12-01T07:27:48.871Z"
154020521,"ACB","1701415654","s","100","21900","5505200","2023-12-01T07:27:48.871Z","2023-12-01T07:27:48.871Z"
154020520,"ACB","1701415654","s","500","21900","5505200","2023-12-01T07:27:48.871Z","2023-12-01T07:27:48.871Z"
154020519,"ACB","1701415654","s","500","21900","5505200","2023-12-01T07:27:48.871Z","2023-12-01T07:27:48.871Z"
154020518,"ACB","1701415654","s","1000","21900","5505200","2023-12-01T07:27:48.871Z","2023-12-01T07:27:48.871Z"
154020517,"ACB","1701415654","s","500","21900","5505200","2023-12-01T07:27:48.871Z","2023-12-01T07:27:48.871Z"
154020516,"ACB","1701415654","s","500","21900","5505200","2023-12-01T07:27:48.871Z","2023-12-01T07:27:48.871Z"
154020515,"ACB","1701415654","s","100","21900","5505200","2023-12-01T07:27:48.871Z","2023-12-01T07:27:48.871Z"
154020514,"ACB","1701415654","s","100","21900","5505200","2023-12-01T07:27:48.871Z","2023-12-01T07:27:48.871Z"
154020513,"ACB","1701415654","s","300","21900","5505200","2023-12-01T07:27:48.871Z","2023-12-01T07:27:48.871Z"
154020512,"ACB","1701415654","s","28000","21900","5505200","2023-12-01T07:27:48.871Z","2023-12-01T07:27:48.871Z"
154020511,"ACB","1701415654","s","1000","21900","5505200","2023-12-01T07:27:48.871Z","2023-12-01T07:27:48.871Z"
154020510,"ACB","1701415654","s","100","21900","5505200","2023-12-01T07:27:48.871Z","2023-12-01T07:27:48.871Z"
154020509,"ACB","1701415654","s","500","21900","5505200","2023-12-01T07:27:48.871Z","2023-12-01T07:27:48.871Z"
154020508,"ACB","1701415654","s","100","21900","5505200","2023-12-01T07:27:48.871Z","2023-12-01T07:27:48.871Z"
154020507,"ACB","1701415654","s","100","21900","5505200","2023-12-01T07:27:48.871Z","2023-12-01T07:27:48.871Z"
154020506,"ACB","1701415654","s","200","21900","5505200","2023-12-01T07:27:48.871Z","2023-12-01T07:27:48.871Z"
154020505,"ACB","1701415654","s","2000","21900","5505200","2023-12-01T07:27:48.871Z","2023-12-01T07:27:48.871Z"
154020504,"ACB","1701415654","s","4500","21900","5505200","2023-12-01T07:27:48.871Z","2023-12-01T07:27:48.871Z"
154020503,"ACB","1701415654","s","5000","21900","5505200","2023-12-01T07:27:48.871Z","2023-12-01T07:27:48.871Z"
154020502,"ACB","1701415654","s","10100","21900","5505200","2023-12-01T07:27:48.871Z","2023-12-01T07:27:48.871Z"
154020501,"ACB","1701415654","s","100","21900","5505200","2023-12-01T07:27:48.871Z","2023-12-01T07:27:48.871Z"
154020500,"ACB","1701415654","s","600","21900","5505200","2023-12-01T07:27:48.871Z","2023-12-01T07:27:48.871Z"
154020499,"ACB","1701415654","s","1000","21900","5505200","2023-12-01T07:27:48.871Z","2023-12-01T07:27:48.871Z"
154020498,"ACB","1701415654","s","500","21900","5505200","2023-12-01T07:27:48.871Z","2023-12-01T07:27:48.871Z"
154020497,"ACB","1701415654","s","2900","21900","5505200","2023-12-01T07:27:48.871Z","2023-12-01T07:27:48.871Z"
154020496,"ACB","1701415654","s","200","21900","5505200","2023-12-01T07:27:48.871Z","2023-12-01T07:27:48.871Z"
154020495,"ACB","1701415654","s","5300","21900","5505200","2023-12-01T07:27:48.871Z","2023-12-01T07:27:48.871Z"
154020494,"ACB","1701415654","b","500","21950","5505200","2023-12-01T07:27:48.871Z","2023-12-01T07:27:48.871Z"
154020331,"ACB","1701415651","b","100","21950","5437600","2023-12-01T07:27:44.866Z","2023-12-01T07:27:44.866Z"
154019719,"ACB","1701415635","b","1000","21950","5437500","2023-12-01T07:27:28.866Z","2023-12-01T07:27:28.866Z"
154019609,"ACB","1701415632","b","100","21950","5436400","2023-12-01T07:27:26.867Z","2023-12-01T07:27:26.867Z"
154018687,"ACB","1701415610","s","1300","21900","5436400","2023-12-01T07:27:03.874Z","2023-12-01T07:27:03.874Z"
154017826,"ACB","1701415588","b","4000","21950","5431100","2023-12-01T07:26:41.869Z","2023-12-01T07:26:41.869Z"
154017733,"ACB","1701415586","b","900","21950","5431100","2023-12-01T07:26:39.863Z","2023-12-01T07:26:39.863Z"
154017720,"ACB","1701415586","b","800","21950","5430200","2023-12-01T07:26:38.866Z","2023-12-01T07:26:38.866Z"
154017296,"ACB","1701415573","s","20000","21950","5429400","2023-12-01T07:26:25.866Z","2023-12-01T07:26:25.866Z"
154017295,"ACB","1701415573","s","100","21950","5429400","2023-12-01T07:26:25.866Z","2023-12-01T07:26:25.866Z"
154017294,"ACB","1701415573","s","18500","21950","5429400","2023-12-01T07:26:25.866Z","2023-12-01T07:26:25.866Z"
154017145,"ACB","1701415568","s","1500","21950","5390800","2023-12-01T07:26:21.865Z","2023-12-01T07:26:21.865Z"
154016908,"ACB","1701415564","b","4100","22000","5389300","2023-12-01T07:26:16.867Z","2023-12-01T07:26:16.867Z"
154015916,"ACB","1701415545","b","1300","22000","5385200","2023-12-01T07:25:57.865Z","2023-12-01T07:25:57.865Z"
154015915,"ACB","1701415545","b","800","21950","5385200","2023-12-01T07:25:57.865Z","2023-12-01T07:25:57.865Z"
154015914,"ACB","1701415545","b","2000","21950","5385200","2023-12-01T07:25:57.865Z","2023-12-01T07:25:57.865Z"
154015913,"ACB","1701415545","b","1300","21950","5385200","2023-12-01T07:25:57.865Z","2023-12-01T07:25:57.865Z"
154015912,"ACB","1701415545","b","1900","21950","5385200","2023-12-01T07:25:57.865Z","2023-12-01T07:25:57.865Z"
154015911,"ACB","1701415545","b","1300","21950","5385200","2023-12-01T07:25:57.865Z","2023-12-01T07:25:57.865Z"
154015910,"ACB","1701415545","b","1500","21950","5385200","2023-12-01T07:25:57.865Z","2023-12-01T07:25:57.865Z"
154015909,"ACB","1701415545","b","100","21950","5385200","2023-12-01T07:25:57.865Z","2023-12-01T07:25:57.865Z"
154015908,"ACB","1701415545","b","7200","21950","5385200","2023-12-01T07:25:57.865Z","2023-12-01T07:25:57.865Z"
154015735,"ACB","1701415540","b","100","21950","5367800","2023-12-01T07:25:53.866Z","2023-12-01T07:25:53.866Z"
154015172,"ACB","1701415526","s","200","21900","5367700","2023-12-01T07:25:39.863Z","2023-12-01T07:25:39.863Z"
154015040,"ACB","1701415523","b","17400","21950","5367500","2023-12-01T07:25:36.869Z","2023-12-01T07:25:36.869Z"
154014687,"ACB","1701415516","s","2100","21900","5350100","2023-12-01T07:25:29.863Z","2023-12-01T07:25:29.863Z"
154013304,"ACB","1701415477","s","11000","21900","5348000","2023-12-01T07:24:50.860Z","2023-12-01T07:24:50.860Z"
154012217,"ACB","1701415448","s","100","21900","5337000","2023-12-01T07:24:21.870Z","2023-12-01T07:24:21.870Z"
154012216,"ACB","1701415448","s","300","21900","5337000","2023-12-01T07:24:21.870Z","2023-12-01T07:24:21.870Z"
154012215,"ACB","1701415448","s","1400","21900","5337000","2023-12-01T07:24:21.870Z","2023-12-01T07:24:21.870Z"
154011515,"ACB","1701415430","s","500","21900","5335200","2023-12-01T07:24:03.862Z","2023-12-01T07:24:03.862Z"
154010679,"ACB","1701415410","s","600","21900","5334700","2023-12-01T07:23:42.865Z","2023-12-01T07:23:42.865Z"
154010678,"ACB","1701415410","s","1400","21900","5334700","2023-12-01T07:23:42.865Z","2023-12-01T07:23:42.865Z"
154010324,"ACB","1701415400","s","300","21900","5332400","2023-12-01T07:23:32.867Z","2023-12-01T07:23:32.867Z"
154010211,"ACB","1701415398","s","100","21900","5332400","2023-12-01T07:23:30.861Z","2023-12-01T07:23:30.861Z"
154009638,"ACB","1701415381","s","100","21900","5332300","2023-12-01T07:23:13.868Z","2023-12-01T07:23:13.868Z"
154009293,"ACB","1701415372","b","30000","21950","5332200","2023-12-01T07:23:05.867Z","2023-12-01T07:23:05.867Z"
154008777,"ACB","1701415357","b","500","21950","5302200","2023-12-01T07:22:50.861Z","2023-12-01T07:22:50.861Z"
154008691,"ACB","1701415356","s","200","21950","5301700","2023-12-01T07:22:48.857Z","2023-12-01T07:22:48.857Z"
154008690,"ACB","1701415356","s","500","21950","5301700","2023-12-01T07:22:48.857Z","2023-12-01T07:22:48.857Z"
154008689,"ACB","1701415356","s","5000","21950","5301700","2023-12-01T07:22:48.857Z","2023-12-01T07:22:48.857Z"
154008688,"ACB","1701415356","s","200","21950","5301700","2023-12-01T07:22:48.857Z","2023-12-01T07:22:48.857Z"
154008687,"ACB","1701415356","s","100","21950","5301700","2023-12-01T07:22:48.857Z","2023-12-01T07:22:48.857Z"
154008686,"ACB","1701415356","s","20000","21950","5301700","2023-12-01T07:22:48.857Z","2023-12-01T07:22:48.857Z"
154008685,"ACB","1701415356","s","500","21950","5301700","2023-12-01T07:22:48.857Z","2023-12-01T07:22:48.857Z"
154008684,"ACB","1701415356","s","2000","21950","5301700","2023-12-01T07:22:48.857Z","2023-12-01T07:22:48.857Z"
154008683,"ACB","1701415356","s","16300","21950","5301700","2023-12-01T07:22:48.857Z","2023-12-01T07:22:48.857Z"
154005848,"ACB","1701415289","b","50000","22000","5256900","2023-12-01T07:21:42.859Z","2023-12-01T07:21:42.859Z"
154005151,"ACB","1701415274","b","17400","22000","5189500","2023-12-01T07:21:27.864Z","2023-12-01T07:21:27.864Z"
154004398,"ACB","1701415257","s","100","21950","5189500","2023-12-01T07:21:11.858Z","2023-12-01T07:21:11.858Z"
154002193,"ACB","1701415213","b","53600","21950","5189400","2023-12-01T07:20:25.858Z","2023-12-01T07:20:25.858Z"
154002175,"ACB","1701415212","b","20000","21950","5135800","2023-12-01T07:20:25.858Z","2023-12-01T07:20:25.858Z"
