"id","symbol","truncTime","matchType","matchVol","matchPrice","accumulatedVolume","createdAt","updatedAt"
154027622,"C47","1701416690","unknown","14800","7150","114800","2023-12-01T07:45:03.882Z","2023-12-01T07:45:03.882Z"
154015982,"C47","1701415546","b","100","7150","114700","2023-12-01T07:25:58.866Z","2023-12-01T07:25:58.866Z"
154015518,"C47","1701415534","b","500","7150","114200","2023-12-01T07:25:47.872Z","2023-12-01T07:25:47.872Z"
154014839,"C47","1701415519","b","1300","7150","114200","2023-12-01T07:25:32.867Z","2023-12-01T07:25:32.867Z"
154014838,"C47","1701415519","b","500","7150","114200","2023-12-01T07:25:32.867Z","2023-12-01T07:25:32.867Z"
154014837,"C47","1701415519","b","200","7150","114200","2023-12-01T07:25:32.867Z","2023-12-01T07:25:32.867Z"
154010026,"C47","1701415392","b","300","7150","112200","2023-12-01T07:23:24.859Z","2023-12-01T07:23:24.859Z"
154005658,"C47","1701415284","b","2000","7150","109900","2023-12-01T07:21:37.860Z","2023-12-01T07:21:37.860Z"
154004059,"C47","1701415250","b","1000","7150","109900","2023-12-01T07:21:03.866Z","2023-12-01T07:21:03.866Z"
154003893,"C47","1701415245","s","100","7150","108800","2023-12-01T07:20:59.866Z","2023-12-01T07:20:59.866Z"
153994527,"C47","1701415085","b","400","7150","108400","2023-12-01T07:18:17.859Z","2023-12-01T07:18:17.859Z"
153994508,"C47","1701415084","b","100","7150","108400","2023-12-01T07:18:17.859Z","2023-12-01T07:18:17.859Z"
153991403,"C47","1701415049","b","100","7150","108300","2023-12-01T07:17:42.856Z","2023-12-01T07:17:42.856Z"
153989569,"C47","1701415027","b","100","7150","108100","2023-12-01T07:17:20.862Z","2023-12-01T07:17:20.862Z"
153982917,"C47","1701414955","b","100","7150","108000","2023-12-01T07:16:08.854Z","2023-12-01T07:16:08.854Z"
153977952,"C47","1701414875","b","200","7150","108000","2023-12-01T07:14:48.854Z","2023-12-01T07:14:48.854Z"
153973856,"C47","1701414702","b","100","7200","107800","2023-12-01T07:11:55.855Z","2023-12-01T07:11:55.855Z"
153972614,"C47","1701414652","s","500","7110","107200","2023-12-01T07:11:05.853Z","2023-12-01T07:11:05.853Z"
153971482,"C47","1701414609","b","100","7200","107100","2023-12-01T07:10:22.850Z","2023-12-01T07:10:22.850Z"
153970469,"C47","1701414575","s","1400","7100","105600","2023-12-01T07:09:47.850Z","2023-12-01T07:09:47.850Z"
153970468,"C47","1701414575","s","100","7110","105600","2023-12-01T07:09:47.850Z","2023-12-01T07:09:47.850Z"
153969132,"C47","1701414539","s","1000","7110","103900","2023-12-01T07:09:12.857Z","2023-12-01T07:09:12.857Z"
153969131,"C47","1701414539","s","400","7110","103900","2023-12-01T07:09:12.857Z","2023-12-01T07:09:12.857Z"
153969130,"C47","1701414539","s","300","7110","103900","2023-12-01T07:09:12.857Z","2023-12-01T07:09:12.857Z"
153960198,"C47","1701414369","s","1900","7100","103900","2023-12-01T07:06:22.855Z","2023-12-01T07:06:22.855Z"
153960197,"C47","1701414369","s","100","7100","103900","2023-12-01T07:06:22.855Z","2023-12-01T07:06:22.855Z"
153960196,"C47","1701414369","s","100","7100","103900","2023-12-01T07:06:22.855Z","2023-12-01T07:06:22.855Z"
153960195,"C47","1701414369","s","100","7100","103900","2023-12-01T07:06:22.855Z","2023-12-01T07:06:22.855Z"
153960194,"C47","1701414369","s","100","7100","103900","2023-12-01T07:06:22.855Z","2023-12-01T07:06:22.855Z"
153960193,"C47","1701414369","s","5300","7100","103900","2023-12-01T07:06:22.855Z","2023-12-01T07:06:22.855Z"
153960192,"C47","1701414369","s","500","7110","103900","2023-12-01T07:06:22.855Z","2023-12-01T07:06:22.855Z"
153960191,"C47","1701414369","s","200","7110","103900","2023-12-01T07:06:22.855Z","2023-12-01T07:06:22.855Z"
153957994,"C47","1701414338","s","400","7110","91200","2023-12-01T07:05:51.860Z","2023-12-01T07:05:51.860Z"
153957993,"C47","1701414338","s","1000","7110","91200","2023-12-01T07:05:51.860Z","2023-12-01T07:05:51.860Z"
153957992,"C47","1701414338","s","1200","7110","91200","2023-12-01T07:05:51.860Z","2023-12-01T07:05:51.860Z"
153957991,"C47","1701414338","s","1600","7110","91200","2023-12-01T07:05:51.860Z","2023-12-01T07:05:51.860Z"
153957990,"C47","1701414338","s","200","7120","91200","2023-12-01T07:05:51.860Z","2023-12-01T07:05:51.860Z"
153955956,"C47","1701414316","s","1000","7120","90200","2023-12-01T07:05:29.861Z","2023-12-01T07:05:29.861Z"
153953695,"C47","1701414297","s","100","7120","89900","2023-12-01T07:05:10.857Z","2023-12-01T07:05:10.857Z"
153953694,"C47","1701414297","s","200","7120","89900","2023-12-01T07:05:10.857Z","2023-12-01T07:05:10.857Z"
153951426,"C47","1701414275","b","500","7180","89900","2023-12-01T07:04:48.859Z","2023-12-01T07:04:48.859Z"
153940501,"C47","1701413888","s","400","7110","84400","2023-12-01T06:58:21.844Z","2023-12-01T06:58:21.844Z"
153940500,"C47","1701413888","s","4600","7110","84400","2023-12-01T06:58:21.844Z","2023-12-01T06:58:21.844Z"
153938406,"C47","1701413805","s","3300","7110","84400","2023-12-01T06:56:58.842Z","2023-12-01T06:56:58.842Z"
153937855,"C47","1701413781","s","200","7120","79400","2023-12-01T06:56:34.849Z","2023-12-01T06:56:34.849Z"
153937854,"C47","1701413781","s","1500","7120","79400","2023-12-01T06:56:34.849Z","2023-12-01T06:56:34.849Z"
153937455,"C47","1701413766","b","500","7130","78900","2023-12-01T06:56:19.851Z","2023-12-01T06:56:19.851Z"
153936814,"C47","1701413744","b","500","7130","77900","2023-12-01T06:55:58.841Z","2023-12-01T06:55:58.841Z"
153936813,"C47","1701413744","b","500","7130","77900","2023-12-01T06:55:58.841Z","2023-12-01T06:55:58.841Z"
153932496,"C47","1701413638","s","100","7130","77800","2023-12-01T06:54:10.849Z","2023-12-01T06:54:10.849Z"
153931471,"C47","1701413605","s","100","7130","77800","2023-12-01T06:53:38.842Z","2023-12-01T06:53:38.842Z"
153910728,"C47","1701413191","s","100","7120","77600","2023-12-01T06:46:44.831Z","2023-12-01T06:46:44.831Z"
153900526,"C47","1701412679","s","3300","7120","74300","2023-12-01T06:38:12.825Z","2023-12-01T06:38:12.825Z"
153900401,"C47","1701412671","s","300","7120","74000","2023-12-01T06:38:04.827Z","2023-12-01T06:38:04.827Z"
153895382,"C47","1701412467","s","4700","7100","57800","2023-12-01T06:34:40.817Z","2023-12-01T06:34:40.817Z"
153895381,"C47","1701412467","s","100","7100","57800","2023-12-01T06:34:40.817Z","2023-12-01T06:34:40.817Z"
153895380,"C47","1701412467","s","300","7100","57800","2023-12-01T06:34:40.817Z","2023-12-01T06:34:40.817Z"
153895379,"C47","1701412467","s","100","7110","57800","2023-12-01T06:34:40.817Z","2023-12-01T06:34:40.817Z"
153895378,"C47","1701412467","s","100","7110","57800","2023-12-01T06:34:40.817Z","2023-12-01T06:34:40.817Z"
153895377,"C47","1701412467","s","100","7110","57800","2023-12-01T06:34:40.817Z","2023-12-01T06:34:40.817Z"
153895376,"C47","1701412467","s","1000","7110","57800","2023-12-01T06:34:40.817Z","2023-12-01T06:34:40.817Z"
153895375,"C47","1701412467","s","5000","7110","57800","2023-12-01T06:34:40.817Z","2023-12-01T06:34:40.817Z"
153895374,"C47","1701412467","s","300","7110","57800","2023-12-01T06:34:40.817Z","2023-12-01T06:34:40.817Z"
153895373,"C47","1701412467","s","2000","7110","57800","2023-12-01T06:34:40.817Z","2023-12-01T06:34:40.817Z"
153895372,"C47","1701412467","s","2000","7120","57800","2023-12-01T06:34:40.817Z","2023-12-01T06:34:40.817Z"
153895371,"C47","1701412467","s","500","7120","57800","2023-12-01T06:34:40.817Z","2023-12-01T06:34:40.817Z"
153895369,"C47","1701412467","s","100","7120","57800","2023-12-01T06:34:40.817Z","2023-12-01T06:34:40.817Z"
153895368,"C47","1701412467","s","100","7120","57800","2023-12-01T06:34:40.817Z","2023-12-01T06:34:40.817Z"
153895367,"C47","1701412467","s","100","7120","57800","2023-12-01T06:34:40.817Z","2023-12-01T06:34:40.817Z"
153894529,"C47","1701412437","b","100","7130","57500","2023-12-01T06:34:10.824Z","2023-12-01T06:34:10.824Z"
153893659,"C47","1701412407","s","100","7120","57200","2023-12-01T06:33:40.816Z","2023-12-01T06:33:40.816Z"
153893658,"C47","1701412407","s","100","7120","57200","2023-12-01T06:33:40.816Z","2023-12-01T06:33:40.816Z"
153892064,"C47","1701412348","s","1900","7120","55200","2023-12-01T06:32:42.820Z","2023-12-01T06:32:42.820Z"
153892063,"C47","1701412348","s","100","7120","55200","2023-12-01T06:32:42.820Z","2023-12-01T06:32:42.820Z"
153892054,"C47","1701412348","s","500","7130","54600","2023-12-01T06:32:41.817Z","2023-12-01T06:32:41.817Z"
153892053,"C47","1701412348","s","100","7130","54600","2023-12-01T06:32:41.817Z","2023-12-01T06:32:41.817Z"
153885193,"C47","1701412047","s","500","7130","54100","2023-12-01T06:27:40.809Z","2023-12-01T06:27:40.809Z"
153883953,"C47","1701411980","s","500","7140","54100","2023-12-01T06:26:32.804Z","2023-12-01T06:26:32.804Z"
153875685,"C47","1701411622","s","2000","7140","50600","2023-12-01T06:20:35.802Z","2023-12-01T06:20:35.802Z"
153875684,"C47","1701411622","s","1000","7140","50600","2023-12-01T06:20:35.802Z","2023-12-01T06:20:35.802Z"
153870012,"C47","1701411385","s","100","7200","50500","2023-12-01T06:16:37.797Z","2023-12-01T06:16:37.797Z"
153867306,"C47","1701411270","b","200","7200","50200","2023-12-01T06:14:43.792Z","2023-12-01T06:14:43.792Z"
153867305,"C47","1701411270","b","100","7200","50200","2023-12-01T06:14:43.792Z","2023-12-01T06:14:43.792Z"
153862884,"C47","1701411092","s","1000","7140","50200","2023-12-01T06:11:45.790Z","2023-12-01T06:11:45.790Z"
153862413,"C47","1701411074","b","2000","7140","46400","2023-12-01T06:11:27.791Z","2023-12-01T06:11:27.791Z"
153862412,"C47","1701411074","b","800","7140","46400","2023-12-01T06:11:27.791Z","2023-12-01T06:11:27.791Z"
153861804,"C47","1701411047","b","200","7130","46400","2023-12-01T06:11:00.790Z","2023-12-01T06:11:00.790Z"
153859999,"C47","1701410970","s","100","7120","46100","2023-12-01T06:09:43.791Z","2023-12-01T06:09:43.791Z"
153859823,"C47","1701410965","b","500","7130","46100","2023-12-01T06:09:37.794Z","2023-12-01T06:09:37.794Z"
153859079,"C47","1701410929","s","100","7130","45300","2023-12-01T06:09:02.791Z","2023-12-01T06:09:02.791Z"
153859078,"C47","1701410929","s","100","7130","45300","2023-12-01T06:09:02.791Z","2023-12-01T06:09:02.791Z"
153859077,"C47","1701410929","s","100","7130","45300","2023-12-01T06:09:02.791Z","2023-12-01T06:09:02.791Z"
153857797,"C47","1701410879","s","800","7130","44500","2023-12-01T06:08:12.787Z","2023-12-01T06:08:12.787Z"
153851608,"C47","1701410664","b","600","7140","43900","2023-12-01T06:04:37.783Z","2023-12-01T06:04:37.783Z"
153850946,"C47","1701410636","b","600","7140","41900","2023-12-01T06:04:09.789Z","2023-12-01T06:04:09.789Z"
153850945,"C47","1701410636","b","1400","7140","41900","2023-12-01T06:04:09.789Z","2023-12-01T06:04:09.789Z"
153847667,"C47","1701410510","s","1000","7130","41900","2023-12-01T06:02:02.779Z","2023-12-01T06:02:02.779Z"
153846221,"C47","1701410458","s","1000","7130","39900","2023-12-01T06:01:11.778Z","2023-12-01T06:01:11.778Z"
153845562,"C47","1701410427","s","100","7130","39900","2023-12-01T06:00:40.777Z","2023-12-01T06:00:40.777Z"
153843962,"C47","1701410400","s","100","7140","39800","2023-12-01T06:00:13.797Z","2023-12-01T06:00:13.797Z"
