"id","symbol","truncTime","matchType","matchVol","matchPrice","accumulatedVolume","createdAt","updatedAt"
154027991,"CMS","1701416713","s","3500","20300","203200","2023-12-01T07:45:14.878Z","2023-12-01T07:45:14.878Z"
154026864,"CMS","1701415797","b","300","20400","199700","2023-12-01T07:29:58.869Z","2023-12-01T07:29:58.869Z"
154023770,"CMS","1701415740","b","100","20500","199400","2023-12-01T07:29:01.872Z","2023-12-01T07:29:01.872Z"
154023341,"CMS","1701415733","b","1000","20500","199300","2023-12-01T07:28:54.876Z","2023-12-01T07:28:54.876Z"
154014968,"CMS","1701415534","s","1000","20500","198300","2023-12-01T07:25:35.870Z","2023-12-01T07:25:35.870Z"
154014631,"CMS","1701415527","s","500","20500","197300","2023-12-01T07:25:28.862Z","2023-12-01T07:25:28.862Z"
154011714,"CMS","1701415447","b","1000","20600","196800","2023-12-01T07:24:09.858Z","2023-12-01T07:24:09.858Z"
154006322,"CMS","1701415312","b","1000","20600","195800","2023-12-01T07:21:53.864Z","2023-12-01T07:21:53.864Z"
154003022,"CMS","1701415243","b","500","20500","194800","2023-12-01T07:20:43.867Z","2023-12-01T07:20:43.867Z"
154000545,"CMS","1701415194","b","400","20500","194300","2023-12-01T07:19:55.866Z","2023-12-01T07:19:55.866Z"
153996794,"CMS","1701415128","s","100","20500","193900","2023-12-01T07:18:49.862Z","2023-12-01T07:18:49.862Z"
153995343,"CMS","1701415108","b","1300","20500","193800","2023-12-01T07:18:30.864Z","2023-12-01T07:18:30.864Z"
153993205,"CMS","1701415080","b","500","20500","192500","2023-12-01T07:18:00.867Z","2023-12-01T07:18:00.867Z"
153989537,"CMS","1701415039","b","500","20400","192000","2023-12-01T07:17:19.861Z","2023-12-01T07:17:19.861Z"
153970315,"CMS","1701414583","b","400","20500","191500","2023-12-01T07:09:43.854Z","2023-12-01T07:09:43.854Z"
153969370,"CMS","1701414557","b","100","20500","191100","2023-12-01T07:09:17.848Z","2023-12-01T07:09:17.848Z"
153967049,"CMS","1701414503","b","300","20500","191000","2023-12-01T07:08:23.852Z","2023-12-01T07:08:23.852Z"
153965461,"CMS","1701414468","b","3500","20500","190700","2023-12-01T07:07:49.857Z","2023-12-01T07:07:49.857Z"
153964226,"CMS","1701414441","b","500","20500","187200","2023-12-01T07:07:22.853Z","2023-12-01T07:07:22.853Z"
153960579,"CMS","1701414387","s","1600","20300","186700","2023-12-01T07:06:27.854Z","2023-12-01T07:06:27.854Z"
153960486,"CMS","1701414386","b","300","20300","185100","2023-12-01T07:06:26.856Z","2023-12-01T07:06:26.856Z"
153959823,"CMS","1701414376","b","100","20300","184800","2023-12-01T07:06:16.858Z","2023-12-01T07:06:16.858Z"
153957619,"CMS","1701414346","s","2400","20200","184700","2023-12-01T07:05:46.850Z","2023-12-01T07:05:46.850Z"
153957397,"CMS","1701414344","b","500","20200","182300","2023-12-01T07:05:44.857Z","2023-12-01T07:05:44.857Z"
153957018,"CMS","1701414340","b","1000","20200","181800","2023-12-01T07:05:40.859Z","2023-12-01T07:05:40.859Z"
153953316,"CMS","1701414304","b","1000","20200","180800","2023-12-01T07:05:05.865Z","2023-12-01T07:05:05.865Z"
153945533,"CMS","1701414128","b","200","20200","179800","2023-12-01T07:02:08.846Z","2023-12-01T07:02:08.846Z"
153944588,"CMS","1701414084","b","100","20200","179600","2023-12-01T07:01:24.844Z","2023-12-01T07:01:24.844Z"
153944414,"CMS","1701414077","s","100","20100","179500","2023-12-01T07:01:18.842Z","2023-12-01T07:01:18.842Z"
153941203,"CMS","1701413925","unknown","1900","20100","179400","2023-12-01T06:58:45.846Z","2023-12-01T06:58:45.846Z"
153940133,"CMS","1701413885","s","1500","20100","177500","2023-12-01T06:58:05.841Z","2023-12-01T06:58:05.841Z"
153937250,"CMS","1701413771","b","100","20100","176000","2023-12-01T06:56:12.845Z","2023-12-01T06:56:12.845Z"
153937068,"CMS","1701413764","b","500","20100","175900","2023-12-01T06:56:05.840Z","2023-12-01T06:56:05.840Z"
153936864,"CMS","1701413759","b","2000","20100","175400","2023-12-01T06:56:00.845Z","2023-12-01T06:56:00.845Z"
153936792,"CMS","1701413756","b","100","20100","173400","2023-12-01T06:55:57.841Z","2023-12-01T06:55:57.841Z"
153936125,"CMS","1701413735","b","600","20100","173300","2023-12-01T06:55:36.849Z","2023-12-01T06:55:36.849Z"
153935716,"CMS","1701413722","b","500","20100","172700","2023-12-01T06:55:24.847Z","2023-12-01T06:55:24.847Z"
153935651,"CMS","1701413721","b","100","20100","172200","2023-12-01T06:55:22.843Z","2023-12-01T06:55:22.843Z"
153935608,"CMS","1701413720","b","2200","20100","172100","2023-12-01T06:55:21.854Z","2023-12-01T06:55:21.854Z"
153935485,"CMS","1701413716","b","300","20100","169900","2023-12-01T06:55:17.840Z","2023-12-01T06:55:17.840Z"
153933237,"CMS","1701413666","b","1000","20100","169600","2023-12-01T06:54:27.843Z","2023-12-01T06:54:27.843Z"
153931628,"CMS","1701413623","s","500","20000","168600","2023-12-01T06:53:43.842Z","2023-12-01T06:53:43.842Z"
153930564,"CMS","1701413598","b","100","20100","168100","2023-12-01T06:53:19.839Z","2023-12-01T06:53:19.839Z"
153929613,"CMS","1701413579","b","1000","20100","168000","2023-12-01T06:53:00.845Z","2023-12-01T06:53:00.845Z"
153923764,"CMS","1701413479","b","300","20100","167000","2023-12-01T06:51:20.852Z","2023-12-01T06:51:20.852Z"
153919499,"CMS","1701413411","s","100","20100","166700","2023-12-01T06:50:13.853Z","2023-12-01T06:50:13.853Z"
153915000,"CMS","1701413319","s","1800","20100","166600","2023-12-01T06:48:39.836Z","2023-12-01T06:48:39.836Z"
153912661,"CMS","1701413270","b","3700","20100","164800","2023-12-01T06:47:51.837Z","2023-12-01T06:47:51.837Z"
153912601,"CMS","1701413267","b","100","20100","161100","2023-12-01T06:47:48.837Z","2023-12-01T06:47:48.837Z"
153910756,"CMS","1701413206","s","6200","20100","161000","2023-12-01T06:46:48.830Z","2023-12-01T06:46:48.830Z"
153909127,"CMS","1701413112","b","1500","20200","154800","2023-12-01T06:45:13.831Z","2023-12-01T06:45:13.831Z"
153907389,"CMS","1701413023","s","500","20200","153300","2023-12-01T06:43:44.827Z","2023-12-01T06:43:44.827Z"
153905530,"CMS","1701412914","s","2000","20200","152800","2023-12-01T06:41:55.830Z","2023-12-01T06:41:55.830Z"
153903160,"CMS","1701412796","s","500","20200","150800","2023-12-01T06:39:57.827Z","2023-12-01T06:39:57.827Z"
153902884,"CMS","1701412786","s","1200","20200","150300","2023-12-01T06:39:47.825Z","2023-12-01T06:39:47.825Z"
153901689,"CMS","1701412743","b","1200","20300","149100","2023-12-01T06:39:04.823Z","2023-12-01T06:39:04.823Z"
153899857,"CMS","1701412651","s","100","20300","147900","2023-12-01T06:37:32.821Z","2023-12-01T06:37:32.821Z"
153898905,"CMS","1701412615","b","100","20400","147800","2023-12-01T06:36:56.822Z","2023-12-01T06:36:56.822Z"
153897521,"CMS","1701412569","s","100","20400","147700","2023-12-01T06:36:09.817Z","2023-12-01T06:36:09.817Z"
153894629,"CMS","1701412452","s","900","20400","147600","2023-12-01T06:34:13.818Z","2023-12-01T06:34:13.818Z"
153893236,"CMS","1701412404","b","100","20400","146700","2023-12-01T06:33:25.823Z","2023-12-01T06:33:25.823Z"
153884812,"CMS","1701412037","s","100","20300","146600","2023-12-01T06:27:18.805Z","2023-12-01T06:27:18.805Z"
153884245,"CMS","1701412008","b","400","20300","146500","2023-12-01T06:26:48.803Z","2023-12-01T06:26:48.803Z"
153882195,"CMS","1701411921","s","200","20200","146100","2023-12-01T06:25:22.808Z","2023-12-01T06:25:22.808Z"
153881120,"CMS","1701411875","s","1000","20200","145900","2023-12-01T06:24:36.802Z","2023-12-01T06:24:36.802Z"
153880446,"CMS","1701411845","s","2000","20200","144900","2023-12-01T06:24:06.799Z","2023-12-01T06:24:06.799Z"
153879244,"CMS","1701411790","s","3300","20200","142900","2023-12-01T06:23:11.801Z","2023-12-01T06:23:11.801Z"
153878188,"CMS","1701411746","s","2100","20200","139600","2023-12-01T06:22:26.799Z","2023-12-01T06:22:26.799Z"
153874459,"CMS","1701411582","b","200","20300","137500","2023-12-01T06:19:43.800Z","2023-12-01T06:19:43.800Z"
153872839,"CMS","1701411519","b","700","20300","137300","2023-12-01T06:18:40.797Z","2023-12-01T06:18:40.797Z"
153872598,"CMS","1701411510","b","200","20300","136600","2023-12-01T06:18:31.796Z","2023-12-01T06:18:31.796Z"
153870975,"CMS","1701411446","b","2000","20300","136400","2023-12-01T06:17:26.795Z","2023-12-01T06:17:26.795Z"
153869564,"CMS","1701411377","b","400","20300","134400","2023-12-01T06:16:18.795Z","2023-12-01T06:16:18.795Z"
153866784,"CMS","1701411260","b","200","20300","134000","2023-12-01T06:14:21.795Z","2023-12-01T06:14:21.795Z"
153859734,"CMS","1701410972","b","100","20300","133800","2023-12-01T06:09:32.796Z","2023-12-01T06:09:32.796Z"
153857841,"CMS","1701410893","s","1100","20300","133700","2023-12-01T06:08:14.790Z","2023-12-01T06:08:14.790Z"
153851093,"CMS","1701410654","s","100","20300","132600","2023-12-01T06:04:15.782Z","2023-12-01T06:04:15.782Z"
153849215,"CMS","1701410584","s","3000","20300","132500","2023-12-01T06:03:05.783Z","2023-12-01T06:03:05.783Z"
153848954,"CMS","1701410573","s","700","20300","129500","2023-12-01T06:02:54.784Z","2023-12-01T06:02:54.784Z"
153848894,"CMS","1701410569","b","100","20400","128800","2023-12-01T06:02:50.779Z","2023-12-01T06:02:50.779Z"
153845228,"CMS","1701410423","b","100","20400","128700","2023-12-01T06:00:25.785Z","2023-12-01T06:00:25.785Z"
153844688,"CMS","1701410417","b","100","20400","128600","2023-12-01T06:00:20.799Z","2023-12-01T06:00:20.799Z"
153844405,"CMS","1701410414","s","1000","20400","128500","2023-12-01T06:00:17.782Z","2023-12-01T06:00:17.782Z"
153827488,"CMS","1701404177","b","1300","20600","127500","2023-12-01T04:16:18.673Z","2023-12-01T04:16:18.673Z"
153822123,"CMS","1701403639","unknown","300","20600","126200","2023-12-01T04:07:20.675Z","2023-12-01T04:07:20.675Z"
153822050,"CMS","1701403629","b","1000","20600","125900","2023-12-01T04:07:10.674Z","2023-12-01T04:07:10.674Z"
153820401,"CMS","1701403472","s","100","20500","124900","2023-12-01T04:04:32.673Z","2023-12-01T04:04:32.673Z"
153818996,"CMS","1701403330","b","6900","20500","124800","2023-12-01T04:02:11.675Z","2023-12-01T04:02:11.675Z"
153813848,"CMS","1701403003","s","500","20500","117900","2023-12-01T03:56:43.677Z","2023-12-01T03:56:43.677Z"
153812669,"CMS","1701402941","s","100","20500","117400","2023-12-01T03:55:42.676Z","2023-12-01T03:55:42.676Z"
153811750,"CMS","1701402900","s","100","20500","117300","2023-12-01T03:55:01.673Z","2023-12-01T03:55:01.673Z"
153794846,"CMS","1701401896","b","1400","20700","117200","2023-12-01T03:38:18.651Z","2023-12-01T03:38:18.651Z"
153790398,"CMS","1701401536","b","500","20700","115800","2023-12-01T03:32:18.640Z","2023-12-01T03:32:18.640Z"
153789881,"CMS","1701401496","b","1200","20700","115300","2023-12-01T03:31:38.641Z","2023-12-01T03:31:38.641Z"
153787452,"CMS","1701401344","s","1000","20700","114100","2023-12-01T03:29:05.639Z","2023-12-01T03:29:05.639Z"
153783768,"CMS","1701401127","s","400","20700","113100","2023-12-01T03:25:29.636Z","2023-12-01T03:25:29.636Z"
153782424,"CMS","1701401046","s","1400","20700","112700","2023-12-01T03:24:07.635Z","2023-12-01T03:24:07.635Z"
153782006,"CMS","1701401030","b","3700","20700","111300","2023-12-01T03:23:51.633Z","2023-12-01T03:23:51.633Z"
153781580,"CMS","1701401008","s","4300","20700","107600","2023-12-01T03:23:29.631Z","2023-12-01T03:23:29.631Z"
153777991,"CMS","1701400827","unknown","2600","20700","103300","2023-12-01T03:20:29.631Z","2023-12-01T03:20:29.631Z"
