"id","symbol","truncTime","matchType","matchVol","matchPrice","accumulatedVolume","createdAt","updatedAt"
154028001,"CTC","1701416716","s","200","1300","556400","2023-12-01T07:45:19.882Z","2023-12-01T07:45:19.882Z"
154025795,"CTC","1701415777","s","5200","1300","556200","2023-12-01T07:29:38.869Z","2023-12-01T07:29:38.869Z"
154023164,"CTC","1701415730","s","100","1300","551000","2023-12-01T07:28:51.868Z","2023-12-01T07:28:51.868Z"
154020138,"CTC","1701415658","s","1000","1300","550900","2023-12-01T07:27:40.868Z","2023-12-01T07:27:40.868Z"
154017990,"CTC","1701415604","s","800","1300","549900","2023-12-01T07:26:46.866Z","2023-12-01T07:26:46.866Z"
154011437,"CTC","1701415439","s","1000","1300","549100","2023-12-01T07:24:01.866Z","2023-12-01T07:24:01.866Z"
154009769,"CTC","1701415397","s","100","1300","548100","2023-12-01T07:23:18.858Z","2023-12-01T07:23:18.858Z"
153947526,"CTC","1701414223","s","400","1300","548000","2023-12-01T07:03:43.844Z","2023-12-01T07:03:43.844Z"
153900149,"CTC","1701412667","s","300","1300","547600","2023-12-01T06:37:48.823Z","2023-12-01T06:37:48.823Z"
153892225,"CTC","1701412372","s","600","1300","547300","2023-12-01T06:33:19.822Z","2023-12-01T06:33:19.822Z"
153889262,"CTC","1701412251","s","200","1300","546700","2023-12-01T06:30:52.821Z","2023-12-01T06:30:52.821Z"
153869960,"CTC","1701411395","s","200","1300","546500","2023-12-01T06:16:36.796Z","2023-12-01T06:16:36.796Z"
153820420,"CTC","1701403474","s","200","1300","546300","2023-12-01T04:04:36.673Z","2023-12-01T04:04:36.673Z"
153817266,"CTC","1701403191","s","100","1300","546100","2023-12-01T03:59:52.676Z","2023-12-01T03:59:52.676Z"
153816951,"CTC","1701403167","s","600","1300","546000","2023-12-01T03:59:29.675Z","2023-12-01T03:59:29.675Z"
153798163,"CTC","1701402177","s","200","1300","545400","2023-12-01T03:42:59.657Z","2023-12-01T03:42:59.657Z"
153793485,"CTC","1701401785","s","100","1300","545200","2023-12-01T03:36:25.646Z","2023-12-01T03:36:25.646Z"
153792823,"CTC","1701401728","s","100","1300","545100","2023-12-01T03:35:29.646Z","2023-12-01T03:35:29.646Z"
153789081,"CTC","1701401449","s","200","1300","545000","2023-12-01T03:30:50.640Z","2023-12-01T03:30:50.640Z"
153785785,"CTC","1701401242","s","300","1300","544800","2023-12-01T03:27:23.638Z","2023-12-01T03:27:23.638Z"
153782811,"CTC","1701401072","s","1000","1300","544500","2023-12-01T03:24:32.631Z","2023-12-01T03:24:32.631Z"
153779340,"CTC","1701400896","s","500","1300","543500","2023-12-01T03:21:37.631Z","2023-12-01T03:21:37.631Z"
153778562,"CTC","1701400856","s","9000","1300","543000","2023-12-01T03:20:58.634Z","2023-12-01T03:20:58.634Z"
153778404,"CTC","1701400849","s","500","1300","534000","2023-12-01T03:20:50.629Z","2023-12-01T03:20:50.629Z"
153777809,"CTC","1701400818","s","1000","1300","533500","2023-12-01T03:20:18.630Z","2023-12-01T03:20:18.630Z"
153768065,"CTC","1701400422","s","5400","1300","532500","2023-12-01T03:13:44.626Z","2023-12-01T03:13:44.626Z"
153768006,"CTC","1701400420","s","2000","1300","527100","2023-12-01T03:13:42.627Z","2023-12-01T03:13:42.627Z"
153763922,"CTC","1701400247","s","77500","1300","525100","2023-12-01T03:10:48.624Z","2023-12-01T03:10:48.624Z"
153759252,"CTC","1701399961","s","100","1300","447600","2023-12-01T03:06:03.616Z","2023-12-01T03:06:03.616Z"
153758902,"CTC","1701399945","s","800","1300","447500","2023-12-01T03:05:47.618Z","2023-12-01T03:05:47.618Z"
153756300,"CTC","1701399783","s","800","1300","446700","2023-12-01T03:03:04.616Z","2023-12-01T03:03:04.616Z"
153747533,"CTC","1701399197","s","500","1300","445900","2023-12-01T02:53:18.608Z","2023-12-01T02:53:18.608Z"
153746773,"CTC","1701399153","s","10000","1300","445400","2023-12-01T02:52:34.610Z","2023-12-01T02:52:34.610Z"
153746430,"CTC","1701399132","s","1000","1300","435400","2023-12-01T02:52:13.605Z","2023-12-01T02:52:13.605Z"
153744438,"CTC","1701399037","s","400","1300","434400","2023-12-01T02:50:38.605Z","2023-12-01T02:50:38.605Z"
153743930,"CTC","1701399011","s","1400","1300","434000","2023-12-01T02:50:12.610Z","2023-12-01T02:50:12.610Z"
153743397,"CTC","1701398982","s","100","1300","432600","2023-12-01T02:49:43.610Z","2023-12-01T02:49:43.610Z"
153734749,"CTC","1701398584","s","100","1300","432500","2023-12-01T02:43:05.604Z","2023-12-01T02:43:05.604Z"
153734720,"CTC","1701398583","s","900","1300","432400","2023-12-01T02:43:04.603Z","2023-12-01T02:43:04.603Z"
153730297,"CTC","1701398344","s","100","1300","431500","2023-12-01T02:39:05.603Z","2023-12-01T02:39:05.603Z"
153729644,"CTC","1701398306","s","10000","1300","431400","2023-12-01T02:38:27.596Z","2023-12-01T02:38:27.596Z"
153728420,"CTC","1701398240","s","100","1300","421400","2023-12-01T02:37:21.597Z","2023-12-01T02:37:21.597Z"
153727806,"CTC","1701398212","s","7300","1300","421300","2023-12-01T02:36:53.596Z","2023-12-01T02:36:53.596Z"
153727637,"CTC","1701398202","s","3000","1300","414000","2023-12-01T02:36:43.596Z","2023-12-01T02:36:43.596Z"
153726112,"CTC","1701398121","s","3000","1300","411000","2023-12-01T02:35:23.596Z","2023-12-01T02:35:23.596Z"
153723632,"CTC","1701398007","s","9000","1300","408000","2023-12-01T02:33:28.591Z","2023-12-01T02:33:28.591Z"
153721111,"CTC","1701397887","s","8000","1300","399000","2023-12-01T02:31:29.592Z","2023-12-01T02:31:29.592Z"
153721091,"CTC","1701397886","s","5000","1300","391000","2023-12-01T02:31:28.595Z","2023-12-01T02:31:28.595Z"
153718963,"CTC","1701397800","s","4800","1300","386000","2023-12-01T02:30:02.595Z","2023-12-01T02:30:02.595Z"
153718550,"CTC","1701397782","s","21100","1300","381200","2023-12-01T02:29:44.590Z","2023-12-01T02:29:44.590Z"
153718155,"CTC","1701397765","s","5000","1300","360100","2023-12-01T02:29:27.591Z","2023-12-01T02:29:27.591Z"
153718039,"CTC","1701397759","s","800","1300","355100","2023-12-01T02:29:21.595Z","2023-12-01T02:29:21.595Z"
153718035,"CTC","1701397758","s","10000","1300","354300","2023-12-01T02:29:20.592Z","2023-12-01T02:29:20.592Z"
153717293,"CTC","1701397734","s","8700","1300","344300","2023-12-01T02:28:55.594Z","2023-12-01T02:28:55.594Z"
153717172,"CTC","1701397728","s","5000","1300","335600","2023-12-01T02:28:49.591Z","2023-12-01T02:28:49.591Z"
153715720,"CTC","1701397671","s","5000","1300","330600","2023-12-01T02:27:52.596Z","2023-12-01T02:27:52.596Z"
153715584,"CTC","1701397665","s","4000","1300","325600","2023-12-01T02:27:46.591Z","2023-12-01T02:27:46.591Z"
153715525,"CTC","1701397663","s","100","1300","321600","2023-12-01T02:27:44.594Z","2023-12-01T02:27:44.594Z"
153714459,"CTC","1701397624","s","2900","1300","321500","2023-12-01T02:27:05.591Z","2023-12-01T02:27:05.591Z"
153713548,"CTC","1701397585","s","2100","1300","318600","2023-12-01T02:26:27.593Z","2023-12-01T02:26:27.593Z"
153711880,"CTC","1701397532","s","4600","1300","316500","2023-12-01T02:25:34.594Z","2023-12-01T02:25:34.594Z"
153710599,"CTC","1701397496","s","10000","1300","311900","2023-12-01T02:24:58.602Z","2023-12-01T02:24:58.602Z"
153709574,"CTC","1701397470","s","3300","1300","301900","2023-12-01T02:24:31.591Z","2023-12-01T02:24:31.591Z"
153704552,"CTC","1701397342","s","200","1300","298600","2023-12-01T02:22:24.591Z","2023-12-01T02:22:24.591Z"
153699777,"CTC","1701397181","s","9000","1300","298400","2023-12-01T02:19:42.592Z","2023-12-01T02:19:42.592Z"
153699147,"CTC","1701397159","s","12600","1300","289400","2023-12-01T02:19:20.592Z","2023-12-01T02:19:20.592Z"
153698562,"CTC","1701397139","b","1000","1400","276800","2023-12-01T02:19:00.591Z","2023-12-01T02:19:00.591Z"
153695905,"CTC","1701397049","b","1000","1400","275800","2023-12-01T02:17:31.589Z","2023-12-01T02:17:31.589Z"
153691955,"CTC","1701396908","s","200","1300","274800","2023-12-01T02:15:09.587Z","2023-12-01T02:15:09.587Z"
153691546,"CTC","1701396897","s","1800","1300","274600","2023-12-01T02:14:58.584Z","2023-12-01T02:14:58.584Z"
153691503,"CTC","1701396880","s","4000","1300","272800","2023-12-01T02:14:41.584Z","2023-12-01T02:14:41.584Z"
153691037,"CTC","1701396637","s","500","1300","268800","2023-12-01T02:10:38.580Z","2023-12-01T02:10:38.580Z"
153690964,"CTC","1701396608","s","1000","1300","268300","2023-12-01T02:10:09.579Z","2023-12-01T02:10:09.579Z"
153690923,"CTC","1701396590","s","600","1300","267300","2023-12-01T02:09:51.580Z","2023-12-01T02:09:51.580Z"
153690518,"CTC","1701396417","s","200","1300","266700","2023-12-01T02:06:58.576Z","2023-12-01T02:06:58.576Z"
153690512,"CTC","1701396415","s","5000","1300","266500","2023-12-01T02:06:56.576Z","2023-12-01T02:06:56.576Z"
153690486,"CTC","1701396401","s","100","1300","261500","2023-12-01T02:06:42.575Z","2023-12-01T02:06:42.575Z"
153690445,"CTC","1701396378","s","9000","1300","261400","2023-12-01T02:06:20.576Z","2023-12-01T02:06:20.576Z"
153690293,"CTC","1701396323","s","200","1300","252400","2023-12-01T02:05:24.575Z","2023-12-01T02:05:24.575Z"
153690272,"CTC","1701396314","s","4600","1300","252200","2023-12-01T02:05:15.576Z","2023-12-01T02:05:15.576Z"
153690234,"CTC","1701396304","s","100","1300","247600","2023-12-01T02:05:05.574Z","2023-12-01T02:05:05.574Z"
153690217,"CTC","1701396297","s","2000","1300","247500","2023-12-01T02:04:58.575Z","2023-12-01T02:04:58.575Z"
153690194,"CTC","1701396289","s","100","1300","245500","2023-12-01T02:04:50.575Z","2023-12-01T02:04:50.575Z"
153690182,"CTC","1701396285","s","700","1300","245400","2023-12-01T02:04:47.576Z","2023-12-01T02:04:47.576Z"
153690161,"CTC","1701396280","s","50000","1300","244700","2023-12-01T02:04:41.575Z","2023-12-01T02:04:41.575Z"
153690092,"CTC","1701396262","s","1000","1300","194700","2023-12-01T02:04:24.574Z","2023-12-01T02:04:24.574Z"
153690069,"CTC","1701396257","s","3000","1300","193700","2023-12-01T02:04:19.574Z","2023-12-01T02:04:19.574Z"
153690045,"CTC","1701396249","s","400","1300","190700","2023-12-01T02:04:11.574Z","2023-12-01T02:04:11.574Z"
153690034,"CTC","1701396245","s","100","1300","190300","2023-12-01T02:04:07.576Z","2023-12-01T02:04:07.576Z"
153689942,"CTC","1701396214","s","100","1300","190200","2023-12-01T02:03:35.574Z","2023-12-01T02:03:35.574Z"
153689904,"CTC","1701396201","s","50000","1300","190100","2023-12-01T02:03:22.574Z","2023-12-01T02:03:22.574Z"
153689890,"CTC","1701396195","s","200","1300","140100","2023-12-01T02:03:17.572Z","2023-12-01T02:03:17.572Z"
153689886,"CTC","1701396194","s","100","1300","139900","2023-12-01T02:03:16.573Z","2023-12-01T02:03:16.573Z"
153689826,"CTC","1701396171","s","100","1300","139800","2023-12-01T02:02:52.574Z","2023-12-01T02:02:52.574Z"
153689698,"CTC","1701396125","s","300","1300","139700","2023-12-01T02:02:06.572Z","2023-12-01T02:02:06.572Z"
153689519,"CTC","1701396066","s","5000","1300","139400","2023-12-01T02:01:08.571Z","2023-12-01T02:01:08.571Z"
153689499,"CTC","1701396057","s","1000","1300","134400","2023-12-01T02:00:59.570Z","2023-12-01T02:00:59.570Z"
153689399,"CTC","1701396040","s","3400","1300","133400","2023-12-01T02:00:42.571Z","2023-12-01T02:00:42.571Z"
153689379,"CTC","1701396038","s","1000","1300","130000","2023-12-01T02:00:40.572Z","2023-12-01T02:00:40.572Z"
153689334,"CTC","1701396032","s","67200","1300","129000","2023-12-01T02:00:34.572Z","2023-12-01T02:00:34.572Z"
