"id","symbol","truncTime","matchType","matchVol","matchPrice","accumulatedVolume","createdAt","updatedAt"
154027715,"ITC","1701416691","unknown","1300","9980","194000","2023-12-01T07:45:05.889Z","2023-12-01T07:45:05.889Z"
154026800,"ITC","1701415784","s","900","9870","192700","2023-12-01T07:29:57.879Z","2023-12-01T07:29:57.879Z"
154026799,"ITC","1701415784","s","100","9870","192700","2023-12-01T07:29:57.879Z","2023-12-01T07:29:57.879Z"
154026798,"ITC","1701415784","s","400","9870","192700","2023-12-01T07:29:57.879Z","2023-12-01T07:29:57.879Z"
154026797,"ITC","1701415784","s","200","9880","192700","2023-12-01T07:29:57.879Z","2023-12-01T07:29:57.879Z"
154026796,"ITC","1701415784","s","200","9880","192700","2023-12-01T07:29:57.879Z","2023-12-01T07:29:57.879Z"
154026795,"ITC","1701415784","s","100","9890","192700","2023-12-01T07:29:57.879Z","2023-12-01T07:29:57.879Z"
154026794,"ITC","1701415784","s","100","9890","192700","2023-12-01T07:29:57.879Z","2023-12-01T07:29:57.879Z"
154026793,"ITC","1701415784","s","2000","9900","192700","2023-12-01T07:29:57.879Z","2023-12-01T07:29:57.879Z"
154026053,"ITC","1701415770","s","500","9900","188700","2023-12-01T07:29:42.881Z","2023-12-01T07:29:42.881Z"
154026052,"ITC","1701415770","s","700","9900","188700","2023-12-01T07:29:42.881Z","2023-12-01T07:29:42.881Z"
154022998,"ITC","1701415715","b","100","9900","187400","2023-12-01T07:28:48.869Z","2023-12-01T07:28:48.869Z"
154022830,"ITC","1701415711","b","100","9900","187400","2023-12-01T07:28:44.876Z","2023-12-01T07:28:44.876Z"
154022351,"ITC","1701415699","b","800","9900","187300","2023-12-01T07:28:32.865Z","2023-12-01T07:28:32.865Z"
154022150,"ITC","1701415695","b","100","9900","186500","2023-12-01T07:28:28.867Z","2023-12-01T07:28:28.867Z"
154021909,"ITC","1701415688","b","5000","9900","186400","2023-12-01T07:28:21.867Z","2023-12-01T07:28:21.867Z"
154021871,"ITC","1701415687","b","100","9900","181400","2023-12-01T07:28:20.870Z","2023-12-01T07:28:20.870Z"
154021802,"ITC","1701415686","b","500","9900","181300","2023-12-01T07:28:19.865Z","2023-12-01T07:28:19.865Z"
154021618,"ITC","1701415682","b","200","9900","180800","2023-12-01T07:28:15.868Z","2023-12-01T07:28:15.868Z"
154021154,"ITC","1701415671","b","100","9900","180600","2023-12-01T07:28:04.872Z","2023-12-01T07:28:04.872Z"
154021109,"ITC","1701415670","b","5000","9900","180500","2023-12-01T07:28:03.872Z","2023-12-01T07:28:03.872Z"
154020919,"ITC","1701415664","s","1000","9900","172700","2023-12-01T07:27:57.865Z","2023-12-01T07:27:57.865Z"
154020918,"ITC","1701415664","s","200","9900","172700","2023-12-01T07:27:57.865Z","2023-12-01T07:27:57.865Z"
154020917,"ITC","1701415664","s","200","9900","172700","2023-12-01T07:27:57.865Z","2023-12-01T07:27:57.865Z"
154020916,"ITC","1701415664","s","1400","9940","172700","2023-12-01T07:27:57.865Z","2023-12-01T07:27:57.865Z"
154019588,"ITC","1701415632","s","1600","9940","172700","2023-12-01T07:27:25.867Z","2023-12-01T07:27:25.867Z"
154019506,"ITC","1701415629","s","100","9960","171100","2023-12-01T07:27:22.870Z","2023-12-01T07:27:22.870Z"
154019505,"ITC","1701415629","s","100","9960","171100","2023-12-01T07:27:22.870Z","2023-12-01T07:27:22.870Z"
154012470,"ITC","1701415455","s","1900","10000","169000","2023-12-01T07:24:28.860Z","2023-12-01T07:24:28.860Z"
154010135,"ITC","1701415395","b","1900","10000","169000","2023-12-01T07:23:28.860Z","2023-12-01T07:23:28.860Z"
154009272,"ITC","1701415371","b","100","10000","167100","2023-12-01T07:23:03.863Z","2023-12-01T07:23:03.863Z"
153992027,"ITC","1701415058","b","700","10000","167000","2023-12-01T07:17:51.866Z","2023-12-01T07:17:51.866Z"
153990941,"ITC","1701415042","b","1000","10000","166300","2023-12-01T07:17:34.864Z","2023-12-01T07:17:34.864Z"
153990827,"ITC","1701415040","b","700","10000","165300","2023-12-01T07:17:33.862Z","2023-12-01T07:17:33.862Z"
153985527,"ITC","1701414987","b","7600","10000","164600","2023-12-01T07:16:40.867Z","2023-12-01T07:16:40.867Z"
153985526,"ITC","1701414987","b","200","10000","164600","2023-12-01T07:16:40.867Z","2023-12-01T07:16:40.867Z"
153985525,"ITC","1701414987","b","2000","10000","164600","2023-12-01T07:16:40.867Z","2023-12-01T07:16:40.867Z"
153985524,"ITC","1701414987","b","200","9990","164600","2023-12-01T07:16:40.867Z","2023-12-01T07:16:40.867Z"
153977434,"ITC","1701414860","b","200","9980","154600","2023-12-01T07:14:33.852Z","2023-12-01T07:14:33.852Z"
153975427,"ITC","1701414769","s","500","9980","154400","2023-12-01T07:13:01.855Z","2023-12-01T07:13:01.855Z"
153975426,"ITC","1701414769","s","100","9990","154400","2023-12-01T07:13:01.855Z","2023-12-01T07:13:01.855Z"
153972283,"ITC","1701414642","b","400","9990","153800","2023-12-01T07:10:55.854Z","2023-12-01T07:10:55.854Z"
153971752,"ITC","1701414618","b","300","9990","153400","2023-12-01T07:10:32.849Z","2023-12-01T07:10:32.849Z"
153969501,"ITC","1701414547","b","500","9980","153100","2023-12-01T07:09:20.851Z","2023-12-01T07:09:20.851Z"
153964592,"ITC","1701414437","b","400","9960","152600","2023-12-01T07:07:30.855Z","2023-12-01T07:07:30.855Z"
153947446,"ITC","1701414207","b","700","9900","152200","2023-12-01T07:03:39.854Z","2023-12-01T07:03:39.854Z"
153946010,"ITC","1701414142","s","100","9900","151500","2023-12-01T07:02:35.845Z","2023-12-01T07:02:35.845Z"
153946009,"ITC","1701414142","s","200","9900","151500","2023-12-01T07:02:35.845Z","2023-12-01T07:02:35.845Z"
153946008,"ITC","1701414142","s","2000","9900","151500","2023-12-01T07:02:35.845Z","2023-12-01T07:02:35.845Z"
153944217,"ITC","1701414056","s","400","9900","146700","2023-12-01T07:01:09.846Z","2023-12-01T07:01:09.846Z"
153944216,"ITC","1701414056","s","200","9910","146700","2023-12-01T07:01:09.846Z","2023-12-01T07:01:09.846Z"
153944215,"ITC","1701414056","s","1700","9910","146700","2023-12-01T07:01:09.846Z","2023-12-01T07:01:09.846Z"
153944214,"ITC","1701414056","s","200","9910","146700","2023-12-01T07:01:09.846Z","2023-12-01T07:01:09.846Z"
153935840,"ITC","1701413714","b","2800","9900","146700","2023-12-01T06:55:27.848Z","2023-12-01T06:55:27.848Z"
153935839,"ITC","1701413714","b","4800","9900","146700","2023-12-01T06:55:27.848Z","2023-12-01T06:55:27.848Z"
153931985,"ITC","1701413621","s","1600","9870","137500","2023-12-01T06:53:54.843Z","2023-12-01T06:53:54.843Z"
153930969,"ITC","1701413594","b","100","9880","137500","2023-12-01T06:53:27.849Z","2023-12-01T06:53:27.849Z"
153929949,"ITC","1701413573","b","100","9880","137400","2023-12-01T06:53:06.849Z","2023-12-01T06:53:06.849Z"
153929409,"ITC","1701413563","s","200","9880","137300","2023-12-01T06:52:56.840Z","2023-12-01T06:52:56.840Z"
153929408,"ITC","1701413563","s","100","9880","137300","2023-12-01T06:52:56.840Z","2023-12-01T06:52:56.840Z"
153929407,"ITC","1701413563","s","1000","9880","137300","2023-12-01T06:52:56.840Z","2023-12-01T06:52:56.840Z"
153928197,"ITC","1701413541","s","200","9900","136000","2023-12-01T06:52:34.845Z","2023-12-01T06:52:34.845Z"
153928187,"ITC","1701413540","s","2000","9900","136000","2023-12-01T06:52:34.845Z","2023-12-01T06:52:34.845Z"
153928186,"ITC","1701413540","s","3000","9900","136000","2023-12-01T06:52:34.845Z","2023-12-01T06:52:34.845Z"
153922222,"ITC","1701413447","s","200","9900","130800","2023-12-01T06:51:00.851Z","2023-12-01T06:51:00.851Z"
153922221,"ITC","1701413447","s","200","9900","130800","2023-12-01T06:51:00.851Z","2023-12-01T06:51:00.851Z"
153922220,"ITC","1701413447","s","100","9900","130800","2023-12-01T06:51:00.851Z","2023-12-01T06:51:00.851Z"
153911398,"ITC","1701413222","s","500","9900","130300","2023-12-01T06:47:15.839Z","2023-12-01T06:47:15.839Z"
153911397,"ITC","1701413222","s","200","9900","130300","2023-12-01T06:47:15.839Z","2023-12-01T06:47:15.839Z"
153911396,"ITC","1701413222","s","100","9900","130300","2023-12-01T06:47:15.839Z","2023-12-01T06:47:15.839Z"
153908786,"ITC","1701413083","s","500","9900","129500","2023-12-01T06:44:55.830Z","2023-12-01T06:44:55.830Z"
153907566,"ITC","1701413022","s","4400","9900","129000","2023-12-01T06:43:54.830Z","2023-12-01T06:43:54.830Z"
153907565,"ITC","1701413022","s","3500","9900","129000","2023-12-01T06:43:54.830Z","2023-12-01T06:43:54.830Z"
153907564,"ITC","1701413022","s","100","9900","129000","2023-12-01T06:43:54.830Z","2023-12-01T06:43:54.830Z"
153907563,"ITC","1701413022","s","100","9900","129000","2023-12-01T06:43:54.830Z","2023-12-01T06:43:54.830Z"
153907562,"ITC","1701413022","s","200","9900","129000","2023-12-01T06:43:54.830Z","2023-12-01T06:43:54.830Z"
153907561,"ITC","1701413022","s","200","9900","129000","2023-12-01T06:43:54.830Z","2023-12-01T06:43:54.830Z"
153907560,"ITC","1701413022","s","300","9900","129000","2023-12-01T06:43:54.830Z","2023-12-01T06:43:54.830Z"
153907559,"ITC","1701413022","s","200","9900","129000","2023-12-01T06:43:54.830Z","2023-12-01T06:43:54.830Z"
153907558,"ITC","1701413022","s","2100","9900","129000","2023-12-01T06:43:54.830Z","2023-12-01T06:43:54.830Z"
153907557,"ITC","1701413022","s","3900","9900","129000","2023-12-01T06:43:54.830Z","2023-12-01T06:43:54.830Z"
153907544,"ITC","1701413021","b","100","9930","114000","2023-12-01T06:43:53.829Z","2023-12-01T06:43:53.829Z"
153907030,"ITC","1701412990","s","5000","9910","113900","2023-12-01T06:43:23.832Z","2023-12-01T06:43:23.832Z"
153906867,"ITC","1701412980","s","5000","9920","103900","2023-12-01T06:43:13.833Z","2023-12-01T06:43:13.833Z"
153906624,"ITC","1701412966","s","200","9930","103700","2023-12-01T06:42:59.829Z","2023-12-01T06:42:59.829Z"
153895787,"ITC","1701412490","b","500","9950","103700","2023-12-01T06:35:03.819Z","2023-12-01T06:35:03.819Z"
153894822,"ITC","1701412445","s","200","9950","103200","2023-12-01T06:34:18.823Z","2023-12-01T06:34:18.823Z"
153887580,"ITC","1701412161","s","100","9960","103000","2023-12-01T06:29:34.815Z","2023-12-01T06:29:34.815Z"
153884763,"ITC","1701412022","b","100","9980","102900","2023-12-01T06:27:15.808Z","2023-12-01T06:27:15.808Z"
153882236,"ITC","1701411911","b","100","9980","102600","2023-12-01T06:25:24.809Z","2023-12-01T06:25:24.809Z"
153882235,"ITC","1701411911","b","100","9970","102600","2023-12-01T06:25:24.809Z","2023-12-01T06:25:24.809Z"
153878320,"ITC","1701411741","s","200","9940","102600","2023-12-01T06:22:34.808Z","2023-12-01T06:22:34.808Z"
153878053,"ITC","1701411728","s","2000","9940","102400","2023-12-01T06:22:21.799Z","2023-12-01T06:22:21.799Z"
153870846,"ITC","1701411426","s","600","9900","100400","2023-12-01T06:17:19.795Z","2023-12-01T06:17:19.795Z"
153870845,"ITC","1701411426","s","100","9910","100400","2023-12-01T06:17:19.795Z","2023-12-01T06:17:19.795Z"
153870844,"ITC","1701411426","s","100","9910","100400","2023-12-01T06:17:19.795Z","2023-12-01T06:17:19.795Z"
153870843,"ITC","1701411426","s","200","9910","100400","2023-12-01T06:17:19.795Z","2023-12-01T06:17:19.795Z"
153870842,"ITC","1701411426","s","1000","9920","100400","2023-12-01T06:17:19.795Z","2023-12-01T06:17:19.795Z"
153866237,"ITC","1701411222","b","300","9930","98400","2023-12-01T06:13:55.799Z","2023-12-01T06:13:55.799Z"
153866236,"ITC","1701411222","b","2700","9930","98400","2023-12-01T06:13:55.799Z","2023-12-01T06:13:55.799Z"
