"id","symbol","truncTime","matchType","matchVol","matchPrice","accumulatedVolume","createdAt","updatedAt"
154027801,"PAN","1701416693","unknown","31500","19000","531000","2023-12-01T07:45:06.896Z","2023-12-01T07:45:06.896Z"
154026714,"PAN","1701415782","b","700","19000","499500","2023-12-01T07:29:55.875Z","2023-12-01T07:29:55.875Z"
154026713,"PAN","1701415782","b","500","19000","499500","2023-12-01T07:29:55.875Z","2023-12-01T07:29:55.875Z"
154026712,"PAN","1701415782","b","2000","19000","499500","2023-12-01T07:29:55.875Z","2023-12-01T07:29:55.875Z"
154026711,"PAN","1701415782","b","400","19000","499500","2023-12-01T07:29:55.875Z","2023-12-01T07:29:55.875Z"
154026710,"PAN","1701415782","b","200","19000","499500","2023-12-01T07:29:55.875Z","2023-12-01T07:29:55.875Z"
154026709,"PAN","1701415782","b","100","19000","499500","2023-12-01T07:29:55.875Z","2023-12-01T07:29:55.875Z"
154026708,"PAN","1701415782","b","300","19000","499500","2023-12-01T07:29:55.875Z","2023-12-01T07:29:55.875Z"
154026707,"PAN","1701415782","b","200","19000","499500","2023-12-01T07:29:55.875Z","2023-12-01T07:29:55.875Z"
154026706,"PAN","1701415782","b","600","19000","499500","2023-12-01T07:29:55.875Z","2023-12-01T07:29:55.875Z"
154025505,"PAN","1701415760","b","1800","19000","492500","2023-12-01T07:29:32.872Z","2023-12-01T07:29:32.872Z"
154025504,"PAN","1701415760","b","200","19000","492500","2023-12-01T07:29:32.872Z","2023-12-01T07:29:32.872Z"
154021202,"PAN","1701415673","s","2500","18950","492500","2023-12-01T07:28:06.866Z","2023-12-01T07:28:06.866Z"
154020557,"PAN","1701415655","s","200","18950","489700","2023-12-01T07:27:48.871Z","2023-12-01T07:27:48.871Z"
154020556,"PAN","1701415655","s","100","18950","489700","2023-12-01T07:27:48.871Z","2023-12-01T07:27:48.871Z"
154016661,"PAN","1701415558","b","300","19000","489700","2023-12-01T07:26:11.864Z","2023-12-01T07:26:11.864Z"
154016660,"PAN","1701415558","b","300","19000","489700","2023-12-01T07:26:11.864Z","2023-12-01T07:26:11.864Z"
154016334,"PAN","1701415551","s","900","18950","489100","2023-12-01T07:26:04.868Z","2023-12-01T07:26:04.868Z"
154016333,"PAN","1701415551","s","100","18950","489100","2023-12-01T07:26:04.868Z","2023-12-01T07:26:04.868Z"
154016108,"PAN","1701415547","s","200","18950","488100","2023-12-01T07:26:00.867Z","2023-12-01T07:26:00.867Z"
154015381,"PAN","1701415532","s","1000","18950","487900","2023-12-01T07:25:45.867Z","2023-12-01T07:25:45.867Z"
154015192,"PAN","1701415527","s","200","18950","486900","2023-12-01T07:25:40.867Z","2023-12-01T07:25:40.867Z"
154014413,"PAN","1701415508","s","500","18950","486700","2023-12-01T07:25:21.862Z","2023-12-01T07:25:21.862Z"
154014359,"PAN","1701415507","s","500","18950","486200","2023-12-01T07:25:20.862Z","2023-12-01T07:25:20.862Z"
154014341,"PAN","1701415506","b","1200","18950","485700","2023-12-01T07:25:19.860Z","2023-12-01T07:25:19.860Z"
154014340,"PAN","1701415506","b","300","18950","485700","2023-12-01T07:25:19.860Z","2023-12-01T07:25:19.860Z"
154014188,"PAN","1701415502","b","100","18950","484200","2023-12-01T07:25:15.866Z","2023-12-01T07:25:15.866Z"
154013842,"PAN","1701415492","b","1000","18950","484100","2023-12-01T07:25:05.864Z","2023-12-01T07:25:05.864Z"
154013575,"PAN","1701415484","b","700","18950","483100","2023-12-01T07:24:57.863Z","2023-12-01T07:24:57.863Z"
154013574,"PAN","1701415484","b","300","18950","483100","2023-12-01T07:24:57.863Z","2023-12-01T07:24:57.863Z"
154013245,"PAN","1701415475","b","4700","18950","477100","2023-12-01T07:24:48.866Z","2023-12-01T07:24:48.866Z"
154013244,"PAN","1701415475","b","300","18950","477100","2023-12-01T07:24:48.866Z","2023-12-01T07:24:48.866Z"
154012868,"PAN","1701415467","s","200","18900","476900","2023-12-01T07:24:40.864Z","2023-12-01T07:24:40.864Z"
154012167,"PAN","1701415447","s","1000","18900","476900","2023-12-01T07:24:20.864Z","2023-12-01T07:24:20.864Z"
154012018,"PAN","1701415443","s","1300","18900","475900","2023-12-01T07:24:17.859Z","2023-12-01T07:24:17.859Z"
154012017,"PAN","1701415443","s","1000","18900","475900","2023-12-01T07:24:17.859Z","2023-12-01T07:24:17.859Z"
154012016,"PAN","1701415443","s","300","18900","475900","2023-12-01T07:24:17.859Z","2023-12-01T07:24:17.859Z"
154012015,"PAN","1701415443","s","500","18900","475900","2023-12-01T07:24:17.859Z","2023-12-01T07:24:17.859Z"
154011953,"PAN","1701415441","b","1000","18950","472800","2023-12-01T07:24:14.865Z","2023-12-01T07:24:14.865Z"
154011447,"PAN","1701415428","b","700","18950","470800","2023-12-01T07:24:01.866Z","2023-12-01T07:24:01.866Z"
154011446,"PAN","1701415428","b","100","18950","470800","2023-12-01T07:24:01.866Z","2023-12-01T07:24:01.866Z"
154011445,"PAN","1701415428","b","200","18950","470800","2023-12-01T07:24:01.866Z","2023-12-01T07:24:01.866Z"
154011008,"PAN","1701415418","b","800","18950","469200","2023-12-01T07:23:51.862Z","2023-12-01T07:23:51.862Z"
154011007,"PAN","1701415418","b","800","18950","469200","2023-12-01T07:23:51.862Z","2023-12-01T07:23:51.862Z"
154010952,"PAN","1701415416","s","1500","18900","465500","2023-12-01T07:23:49.859Z","2023-12-01T07:23:49.859Z"
154010951,"PAN","1701415416","s","2000","18900","465500","2023-12-01T07:23:49.859Z","2023-12-01T07:23:49.859Z"
154010950,"PAN","1701415416","s","100","18900","465500","2023-12-01T07:23:49.859Z","2023-12-01T07:23:49.859Z"
154010942,"PAN","1701415416","s","100","18900","465500","2023-12-01T07:23:48.865Z","2023-12-01T07:23:48.865Z"
154010941,"PAN","1701415416","s","2000","18900","465500","2023-12-01T07:23:48.865Z","2023-12-01T07:23:48.865Z"
154010940,"PAN","1701415416","s","1000","18900","465500","2023-12-01T07:23:48.865Z","2023-12-01T07:23:48.865Z"
154010939,"PAN","1701415416","s","2600","18900","465500","2023-12-01T07:23:48.865Z","2023-12-01T07:23:48.865Z"
154010383,"PAN","1701415401","s","100","18900","459800","2023-12-01T07:23:34.858Z","2023-12-01T07:23:34.858Z"
154008626,"PAN","1701415354","s","300","18900","459800","2023-12-01T07:22:46.867Z","2023-12-01T07:22:46.867Z"
154006936,"PAN","1701415313","b","200","18950","459500","2023-12-01T07:22:06.858Z","2023-12-01T07:22:06.858Z"
154006696,"PAN","1701415307","s","300","18900","459000","2023-12-01T07:22:00.868Z","2023-12-01T07:22:00.868Z"
154006444,"PAN","1701415302","b","100","18950","458800","2023-12-01T07:21:55.867Z","2023-12-01T07:21:55.867Z"
154006443,"PAN","1701415302","b","100","18950","458800","2023-12-01T07:21:55.867Z","2023-12-01T07:21:55.867Z"
154004848,"PAN","1701415268","b","600","18950","458800","2023-12-01T07:21:21.858Z","2023-12-01T07:21:21.858Z"
154003968,"PAN","1701415248","s","500","18950","454500","2023-12-01T07:21:01.862Z","2023-12-01T07:21:01.862Z"
154003967,"PAN","1701415248","s","1000","18950","454500","2023-12-01T07:21:01.862Z","2023-12-01T07:21:01.862Z"
154003966,"PAN","1701415248","s","2200","18950","454500","2023-12-01T07:21:01.862Z","2023-12-01T07:21:01.862Z"
154002928,"PAN","1701415229","b","200","19000","454500","2023-12-01T07:20:42.867Z","2023-12-01T07:20:42.867Z"
154002840,"PAN","1701415227","b","1500","19000","454300","2023-12-01T07:20:39.873Z","2023-12-01T07:20:39.873Z"
154002839,"PAN","1701415227","b","300","19000","454300","2023-12-01T07:20:39.873Z","2023-12-01T07:20:39.873Z"
154002838,"PAN","1701415227","b","200","19000","454300","2023-12-01T07:20:39.873Z","2023-12-01T07:20:39.873Z"
154001927,"PAN","1701415207","s","400","18950","452300","2023-12-01T07:20:20.867Z","2023-12-01T07:20:20.867Z"
154001552,"PAN","1701415199","b","200","18950","451900","2023-12-01T07:20:12.859Z","2023-12-01T07:20:12.859Z"
154001551,"PAN","1701415199","b","100","18950","451900","2023-12-01T07:20:12.859Z","2023-12-01T07:20:12.859Z"
154001550,"PAN","1701415199","b","100","18950","451900","2023-12-01T07:20:12.859Z","2023-12-01T07:20:12.859Z"
154001549,"PAN","1701415199","b","400","18950","451900","2023-12-01T07:20:12.859Z","2023-12-01T07:20:12.859Z"
154001548,"PAN","1701415199","b","100","18950","451900","2023-12-01T07:20:12.859Z","2023-12-01T07:20:12.859Z"
154001547,"PAN","1701415199","b","1500","18950","451900","2023-12-01T07:20:12.859Z","2023-12-01T07:20:12.859Z"
154000621,"PAN","1701415183","b","1000","18950","449500","2023-12-01T07:19:56.858Z","2023-12-01T07:19:56.858Z"
153998843,"PAN","1701415151","b","300","18950","448500","2023-12-01T07:19:24.858Z","2023-12-01T07:19:24.858Z"
153998771,"PAN","1701415150","b","200","18950","448000","2023-12-01T07:19:23.865Z","2023-12-01T07:19:23.865Z"
153998311,"PAN","1701415143","b","2000","18950","448000","2023-12-01T07:19:16.861Z","2023-12-01T07:19:16.861Z"
153997245,"PAN","1701415125","b","300","18950","446000","2023-12-01T07:18:58.859Z","2023-12-01T07:18:58.859Z"
153996107,"PAN","1701415107","s","200","18900","445500","2023-12-01T07:18:41.920Z","2023-12-01T07:18:41.920Z"
153995349,"PAN","1701415096","s","500","18900","445500","2023-12-01T07:18:30.864Z","2023-12-01T07:18:30.864Z"
153995348,"PAN","1701415096","s","500","18900","445500","2023-12-01T07:18:30.864Z","2023-12-01T07:18:30.864Z"
153994705,"PAN","1701415088","s","100","18900","444500","2023-12-01T07:18:20.856Z","2023-12-01T07:18:20.856Z"
153993877,"PAN","1701415076","b","600","18900","444400","2023-12-01T07:18:09.859Z","2023-12-01T07:18:09.859Z"
153991970,"PAN","1701415057","s","100","18900","442800","2023-12-01T07:17:50.859Z","2023-12-01T07:17:50.859Z"
153991969,"PAN","1701415057","s","200","18900","442800","2023-12-01T07:17:50.859Z","2023-12-01T07:17:50.859Z"
153991968,"PAN","1701415057","s","500","18900","442800","2023-12-01T07:17:50.859Z","2023-12-01T07:17:50.859Z"
153991967,"PAN","1701415057","s","200","18900","442800","2023-12-01T07:17:50.859Z","2023-12-01T07:17:50.859Z"
153991269,"PAN","1701415047","s","2100","18900","440700","2023-12-01T07:17:40.861Z","2023-12-01T07:17:40.861Z"
153990765,"PAN","1701415039","b","1400","18900","435000","2023-12-01T07:17:32.866Z","2023-12-01T07:17:32.866Z"
153990764,"PAN","1701415039","b","400","18900","435000","2023-12-01T07:17:32.866Z","2023-12-01T07:17:32.866Z"
153990763,"PAN","1701415039","b","800","18900","435000","2023-12-01T07:17:32.866Z","2023-12-01T07:17:32.866Z"
153990762,"PAN","1701415039","b","1500","18900","435000","2023-12-01T07:17:32.866Z","2023-12-01T07:17:32.866Z"
153990761,"PAN","1701415039","b","1600","18900","435000","2023-12-01T07:17:32.866Z","2023-12-01T07:17:32.866Z"
153990638,"PAN","1701415038","b","300","18900","435000","2023-12-01T07:17:30.869Z","2023-12-01T07:17:30.869Z"
153990420,"PAN","1701415035","b","2000","18900","434700","2023-12-01T07:17:28.860Z","2023-12-01T07:17:28.860Z"
153989969,"PAN","1701415032","b","500","18900","432700","2023-12-01T07:17:25.865Z","2023-12-01T07:17:25.865Z"
153989856,"PAN","1701415031","b","100","18900","432200","2023-12-01T07:17:24.864Z","2023-12-01T07:17:24.864Z"
153989805,"PAN","1701415030","b","2000","18900","432100","2023-12-01T07:17:23.868Z","2023-12-01T07:17:23.868Z"
153989282,"PAN","1701415025","b","2000","18900","428100","2023-12-01T07:17:17.862Z","2023-12-01T07:17:17.862Z"
153988997,"PAN","1701415022","b","500","18900","427500","2023-12-01T07:17:15.868Z","2023-12-01T07:17:15.868Z"
153988976,"PAN","1701415022","b","100","18900","427500","2023-12-01T07:17:15.868Z","2023-12-01T07:17:15.868Z"
