"id","symbol","truncTime","matchType","matchVol","matchPrice","accumulatedVolume","createdAt","updatedAt"
154010194,"PPT","1701415409","b","100","11100","50800","2023-12-01T07:23:29.862Z","2023-12-01T07:23:29.862Z"
154000656,"PPT","1701415196","b","700","11000","50700","2023-12-01T07:19:57.857Z","2023-12-01T07:19:57.857Z"
153997361,"PPT","1701415139","unknown","300","10900","50000","2023-12-01T07:19:00.863Z","2023-12-01T07:19:00.863Z"
153979625,"PPT","1701414929","b","500","10900","49700","2023-12-01T07:15:30.863Z","2023-12-01T07:15:30.863Z"
153976575,"PPT","1701414834","b","300","10900","49200","2023-12-01T07:13:55.855Z","2023-12-01T07:13:55.855Z"
153974333,"PPT","1701414736","b","300","10900","48900","2023-12-01T07:12:16.851Z","2023-12-01T07:12:16.851Z"
153966102,"PPT","1701414481","b","800","10900","48600","2023-12-01T07:08:02.848Z","2023-12-01T07:08:02.848Z"
153945926,"PPT","1701414149","b","100","10900","47800","2023-12-01T07:02:30.843Z","2023-12-01T07:02:30.843Z"
153944413,"PPT","1701414077","b","200","10900","47700","2023-12-01T07:01:18.842Z","2023-12-01T07:01:18.842Z"
153938555,"PPT","1701413823","b","1800","10900","47500","2023-12-01T06:57:03.844Z","2023-12-01T06:57:03.844Z"
153938357,"PPT","1701413815","b","200","10900","45700","2023-12-01T06:56:55.846Z","2023-12-01T06:56:55.846Z"
153936991,"PPT","1701413762","b","200","10900","45500","2023-12-01T06:56:03.843Z","2023-12-01T06:56:03.843Z"
153919544,"PPT","1701413412","b","1200","11000","45300","2023-12-01T06:50:13.853Z","2023-12-01T06:50:13.853Z"
153911932,"PPT","1701413252","b","400","11000","44100","2023-12-01T06:47:33.844Z","2023-12-01T06:47:33.844Z"
153907196,"PPT","1701413011","b","1400","11000","43700","2023-12-01T06:43:32.830Z","2023-12-01T06:43:32.830Z"
153904520,"PPT","1701412859","s","200","10900","42300","2023-12-01T06:41:00.824Z","2023-12-01T06:41:00.824Z"
153901687,"PPT","1701412743","b","200","11000","42100","2023-12-01T06:39:04.823Z","2023-12-01T06:39:04.823Z"
153896380,"PPT","1701412531","b","600","11000","41900","2023-12-01T06:35:32.819Z","2023-12-01T06:35:32.819Z"
153888407,"PPT","1701412219","b","1200","11000","41300","2023-12-01T06:30:26.813Z","2023-12-01T06:30:26.813Z"
153888159,"PPT","1701412207","b","700","11000","40100","2023-12-01T06:30:08.810Z","2023-12-01T06:30:08.810Z"
153888096,"PPT","1701412204","b","100","11000","39400","2023-12-01T06:30:05.811Z","2023-12-01T06:30:05.811Z"
153884270,"PPT","1701412010","b","600","11000","39300","2023-12-01T06:26:50.807Z","2023-12-01T06:26:50.807Z"
153879243,"PPT","1701411790","b","700","11000","38700","2023-12-01T06:23:11.801Z","2023-12-01T06:23:11.801Z"
153876356,"PPT","1701411662","b","400","11000","38000","2023-12-01T06:21:03.801Z","2023-12-01T06:21:03.801Z"
153872757,"PPT","1701411516","b","400","11000","37600","2023-12-01T06:18:37.799Z","2023-12-01T06:18:37.799Z"
153872515,"PPT","1701411504","b","1200","11000","37200","2023-12-01T06:18:25.800Z","2023-12-01T06:18:25.800Z"
153864756,"PPT","1701411179","b","600","11000","36000","2023-12-01T06:12:59.795Z","2023-12-01T06:12:59.795Z"
153863888,"PPT","1701411149","b","1500","11000","35400","2023-12-01T06:12:30.791Z","2023-12-01T06:12:30.791Z"
153860774,"PPT","1701411013","b","300","11000","33900","2023-12-01T06:10:13.792Z","2023-12-01T06:10:13.792Z"
153851219,"PPT","1701410660","b","100","11000","33600","2023-12-01T06:04:20.782Z","2023-12-01T06:04:20.782Z"
153845493,"PPT","1701410436","b","400","11000","33500","2023-12-01T06:00:36.778Z","2023-12-01T06:00:36.778Z"
153835481,"PPT","1701404708","b","200","11000","33100","2023-12-01T04:25:09.675Z","2023-12-01T04:25:09.675Z"
153825056,"PPT","1701403950","b","1000","11000","32900","2023-12-01T04:12:31.673Z","2023-12-01T04:12:31.673Z"
153818434,"PPT","1701403285","b","400","11000","31900","2023-12-01T04:01:26.675Z","2023-12-01T04:01:26.675Z"
153814208,"PPT","1701403019","b","200","11000","31500","2023-12-01T03:56:59.678Z","2023-12-01T03:56:59.678Z"
153811256,"PPT","1701402881","b","700","11000","31300","2023-12-01T03:54:42.676Z","2023-12-01T03:54:42.676Z"
153798171,"PPT","1701402177","s","300","10900","30600","2023-12-01T03:42:59.657Z","2023-12-01T03:42:59.657Z"
153797020,"PPT","1701402083","s","500","10900","30300","2023-12-01T03:41:24.657Z","2023-12-01T03:41:24.657Z"
153795399,"PPT","1701401946","s","300","10900","29800","2023-12-01T03:39:08.650Z","2023-12-01T03:39:08.650Z"
153788993,"PPT","1701401443","s","600","10900","29500","2023-12-01T03:30:45.640Z","2023-12-01T03:30:45.640Z"
153786438,"PPT","1701401279","b","200","11000","28900","2023-12-01T03:28:00.635Z","2023-12-01T03:28:00.635Z"
153785516,"PPT","1701401227","s","500","11000","28700","2023-12-01T03:27:09.641Z","2023-12-01T03:27:09.641Z"
153784485,"PPT","1701401171","s","100","11000","28200","2023-12-01T03:26:13.639Z","2023-12-01T03:26:13.639Z"
153783710,"PPT","1701401124","s","600","11000","28100","2023-12-01T03:25:26.633Z","2023-12-01T03:25:26.633Z"
153773054,"PPT","1701400621","b","500","11100","27500","2023-12-01T03:17:02.643Z","2023-12-01T03:17:02.643Z"
153768969,"PPT","1701400461","b","400","11100","27000","2023-12-01T03:14:22.628Z","2023-12-01T03:14:22.628Z"
153763750,"PPT","1701400237","s","900","11100","26600","2023-12-01T03:10:38.621Z","2023-12-01T03:10:38.621Z"
153761979,"PPT","1701400143","b","1100","11200","25700","2023-12-01T03:09:04.623Z","2023-12-01T03:09:04.623Z"
153758936,"PPT","1701399948","b","300","11200","24600","2023-12-01T03:05:49.624Z","2023-12-01T03:05:49.624Z"
153756334,"PPT","1701399786","b","600","11200","24300","2023-12-01T03:03:07.614Z","2023-12-01T03:03:07.614Z"
153754020,"PPT","1701399627","b","500","11200","23700","2023-12-01T03:00:28.614Z","2023-12-01T03:00:28.614Z"
153750656,"PPT","1701399410","b","2000","11200","23200","2023-12-01T02:56:51.610Z","2023-12-01T02:56:51.610Z"
153750358,"PPT","1701399389","b","500","11100","21200","2023-12-01T02:56:30.612Z","2023-12-01T02:56:30.612Z"
153750239,"PPT","1701399379","b","2600","11000","20700","2023-12-01T02:56:20.608Z","2023-12-01T02:56:20.608Z"
153749414,"PPT","1701399318","s","1300","10900","18100","2023-12-01T02:55:19.607Z","2023-12-01T02:55:19.607Z"
153748327,"PPT","1701399246","s","1100","10900","16800","2023-12-01T02:54:06.608Z","2023-12-01T02:54:06.608Z"
153746824,"PPT","1701399157","s","1600","10900","15700","2023-12-01T02:52:38.606Z","2023-12-01T02:52:38.606Z"
153744916,"PPT","1701399053","b","200","10900","14100","2023-12-01T02:50:55.611Z","2023-12-01T02:50:55.611Z"
153739256,"PPT","1701398789","b","600","10900","13900","2023-12-01T02:46:31.603Z","2023-12-01T02:46:31.603Z"
153734495,"PPT","1701398574","b","600","10900","13300","2023-12-01T02:42:55.598Z","2023-12-01T02:42:55.598Z"
153731678,"PPT","1701398428","b","500","10900","12700","2023-12-01T02:40:30.597Z","2023-12-01T02:40:30.597Z"
153722896,"PPT","1701397978","b","1500","10900","12200","2023-12-01T02:32:59.593Z","2023-12-01T02:32:59.593Z"
153715188,"PPT","1701397648","b","300","10900","10700","2023-12-01T02:27:29.596Z","2023-12-01T02:27:29.596Z"
153709107,"PPT","1701397458","b","400","10900","10400","2023-12-01T02:24:19.595Z","2023-12-01T02:24:19.595Z"
153700636,"PPT","1701397217","b","400","10900","10000","2023-12-01T02:20:18.588Z","2023-12-01T02:20:18.588Z"
153700626,"PPT","1701397216","b","600","10900","9600","2023-12-01T02:20:17.594Z","2023-12-01T02:20:17.594Z"
153695639,"PPT","1701397038","b","200","11000","9000","2023-12-01T02:17:20.587Z","2023-12-01T02:17:20.587Z"
153691457,"PPT","1701396850","b","500","11000","8800","2023-12-01T02:14:11.584Z","2023-12-01T02:14:11.584Z"
153691194,"PPT","1701396713","b","900","11000","8300","2023-12-01T02:11:54.581Z","2023-12-01T02:11:54.581Z"
153690804,"PPT","1701396547","b","100","11000","7400","2023-12-01T02:09:08.578Z","2023-12-01T02:09:08.578Z"
153690702,"PPT","1701396500","b","900","11100","7300","2023-12-01T02:08:22.578Z","2023-12-01T02:08:22.578Z"
153690613,"PPT","1701396463","s","700","11000","6400","2023-12-01T02:07:44.579Z","2023-12-01T02:07:44.579Z"
153689991,"PPT","1701396229","b","300","11000","5700","2023-12-01T02:03:51.574Z","2023-12-01T02:03:51.574Z"
153689856,"PPT","1701396183","b","1000","11000","5400","2023-12-01T02:03:05.572Z","2023-12-01T02:03:05.572Z"
153689724,"PPT","1701396133","b","300","10900","4400","2023-12-01T02:02:14.572Z","2023-12-01T02:02:14.572Z"
153689703,"PPT","1701396126","b","200","10900","4100","2023-12-01T02:02:07.572Z","2023-12-01T02:02:07.572Z"
153689676,"PPT","1701396120","b","600","10900","3900","2023-12-01T02:02:01.572Z","2023-12-01T02:02:01.572Z"
153689635,"PPT","1701396107","b","2900","10800","3300","2023-12-01T02:01:48.572Z","2023-12-01T02:01:48.572Z"
153689193,"PPT","1701396010","s","400","10800","400","2023-12-01T02:00:13.570Z","2023-12-01T02:00:13.570Z"
