"id","symbol","truncTime","matchType","matchVol","matchPrice","accumulatedVolume","createdAt","updatedAt"
154027896,"TDC","1701416693","unknown","18300","9400","193300","2023-12-01T07:45:06.896Z","2023-12-01T07:45:06.896Z"
154026562,"TDC","1701415780","b","100","9500","174900","2023-12-01T07:29:53.869Z","2023-12-01T07:29:53.869Z"
154024912,"TDC","1701415750","b","100","9500","174900","2023-12-01T07:29:23.870Z","2023-12-01T07:29:23.870Z"
154024265,"TDC","1701415738","b","100","9500","174700","2023-12-01T07:29:10.869Z","2023-12-01T07:29:10.869Z"
154021520,"TDC","1701415680","s","100","9450","174200","2023-12-01T07:28:13.874Z","2023-12-01T07:28:13.874Z"
154021519,"TDC","1701415680","s","200","9450","174200","2023-12-01T07:28:13.874Z","2023-12-01T07:28:13.874Z"
154021518,"TDC","1701415680","s","200","9460","174200","2023-12-01T07:28:13.874Z","2023-12-01T07:28:13.874Z"
154020025,"TDC","1701415643","s","300","9500","173800","2023-12-01T07:27:36.864Z","2023-12-01T07:27:36.864Z"
154020024,"TDC","1701415643","s","100","9500","173800","2023-12-01T07:27:36.864Z","2023-12-01T07:27:36.864Z"
154017820,"TDC","1701415588","b","1900","9500","173800","2023-12-01T07:26:41.869Z","2023-12-01T07:26:41.869Z"
154017430,"TDC","1701415577","s","300","9450","171900","2023-12-01T07:26:29.869Z","2023-12-01T07:26:29.869Z"
154015266,"TDC","1701415530","b","200","9450","171600","2023-12-01T07:25:42.862Z","2023-12-01T07:25:42.862Z"
154015148,"TDC","1701415525","b","500","9450","171400","2023-12-01T07:25:38.861Z","2023-12-01T07:25:38.861Z"
154014734,"TDC","1701415517","s","100","9450","170900","2023-12-01T07:25:30.875Z","2023-12-01T07:25:30.875Z"
154014733,"TDC","1701415517","s","500","9460","170900","2023-12-01T07:25:30.875Z","2023-12-01T07:25:30.875Z"
154014732,"TDC","1701415517","s","500","9470","170900","2023-12-01T07:25:30.875Z","2023-12-01T07:25:30.875Z"
154014618,"TDC","1701415515","b","100","9500","169700","2023-12-01T07:25:28.862Z","2023-12-01T07:25:28.862Z"
154011817,"TDC","1701415438","s","1200","9500","169700","2023-12-01T07:24:11.866Z","2023-12-01T07:24:11.866Z"
154011816,"TDC","1701415438","s","100","9500","169700","2023-12-01T07:24:11.866Z","2023-12-01T07:24:11.866Z"
154011815,"TDC","1701415438","s","1600","9500","169700","2023-12-01T07:24:11.866Z","2023-12-01T07:24:11.866Z"
154011814,"TDC","1701415438","s","1000","9500","169700","2023-12-01T07:24:11.866Z","2023-12-01T07:24:11.866Z"
154011813,"TDC","1701415438","s","3200","9500","169700","2023-12-01T07:24:11.866Z","2023-12-01T07:24:11.866Z"
154009286,"TDC","1701415372","s","900","9550","162600","2023-12-01T07:23:04.858Z","2023-12-01T07:23:04.858Z"
154009285,"TDC","1701415372","s","4200","9550","162600","2023-12-01T07:23:04.858Z","2023-12-01T07:23:04.858Z"
154008502,"TDC","1701415351","s","800","9550","157500","2023-12-01T07:22:44.862Z","2023-12-01T07:22:44.862Z"
154008501,"TDC","1701415351","s","1000","9550","157500","2023-12-01T07:22:44.862Z","2023-12-01T07:22:44.862Z"
154008500,"TDC","1701415351","s","200","9550","157500","2023-12-01T07:22:44.862Z","2023-12-01T07:22:44.862Z"
154006580,"TDC","1701415305","s","300","9550","155500","2023-12-01T07:21:59.867Z","2023-12-01T07:21:59.867Z"
154006579,"TDC","1701415305","s","2000","9550","155500","2023-12-01T07:21:59.867Z","2023-12-01T07:21:59.867Z"
154006578,"TDC","1701415305","s","2700","9550","155500","2023-12-01T07:21:59.867Z","2023-12-01T07:21:59.867Z"
154005332,"TDC","1701415276","b","300","9550","150200","2023-12-01T07:21:29.860Z","2023-12-01T07:21:29.860Z"
154003263,"TDC","1701415234","b","700","9550","150200","2023-12-01T07:20:47.861Z","2023-12-01T07:20:47.861Z"
154003262,"TDC","1701415234","b","900","9550","150200","2023-12-01T07:20:47.861Z","2023-12-01T07:20:47.861Z"
153999671,"TDC","1701415168","b","2000","9550","146600","2023-12-01T07:19:41.864Z","2023-12-01T07:19:41.864Z"
153999217,"TDC","1701415159","b","300","9540","146600","2023-12-01T07:19:32.864Z","2023-12-01T07:19:32.864Z"
153996781,"TDC","1701415116","b","400","9550","145900","2023-12-01T07:18:49.862Z","2023-12-01T07:18:49.862Z"
153996339,"TDC","1701415110","b","500","9550","145900","2023-12-01T07:18:43.874Z","2023-12-01T07:18:43.874Z"
153995240,"TDC","1701415095","b","3000","9550","142400","2023-12-01T07:18:28.866Z","2023-12-01T07:18:28.866Z"
153984136,"TDC","1701414971","s","1000","9420","141400","2023-12-01T07:16:23.865Z","2023-12-01T07:16:23.865Z"
153979922,"TDC","1701414922","b","500","9460","140900","2023-12-01T07:15:35.860Z","2023-12-01T07:15:35.860Z"
153977824,"TDC","1701414872","s","100","9450","140900","2023-12-01T07:14:45.851Z","2023-12-01T07:14:45.851Z"
153977823,"TDC","1701414872","s","3500","9450","140900","2023-12-01T07:14:45.851Z","2023-12-01T07:14:45.851Z"
153977054,"TDC","1701414845","s","500","9460","137300","2023-12-01T07:14:19.855Z","2023-12-01T07:14:19.855Z"
153977053,"TDC","1701414845","s","2000","9460","137300","2023-12-01T07:14:19.855Z","2023-12-01T07:14:19.855Z"
153977052,"TDC","1701414845","s","300","9460","137300","2023-12-01T07:14:19.855Z","2023-12-01T07:14:19.855Z"
153976268,"TDC","1701414808","s","400","9470","134500","2023-12-01T07:13:40.849Z","2023-12-01T07:13:40.849Z"
153976267,"TDC","1701414808","s","1000","9470","134500","2023-12-01T07:13:40.849Z","2023-12-01T07:13:40.849Z"
153976266,"TDC","1701414808","s","100","9470","134500","2023-12-01T07:13:40.849Z","2023-12-01T07:13:40.849Z"
153976265,"TDC","1701414808","s","200","9470","134500","2023-12-01T07:13:40.849Z","2023-12-01T07:13:40.849Z"
153976264,"TDC","1701414808","s","100","9470","134500","2023-12-01T07:13:40.849Z","2023-12-01T07:13:40.849Z"
153975148,"TDC","1701414757","s","700","9480","132700","2023-12-01T07:12:50.855Z","2023-12-01T07:12:50.855Z"
153975147,"TDC","1701414757","s","500","9480","132700","2023-12-01T07:12:50.855Z","2023-12-01T07:12:50.855Z"
153975146,"TDC","1701414757","s","100","9480","132700","2023-12-01T07:12:50.855Z","2023-12-01T07:12:50.855Z"
153975145,"TDC","1701414757","s","100","9480","132700","2023-12-01T07:12:50.855Z","2023-12-01T07:12:50.855Z"
153974769,"TDC","1701414741","s","500","9490","130800","2023-12-01T07:12:34.854Z","2023-12-01T07:12:34.854Z"
153974018,"TDC","1701414710","s","100","9500","130800","2023-12-01T07:12:03.850Z","2023-12-01T07:12:03.850Z"
153971940,"TDC","1701414627","b","400","9540","130700","2023-12-01T07:10:40.851Z","2023-12-01T07:10:40.851Z"
153969455,"TDC","1701414546","b","100","9540","130300","2023-12-01T07:09:19.851Z","2023-12-01T07:09:19.851Z"
153969009,"TDC","1701414536","b","100","9540","130100","2023-12-01T07:09:09.851Z","2023-12-01T07:09:09.851Z"
153968410,"TDC","1701414523","s","200","9550","130100","2023-12-01T07:08:55.860Z","2023-12-01T07:08:55.860Z"
153968409,"TDC","1701414523","s","2000","9550","130100","2023-12-01T07:08:55.860Z","2023-12-01T07:08:55.860Z"
153965967,"TDC","1701414466","s","400","9550","127500","2023-12-01T07:07:59.858Z","2023-12-01T07:07:59.858Z"
153964245,"TDC","1701414429","s","400","9550","127500","2023-12-01T07:07:22.853Z","2023-12-01T07:07:22.853Z"
153963248,"TDC","1701414410","b","300","9570","127100","2023-12-01T07:07:03.853Z","2023-12-01T07:07:03.853Z"
153963247,"TDC","1701414410","b","400","9570","127100","2023-12-01T07:07:03.853Z","2023-12-01T07:07:03.853Z"
153961873,"TDC","1701414391","b","200","9550","126400","2023-12-01T07:06:43.861Z","2023-12-01T07:06:43.861Z"
153950774,"TDC","1701414266","b","100","9480","126200","2023-12-01T07:04:39.853Z","2023-12-01T07:04:39.853Z"
153949806,"TDC","1701414254","b","1000","9480","126100","2023-12-01T07:04:28.854Z","2023-12-01T07:04:28.854Z"
153948233,"TDC","1701414230","b","500","9480","124600","2023-12-01T07:04:04.850Z","2023-12-01T07:04:04.850Z"
153944355,"TDC","1701414061","b","300","9480","124300","2023-12-01T07:01:14.843Z","2023-12-01T07:01:14.843Z"
153943616,"TDC","1701414021","b","100","9480","124300","2023-12-01T07:00:34.847Z","2023-12-01T07:00:34.847Z"
153938437,"TDC","1701413807","b","100","9480","124200","2023-12-01T06:57:00.844Z","2023-12-01T06:57:00.844Z"
153937960,"TDC","1701413786","b","5000","9480","124100","2023-12-01T06:56:39.845Z","2023-12-01T06:56:39.845Z"
153937215,"TDC","1701413757","b","100","9460","119100","2023-12-01T06:56:10.840Z","2023-12-01T06:56:10.840Z"
153937118,"TDC","1701413753","s","100","9450","119000","2023-12-01T06:56:06.848Z","2023-12-01T06:56:06.848Z"
153936802,"TDC","1701413744","s","600","9450","118300","2023-12-01T06:55:57.841Z","2023-12-01T06:55:57.841Z"
153936521,"TDC","1701413734","b","100","9480","118200","2023-12-01T06:55:47.843Z","2023-12-01T06:55:47.843Z"
153936409,"TDC","1701413729","b","200","9480","118200","2023-12-01T06:55:42.847Z","2023-12-01T06:55:42.847Z"
153936134,"TDC","1701413723","b","100","9480","117900","2023-12-01T06:55:36.849Z","2023-12-01T06:55:36.849Z"
153935821,"TDC","1701413714","s","800","9450","116900","2023-12-01T06:55:27.848Z","2023-12-01T06:55:27.848Z"
153935820,"TDC","1701413714","s","200","9460","116900","2023-12-01T06:55:27.848Z","2023-12-01T06:55:27.848Z"
153935203,"TDC","1701413697","s","9700","9460","101900","2023-12-01T06:55:09.849Z","2023-12-01T06:55:09.849Z"
153935202,"TDC","1701413697","s","300","9470","101900","2023-12-01T06:55:09.849Z","2023-12-01T06:55:09.849Z"
153935201,"TDC","1701413697","s","5000","9470","101900","2023-12-01T06:55:09.849Z","2023-12-01T06:55:09.849Z"
153931821,"TDC","1701413617","s","400","9480","101900","2023-12-01T06:53:50.848Z","2023-12-01T06:53:50.848Z"
153931820,"TDC","1701413617","s","100","9480","101900","2023-12-01T06:53:50.848Z","2023-12-01T06:53:50.848Z"
153922045,"TDC","1701413443","s","100","9500","101400","2023-12-01T06:50:56.837Z","2023-12-01T06:50:56.837Z"
153921909,"TDC","1701413441","s","400","9500","101300","2023-12-01T06:50:53.838Z","2023-12-01T06:50:53.838Z"
153921908,"TDC","1701413441","s","100","9500","101300","2023-12-01T06:50:53.838Z","2023-12-01T06:50:53.838Z"
153921907,"TDC","1701413441","s","500","9500","101300","2023-12-01T06:50:53.838Z","2023-12-01T06:50:53.838Z"
153921906,"TDC","1701413441","s","200","9500","101300","2023-12-01T06:50:53.838Z","2023-12-01T06:50:53.838Z"
153921905,"TDC","1701413441","s","200","9500","101300","2023-12-01T06:50:53.838Z","2023-12-01T06:50:53.838Z"
153921904,"TDC","1701413441","s","100","9500","101300","2023-12-01T06:50:53.838Z","2023-12-01T06:50:53.838Z"
153921903,"TDC","1701413441","s","500","9500","101300","2023-12-01T06:50:53.838Z","2023-12-01T06:50:53.838Z"
153918157,"TDC","1701413371","s","1500","9500","89300","2023-12-01T06:49:44.839Z","2023-12-01T06:49:44.839Z"
153918156,"TDC","1701413371","s","500","9500","89300","2023-12-01T06:49:44.839Z","2023-12-01T06:49:44.839Z"
153918155,"TDC","1701413371","s","300","9500","89300","2023-12-01T06:49:44.839Z","2023-12-01T06:49:44.839Z"
153918154,"TDC","1701413371","s","1000","9500","89300","2023-12-01T06:49:44.839Z","2023-12-01T06:49:44.839Z"
153918153,"TDC","1701413371","s","100","9500","89300","2023-12-01T06:49:44.839Z","2023-12-01T06:49:44.839Z"
153918152,"TDC","1701413371","s","100","9500","89300","2023-12-01T06:49:44.839Z","2023-12-01T06:49:44.839Z"
