"Stockcode","Package","TradingDate","Price","Vol","TotalVol","TotalVal","Change","IsBuy","PerChange"
"DRC",144427,"/Date(1700552702000)/",23100,6400,68500,1578000000,0,false,0
"DRC",142854,"/Date(1700551771000)/",23100,100,62100,1430000000,0,false,0
"DRC",142800,"/Date(1700551715000)/",23100,100,62000,1428000000,0,false,0
"DRC",142753,"/Date(1700551709000)/",23100,100,61900,1425000000,0,false,0
"DRC",142744,"/Date(1700551700000)/",23100,1100,61800,1423000000,0,false,0
"DRC",142744,"/Date(1700551700000)/",23100,400,60700,1398000000,0,false,0
"DRC",142523,"/Date(1700551560000)/",23000,100,60300,1388000000,-100,false,-0.43
"DRC",142422,"/Date(1700551498000)/",23000,1000,60200,1386000000,-100,false,-0.43
"DRC",142220,"/Date(1700551376000)/",22950,9700,59200,1363000000,-150,false,-0.65
"DRC",142214,"/Date(1700551370000)/",22950,200,49500,1141000000,-150,true,-0.65
"DRC",142122,"/Date(1700551318000)/",23000,200,49300,1136000000,-100,true,-0.43
"DRC",142122,"/Date(1700551318000)/",23000,100,49100,1131000000,-100,true,-0.43
"DRC",142122,"/Date(1700551318000)/",23000,300,49000,1129000000,-100,true,-0.43
"DRC",141949,"/Date(1700551223000)/",23000,1700,48700,1122000000,-100,true,-0.43
"DRC",141949,"/Date(1700551223000)/",23000,1300,47000,1083000000,-100,true,-0.43
"DRC",141628,"/Date(1700551023000)/",23100,100,45700,1053000000,0,false,0
"DRC",141120,"/Date(1700550715000)/",23100,100,45600,1051000000,0,false,0
"DRC",141055,"/Date(1700550690000)/",23050,100,45500,1049000000,-50,false,-0.22
"DRC",140935,"/Date(1700550608000)/",23050,100,45400,1046000000,-50,false,-0.22
"DRC",140857,"/Date(1700550572000)/",23050,200,45300,1044000000,-50,true,-0.22
"DRC",140857,"/Date(1700550572000)/",23050,100,45100,1039000000,-50,true,-0.22
"DRC",140809,"/Date(1700550521000)/",23050,1200,45000,1037000000,-50,true,-0.22
"DRC",140403,"/Date(1700550275000)/",23100,100,43800,1009000000,0,false,0
"DRC",135135,"/Date(1700549528000)/",23100,100,43700,1007000000,0,false,0
"DRC",134835,"/Date(1700549349000)/",23100,100,43600,1005000000,0,false,0
"DRC",134549,"/Date(1700549181000)/",23000,1000,43500,1002000000,-100,true,-0.43
"DRC",134533,"/Date(1700549165000)/",23100,100,42500,979000000,0,false,0
"DRC",134445,"/Date(1700549117000)/",23000,1000,42400,977000000,-100,true,-0.43
"DRC",134426,"/Date(1700549097000)/",23000,300,41400,954000000,-100,true,-0.43
"DRC",134310,"/Date(1700549022000)/",23000,800,41100,947000000,-100,true,-0.43
"DRC",134235,"/Date(1700548985000)/",23100,300,40300,929000000,0,false,0
"DRC",133935,"/Date(1700548807000)/",23000,1000,40000,922000000,-100,false,-0.43
"DRC",133935,"/Date(1700548807000)/",23000,1000,39000,899000000,-100,false,-0.43
"DRC",133935,"/Date(1700548807000)/",23000,1000,38000,876000000,-100,false,-0.43
"DRC",133935,"/Date(1700548807000)/",23000,600,37000,853000000,-100,false,-0.43
"DRC",133935,"/Date(1700548806000)/",22900,100,36400,839000000,-200,true,-0.87
"DRC",133910,"/Date(1700548780000)/",23000,100,36300,837000000,-100,false,-0.43
"DRC",133815,"/Date(1700548725000)/",23000,300,36200,835000000,-100,true,-0.43
"DRC",133737,"/Date(1700548689000)/",23000,700,35900,828000000,-100,true,-0.43
"DRC",133737,"/Date(1700548689000)/",23000,100,35200,812000000,-100,true,-0.43
"DRC",133737,"/Date(1700548689000)/",23000,1000,35100,809000000,-100,true,-0.43
"DRC",133737,"/Date(1700548689000)/",23000,100,34100,786000000,-100,true,-0.43
"DRC",133737,"/Date(1700548689000)/",23000,200,34000,784000000,-100,true,-0.43
"DRC",133737,"/Date(1700548689000)/",23000,800,33800,779000000,-100,true,-0.43
"DRC",133737,"/Date(1700548689000)/",23000,100,33000,761000000,-100,true,-0.43
"DRC",133737,"/Date(1700548689000)/",23000,1000,32900,759000000,-100,true,-0.43
"DRC",133737,"/Date(1700548689000)/",23000,1000,31900,736000000,-100,true,-0.43
"DRC",132641,"/Date(1700548033000)/",23100,100,30900,713000000,0,false,0
"DRC",132320,"/Date(1700547829000)/",23100,100,30800,710000000,0,false,0
"DRC",131914,"/Date(1700547584000)/",23100,200,30700,708000000,0,false,0
"DRC",131417,"/Date(1700547285000)/",23050,100,30500,703000000,-50,false,-0.22
"DRC",130901,"/Date(1700546968000)/",23050,100,30400,701000000,-50,false,-0.22
"DRC",130612,"/Date(1700546801000)/",23000,300,30300,699000000,-100,true,-0.43
"DRC",130544,"/Date(1700546772000)/",23000,500,30000,692000000,-100,true,-0.43
"DRC",130524,"/Date(1700546752000)/",23050,300,29500,680000000,-50,false,-0.22
"DRC",130050,"/Date(1700546479000)/",23000,100,29200,673000000,-100,true,-0.43
"DRC",130031,"/Date(1700546454000)/",23000,1000,29100,671000000,-100,true,-0.43
"DRC",130021,"/Date(1700546418000)/",23050,800,28100,648000000,-50,false,-0.22
"DRC",130002,"/Date(1700546401000)/",23000,200,27300,630000000,-100,true,-0.43
"DRC",112717,"/Date(1700540858000)/",23050,300,27100,625000000,-50,false,-0.22
"DRC",111932,"/Date(1700540390000)/",23050,100,26800,618000000,-50,false,-0.22
"DRC",111504,"/Date(1700540121000)/",23050,100,26700,616000000,-50,false,-0.22
"DRC",110737,"/Date(1700539676000)/",23050,100,26600,614000000,-50,true,-0.22
"DRC",110737,"/Date(1700539676000)/",23050,600,26500,611000000,-50,true,-0.22
"DRC",110646,"/Date(1700539623000)/",23050,400,25900,597000000,-50,true,-0.22
"DRC",110646,"/Date(1700539623000)/",23050,200,25500,588000000,-50,true,-0.22
"DRC",110646,"/Date(1700539623000)/",23050,100,25300,584000000,-50,true,-0.22
"DRC",110646,"/Date(1700539623000)/",23050,100,25200,581000000,-50,true,-0.22
"DRC",110646,"/Date(1700539623000)/",23050,1000,25100,579000000,-50,true,-0.22
"DRC",110646,"/Date(1700539623000)/",23050,200,24100,556000000,-50,true,-0.22
"DRC",105842,"/Date(1700539137000)/",23150,100,23900,551000000,50,false,0.22
"DRC",105656,"/Date(1700539032000)/",23150,300,23800,549000000,50,false,0.22
"DRC",105439,"/Date(1700538895000)/",23150,100,23500,542000000,50,false,0.22
"DRC",104550,"/Date(1700538365000)/",23150,100,23400,540000000,50,false,0.22
"DRC",104352,"/Date(1700538248000)/",23100,100,23300,537000000,0,false,0
"DRC",104258,"/Date(1700538192000)/",23100,1200,23200,535000000,0,false,0
"DRC",104242,"/Date(1700538178000)/",23100,100,22000,507000000,0,false,0
"DRC",104213,"/Date(1700538148000)/",23100,100,21900,505000000,0,false,0
"DRC",104106,"/Date(1700538081000)/",23150,100,21800,503000000,50,false,0.22
"DRC",103301,"/Date(1700537595000)/",23100,100,21700,501000000,0,false,0
"DRC",103301,"/Date(1700537595000)/",23100,100,21600,498000000,0,false,0
"DRC",103258,"/Date(1700537591000)/",23100,200,21500,496000000,0,false,0
"DRC",103252,"/Date(1700537585000)/",23100,200,21300,491000000,0,false,0
"DRC",103249,"/Date(1700537584000)/",23100,200,21100,487000000,0,false,0
"DRC",103003,"/Date(1700537418000)/",23100,100,20900,482000000,0,false,0
"DRC",102256,"/Date(1700536988000)/",23050,300,20800,480000000,-50,false,-0.22
"DRC",102224,"/Date(1700536958000)/",23050,200,20500,473000000,-50,true,-0.22
"DRC",101848,"/Date(1700536740000)/",23050,100,20300,468000000,-50,true,-0.22
"DRC",101848,"/Date(1700536740000)/",23050,100,20200,466000000,-50,true,-0.22
"DRC",101828,"/Date(1700536722000)/",23050,100,20100,464000000,-50,true,-0.22
"DRC",101316,"/Date(1700536408000)/",23050,1000,20000,461000000,-50,false,-0.22
"DRC",100657,"/Date(1700536029000)/",23000,200,19000,438000000,-100,true,-0.43
"DRC",94904,"/Date(1700534956000)/",23000,700,18800,434000000,-100,true,-0.43
"DRC",94904,"/Date(1700534956000)/",23000,400,18100,418000000,-100,true,-0.43
"DRC",94904,"/Date(1700534956000)/",23050,100,17700,408000000,-50,true,-0.22
"DRC",94904,"/Date(1700534956000)/",23050,500,17600,406000000,-50,true,-0.22
"DRC",94330,"/Date(1700534618000)/",23100,200,17100,394000000,0,false,0
"DRC",94317,"/Date(1700534608000)/",23100,1000,16900,390000000,0,false,0
"DRC",94229,"/Date(1700534560000)/",23100,1000,15900,367000000,0,false,0
"DRC",94226,"/Date(1700534555000)/",23050,100,14900,344000000,-50,true,-0.22
"DRC",94226,"/Date(1700534555000)/",23050,200,14800,341000000,-50,true,-0.22
"DRC",94204,"/Date(1700534532000)/",23100,4400,14600,337000000,0,false,0
"DRC",94129,"/Date(1700534498000)/",23100,5600,10200,235000000,0,true,0
"DRC",94000,"/Date(1700534410000)/",23100,100,4600,106000000,0,false,0
"DRC",93752,"/Date(1700534282000)/",23100,100,4500,103000000,0,false,0
"DRC",93354,"/Date(1700534043000)/",23100,100,4400,101000000,0,false,0
"DRC",92908,"/Date(1700533756000)/",23100,100,4300,99000000,0,false,0
"DRC",92908,"/Date(1700533756000)/",23100,100,4200,97000000,0,false,0
"DRC",92733,"/Date(1700533663000)/",23100,100,4100,94000000,0,false,0
"DRC",92727,"/Date(1700533655000)/",23100,500,4000,92000000,0,false,0
"DRC",92727,"/Date(1700533655000)/",23100,1100,3500,80000000,0,false,0
"DRC",92503,"/Date(1700533513000)/",23100,700,2400,55000000,0,false,0
"DRC",92448,"/Date(1700533496000)/",23100,200,1700,39000000,0,true,0
"DRC",91815,"/Date(1700533095000)/",23100,300,1500,34000000,0,false,0
"DRC",91815,"/Date(1700533095000)/",23100,100,1200,27000000,0,false,0
"DRC",91815,"/Date(1700533095000)/",23100,400,1100,25000000,0,false,0
"DRC",91456,"/Date(1700532901000)/",23100,700,700,16000000,0,true,0
