"Stockcode","Package","TradingDate","Price","Vol","TotalVol","TotalVal","Change","IsBuy","PerChange"
"DTD",144504,"/Date(1700552701000)/",23900,63000,582118,14030085000,-100,false,-0.42
"DTD",142947,"/Date(1700551789000)/",24000,100,519118,12524385000,0,false,0
"DTD",142945,"/Date(1700551787000)/",24000,100,519018,12521985000,0,false,0
"DTD",142933,"/Date(1700551775000)/",24000,4000,518918,12519585000,0,false,0
"DTD",142930,"/Date(1700551772000)/",24000,100,514918,12423585000,0,false,0
"DTD",142923,"/Date(1700551765000)/",24000,2000,514818,12421185000,0,false,0
"DTD",142903,"/Date(1700551745000)/",24000,1000,512818,12373185000,0,false,0
"DTD",142900,"/Date(1700551742000)/",24000,2000,511818,12349185000,0,false,0
"DTD",142848,"/Date(1700551730000)/",24000,100,509818,12301185000,0,false,0
"DTD",142830,"/Date(1700551712000)/",24000,100,509718,12298785000,0,false,0
"DTD",142819,"/Date(1700551701000)/",24000,4000,509618,12296385000,0,true,0
"DTD",142800,"/Date(1700551682000)/",24000,4000,505618,12200385000,0,false,0
"DTD",142748,"/Date(1700551670000)/",23900,400,501618,12104385000,-100,true,-0.42
"DTD",142719,"/Date(1700551641000)/",24000,500,501218,12094825000,0,false,0
"DTD",142653,"/Date(1700551615000)/",24000,100,500718,12082825000,0,false,0
"DTD",142652,"/Date(1700551614000)/",24000,500,500618,12080425000,0,false,0
"DTD",142648,"/Date(1700551610000)/",24000,4900,500118,12068425000,0,true,0
"DTD",142618,"/Date(1700551580000)/",24000,5300,495218,11950825000,0,true,0
"DTD",142610,"/Date(1700551572000)/",24000,2800,489918,11823625000,0,false,0
"DTD",142601,"/Date(1700551563000)/",24000,1600,487118,11756425000,0,false,0
"DTD",142550,"/Date(1700551552000)/",24000,100,485518,11718025000,0,false,0
"DTD",142538,"/Date(1700551540000)/",24000,5000,485418,11715625000,0,false,0
"DTD",142537,"/Date(1700551539000)/",23900,3200,480418,11595625000,-100,true,-0.42
"DTD",142419,"/Date(1700551461000)/",24000,500,477218,11519145000,0,false,0
"DTD",142404,"/Date(1700551446000)/",24000,200,476718,11507145000,0,false,0
"DTD",142336,"/Date(1700551418000)/",24000,1000,476518,11502345000,0,false,0
"DTD",142327,"/Date(1700551409000)/",24000,5000,475518,11478345000,0,false,0
"DTD",142326,"/Date(1700551408000)/",24000,100,470518,11358345000,0,false,0
"DTD",142322,"/Date(1700551404000)/",24000,400,470418,11355945000,0,false,0
"DTD",142306,"/Date(1700551388000)/",24000,2500,470018,11346345000,0,false,0
"DTD",142240,"/Date(1700551362000)/",23900,700,467518,11286345000,-100,true,-0.42
"DTD",142224,"/Date(1700551346000)/",23900,2000,466818,11269615000,-100,true,-0.42
"DTD",142148,"/Date(1700551310000)/",24000,300,464818,11221815000,0,false,0
"DTD",142100,"/Date(1700551262000)/",24000,100,464518,11214615000,0,false,0
"DTD",141935,"/Date(1700551177000)/",24000,500,464418,11212215000,0,false,0
"DTD",141552,"/Date(1700550954000)/",23900,3000,463918,11200215000,-100,true,-0.42
"DTD",141551,"/Date(1700550953000)/",23900,200,460918,11128515000,-100,true,-0.42
"DTD",141546,"/Date(1700550948000)/",23900,5000,460718,11123735000,-100,true,-0.42
"DTD",141529,"/Date(1700550931000)/",23900,1100,455718,11004235000,-100,true,-0.42
"DTD",141520,"/Date(1700550922000)/",23900,200,454618,10977945000,-100,true,-0.42
"DTD",141442,"/Date(1700550884000)/",23900,500,454418,10973165000,-100,true,-0.42
"DTD",141353,"/Date(1700550835000)/",23900,10000,453918,10961215000,-100,true,-0.42
"DTD",141304,"/Date(1700550786000)/",23900,700,443918,10722215000,-100,true,-0.42
"DTD",141255,"/Date(1700550777000)/",23900,500,443218,10705485000,-100,false,-0.42
"DTD",141230,"/Date(1700550752000)/",23900,1000,442718,10693535000,-100,false,-0.42
"DTD",141204,"/Date(1700550726000)/",23800,10000,441718,10669635000,-200,true,-0.83
"DTD",141148,"/Date(1700550710000)/",23900,500,431718,10431635000,-100,false,-0.42
"DTD",141143,"/Date(1700550705000)/",23900,1300,431218,10419685000,-100,false,-0.42
"DTD",141138,"/Date(1700550700000)/",23900,1000,429918,10388615000,-100,true,-0.42
"DTD",141107,"/Date(1700550669000)/",23900,500,428918,10364715000,-100,true,-0.42
"DTD",141057,"/Date(1700550659000)/",23900,100,428418,10352765000,-100,true,-0.42
"DTD",141055,"/Date(1700550657000)/",23900,500,428318,10350375000,-100,false,-0.42
"DTD",140917,"/Date(1700550559000)/",23900,100,427818,10338425000,-100,false,-0.42
"DTD",140915,"/Date(1700550557000)/",23900,5500,427718,10336035000,-100,false,-0.42
"DTD",140836,"/Date(1700550518000)/",23900,1000,422218,10204585000,-100,true,-0.42
"DTD",140436,"/Date(1700550278000)/",24000,1000,421218,10180685000,0,false,0
"DTD",140321,"/Date(1700550203000)/",24000,1000,420218,10156685000,0,false,0
"DTD",140122,"/Date(1700550084000)/",24000,1000,419218,10132685000,0,false,0
"DTD",135941,"/Date(1700549983000)/",24000,700,418218,10108685000,0,false,0
"DTD",135911,"/Date(1700549953000)/",24000,1000,417518,10091885000,0,true,0
"DTD",135834,"/Date(1700549916000)/",24100,100,416518,10067885000,100,false,0.42
"DTD",135642,"/Date(1700549804000)/",23900,1000,416418,10065475000,-100,true,-0.42
"DTD",135635,"/Date(1700549797000)/",23900,5000,415418,10041575000,-100,true,-0.42
"DTD",135610,"/Date(1700549772000)/",24000,5000,410418,9921975000,0,false,0
"DTD",135515,"/Date(1700549717000)/",24000,100,405418,9801975000,0,false,0
"DTD",135510,"/Date(1700549712000)/",24000,100,405318,9799575000,0,false,0
"DTD",135455,"/Date(1700549697000)/",24000,1000,405218,9797175000,0,false,0
"DTD",135445,"/Date(1700549687000)/",24000,100,404218,9773175000,0,false,0
"DTD",135442,"/Date(1700549684000)/",24000,500,404118,9770775000,0,false,0
"DTD",135441,"/Date(1700549683000)/",24000,200,403618,9758775000,0,false,0
"DTD",135439,"/Date(1700549681000)/",24000,500,403418,9753975000,0,false,0
"DTD",135427,"/Date(1700549669000)/",24000,700,402918,9741975000,0,false,0
"DTD",135358,"/Date(1700549640000)/",24000,1000,402218,9725175000,0,false,0
"DTD",135350,"/Date(1700549632000)/",24000,100,401218,9701175000,0,false,0
"DTD",135338,"/Date(1700549620000)/",24000,500,401118,9698775000,0,false,0
"DTD",135329,"/Date(1700549611000)/",24000,200,400618,9686775000,0,false,0
"DTD",135324,"/Date(1700549606000)/",23900,400,400418,9681985000,-100,false,-0.42
"DTD",135310,"/Date(1700549592000)/",24000,100,400018,9672425000,0,false,0
"DTD",135124,"/Date(1700549486000)/",23800,100,399918,9670025000,-200,true,-0.83
"DTD",135026,"/Date(1700549428000)/",23900,2400,399818,9667645000,-100,true,-0.42
"DTD",135009,"/Date(1700549411000)/",23900,500,397418,9610285000,-100,true,-0.42
"DTD",134833,"/Date(1700549315000)/",23900,400,396918,9598335000,-100,true,-0.42
"DTD",134830,"/Date(1700549312000)/",23900,3600,396518,9588775000,-100,false,-0.42
"DTD",134758,"/Date(1700549280000)/",23900,10000,392918,9502735000,-100,true,-0.42
"DTD",134623,"/Date(1700549185000)/",23900,2000,382918,9263735000,-100,true,-0.42
"DTD",134433,"/Date(1700549075000)/",23900,1000,380918,9215935000,-100,true,-0.42
"DTD",134426,"/Date(1700549068000)/",23900,400,379918,9192035000,-100,true,-0.42
"DTD",134328,"/Date(1700549010000)/",23900,1500,379518,9182475000,-100,true,-0.42
"DTD",134208,"/Date(1700548930000)/",23900,1200,378018,9146625000,-100,true,-0.42
"DTD",134203,"/Date(1700548925000)/",24000,3600,376818,9117945000,0,false,0
"DTD",134147,"/Date(1700548909000)/",24000,1000,373218,9031545000,0,false,0
"DTD",134142,"/Date(1700548904000)/",24000,1000,372218,9007545000,0,false,0
"DTD",134119,"/Date(1700548881000)/",24000,500,371218,8983545000,0,false,0
"DTD",134029,"/Date(1700548831000)/",24000,500,370718,8971545000,0,false,0
"DTD",134024,"/Date(1700548826000)/",24000,100,370218,8959545000,0,true,0
"DTD",134019,"/Date(1700548821000)/",24000,15000,370118,8957145000,0,true,0
"DTD",133658,"/Date(1700548620000)/",24100,1000,355118,8597145000,100,false,0.42
"DTD",133420,"/Date(1700548462000)/",24000,4700,354118,8573045000,0,true,0
"DTD",133414,"/Date(1700548456000)/",24000,300,349418,8460245000,0,false,0
"DTD",133354,"/Date(1700548436000)/",24000,7000,349118,8453045000,0,true,0
"DTD",133122,"/Date(1700548284000)/",24000,400,342118,8285045000,0,true,0
"DTD",133107,"/Date(1700548269000)/",24100,100,341718,8275445000,100,false,0.42
"DTD",132938,"/Date(1700548180000)/",24000,1000,341618,8273035000,0,false,0
"DTD",132926,"/Date(1700548168000)/",24000,1000,340618,8249035000,0,true,0
"DTD",132854,"/Date(1700548136000)/",24000,500,339618,8225035000,0,false,0
"DTD",132837,"/Date(1700548120000)/",24000,3000,339118,8213035000,0,false,0
"DTD",132644,"/Date(1700548006000)/",23900,2500,336118,8141035000,-100,true,-0.42
"DTD",132604,"/Date(1700547966000)/",24000,3400,333618,8081285000,0,false,0
"DTD",132534,"/Date(1700547936000)/",23900,2000,330218,7999685000,-100,true,-0.42
"DTD",132414,"/Date(1700547856000)/",24000,100,328218,7951885000,0,false,0
"DTD",132336,"/Date(1700547818000)/",24000,200,328118,7949485000,0,false,0
"DTD",132332,"/Date(1700547814000)/",23900,10000,327918,7944685000,-100,true,-0.42
"DTD",132103,"/Date(1700547665000)/",23900,600,317918,7705685000,-100,true,-0.42
"DTD",132014,"/Date(1700547616000)/",23900,3000,317318,7691345000,-100,true,-0.42
"DTD",131938,"/Date(1700547580000)/",24000,100,314318,7619645000,0,false,0
"DTD",131923,"/Date(1700547565000)/",24000,500,314218,7617245000,0,false,0
"DTD",131904,"/Date(1700547546000)/",24000,600,313718,7605245000,0,false,0
"DTD",131841,"/Date(1700547523000)/",24000,400,313118,7590845000,0,false,0
"DTD",131818,"/Date(1700547500000)/",24000,200,312718,7581245000,0,true,0
"DTD",131812,"/Date(1700547494000)/",24000,5700,312518,7576445000,0,true,0
"DTD",131807,"/Date(1700547489000)/",24000,5000,306818,7439645000,0,true,0
"DTD",131606,"/Date(1700547368000)/",24000,500,301818,7319645000,0,true,0
"DTD",131443,"/Date(1700547285000)/",24000,3100,301318,7307645000,0,true,0
"DTD",131403,"/Date(1700547245000)/",24000,800,298218,7233245000,0,true,0
"DTD",131312,"/Date(1700547194000)/",24000,500,297418,7214045000,0,true,0
"DTD",131206,"/Date(1700547128000)/",24100,2000,296918,7202045000,100,false,0.42
"DTD",131110,"/Date(1700547072000)/",24000,1000,294918,7153845000,0,true,0
"DTD",131011,"/Date(1700547013000)/",24000,500,293918,7129845000,0,true,0
"DTD",130959,"/Date(1700547001000)/",24000,100,293418,7117845000,0,false,0
"DTD",130958,"/Date(1700547000000)/",24000,1000,293318,7115445000,0,false,0
"DTD",130956,"/Date(1700546998000)/",24000,300,292318,7091445000,0,false,0
"DTD",130955,"/Date(1700546997000)/",24000,1200,292018,7084245000,0,false,0
"DTD",130954,"/Date(1700546996000)/",24000,1600,290818,7055445000,0,false,0
"DTD",130945,"/Date(1700546987000)/",24000,1000,289218,7017045000,0,false,0
"DTD",130936,"/Date(1700546978000)/",24000,100,288218,6993045000,0,false,0
"DTD",130900,"/Date(1700546942000)/",24000,5400,288118,6990645000,0,false,0
"DTD",130800,"/Date(1700546882000)/",23900,1000,282718,6861045000,-100,true,-0.42
"DTD",130650,"/Date(1700546812000)/",23900,200,281718,6837145000,-100,true,-0.42
"DTD",130642,"/Date(1700546804000)/",23900,600,281518,6832365000,-100,false,-0.42
"DTD",130638,"/Date(1700546800000)/",23900,2000,280918,6818025000,-100,false,-0.42
"DTD",130636,"/Date(1700546798000)/",23900,100,278918,6770225000,-100,false,-0.42
"DTD",130634,"/Date(1700546796000)/",23900,100,278818,6767835000,-100,false,-0.42
"DTD",130620,"/Date(1700546782000)/",23900,1500,278718,6765445000,-100,false,-0.42
"DTD",130613,"/Date(1700546775000)/",23900,700,277218,6729595000,-100,false,-0.42
"DTD",130611,"/Date(1700546773000)/",23900,1000,276518,6712865000,-100,false,-0.42
"DTD",130601,"/Date(1700546763000)/",23900,400,275518,6688965000,-100,false,-0.42
"DTD",130557,"/Date(1700546759000)/",23900,200,275118,6679405000,-100,false,-0.42
"DTD",130547,"/Date(1700546749000)/",23900,500,274918,6674625000,-100,false,-0.42
"DTD",130545,"/Date(1700546747000)/",23900,200,274418,6662675000,-100,false,-0.42
"DTD",130529,"/Date(1700546731000)/",23900,300,274218,6657895000,-100,false,-0.42
"DTD",130522,"/Date(1700546724000)/",23900,100,273918,6650725000,-100,false,-0.42
"DTD",130511,"/Date(1700546713000)/",23900,9200,273818,6648335000,-100,false,-0.42
"DTD",130446,"/Date(1700546688000)/",23900,1000,264618,6428455000,-100,true,-0.42
"DTD",130354,"/Date(1700546636000)/",23900,10000,263618,6404555000,-100,true,-0.42
"DTD",130340,"/Date(1700546622000)/",24000,100,253618,6165555000,0,false,0
"DTD",130240,"/Date(1700546562000)/",24000,100,253518,6163155000,0,false,0
"DTD",130233,"/Date(1700546555000)/",24000,2000,253418,6160755000,0,false,0
"DTD",130214,"/Date(1700546536000)/",24000,7700,251418,6112755000,0,false,0
"DTD",130121,"/Date(1700546483000)/",24000,300,243718,5927955000,0,true,0
"DTD",130037,"/Date(1700546439000)/",24000,2500,243418,5920755000,0,true,0
"DTD",130027,"/Date(1700546411000)/",24000,1000,240918,5860755000,0,true,0
"DTD",130025,"/Date(1700546409000)/",24000,2100,239918,5836755000,0,true,0
"DTD",130010,"/Date(1700546403000)/",24100,200,237818,5786285000,100,false,0.42
"DTD",130006,"/Date(1700546402000)/",24000,500,237618,5781465000,0,true,0
"DTD",112954,"/Date(1700540996000)/",24100,1300,237118,5769465000,100,false,0.42
"DTD",112952,"/Date(1700540994000)/",24100,1000,235818,5738135000,100,false,0.42
"DTD",112943,"/Date(1700540985000)/",24100,1000,234818,5714035000,100,false,0.42
"DTD",112840,"/Date(1700540922000)/",24000,800,233818,5689935000,0,true,0
"DTD",112814,"/Date(1700540896000)/",24000,67,233018,5670735000,0,true,0
"DTD",112802,"/Date(1700540884000)/",24000,200,232951,5669113600,0,true,0
"DTD",112437,"/Date(1700540679000)/",24100,1000,232751,5664313600,100,false,0.42
"DTD",112356,"/Date(1700540638000)/",24100,100,231751,5640213600,100,false,0.42
"DTD",112319,"/Date(1700540601000)/",24100,500,231651,5637803600,100,false,0.42
"DTD",112038,"/Date(1700540440000)/",24100,11000,231151,5625753600,100,true,0.42
"DTD",111653,"/Date(1700540215000)/",24100,300,220151,5360653600,100,true,0.42
"DTD",111355,"/Date(1700540037000)/",24100,100,219851,5353423600,100,true,0.42
"DTD",111350,"/Date(1700540032000)/",24200,500,219751,5351013600,200,false,0.83
"DTD",111348,"/Date(1700540030000)/",24200,4000,219251,5338913600,200,false,0.83
"DTD",111130,"/Date(1700539892000)/",24100,1000,215251,5242113600,100,true,0.42
"DTD",111043,"/Date(1700539845000)/",24200,800,214251,5218013600,200,false,0.83
"DTD",110941,"/Date(1700539783000)/",24200,500,213451,5198653600,200,false,0.83
"DTD",110913,"/Date(1700539755000)/",24200,100,212951,5186553600,200,false,0.83
"DTD",110901,"/Date(1700539743000)/",24200,1500,212851,5184133600,200,false,0.83
"DTD",110856,"/Date(1700539738000)/",24200,200,211351,5147833600,200,false,0.83
"DTD",110815,"/Date(1700539697000)/",24200,500,211151,5142993600,200,false,0.83
"DTD",110743,"/Date(1700539665000)/",24200,500,210651,5130893600,200,false,0.83
"DTD",110544,"/Date(1700539546000)/",24200,33,210151,5118793600,200,false,0.83
"DTD",110245,"/Date(1700539366000)/",24200,400,210118,5117995000,200,false,0.83
"DTD",110132,"/Date(1700539293000)/",24200,400,209718,5108315000,200,false,0.83
"DTD",105923,"/Date(1700539164000)/",24200,2400,209318,5098635000,200,false,0.83
"DTD",105907,"/Date(1700539148000)/",24200,1000,206918,5040555000,200,false,0.83
"DTD",105859,"/Date(1700539140000)/",24200,1000,205918,5016355000,200,false,0.83
"DTD",105839,"/Date(1700539120000)/",24200,500,204918,4992155000,200,false,0.83
"DTD",105745,"/Date(1700539066000)/",24200,1000,204418,4980055000,200,false,0.83
"DTD",105705,"/Date(1700539026000)/",24200,200,203418,4955855000,200,false,0.83
"DTD",105655,"/Date(1700539016000)/",24200,500,203218,4951015000,200,false,0.83
"DTD",105557,"/Date(1700538958000)/",24200,100,202718,4938915000,200,false,0.83
"DTD",105520,"/Date(1700538921000)/",24200,1000,202618,4936495000,200,false,0.83
"DTD",105220,"/Date(1700538742000)/",24200,100,201618,4912295000,200,false,0.83
"DTD",105157,"/Date(1700538718000)/",24200,800,201518,4909875000,200,false,0.83
"DTD",105146,"/Date(1700538707000)/",24200,200,200718,4890515000,200,false,0.83
"DTD",105133,"/Date(1700538694000)/",24200,500,200518,4885675000,200,false,0.83
"DTD",105127,"/Date(1700538688000)/",24200,7100,200018,4873575000,200,false,0.83
"DTD",105041,"/Date(1700538642000)/",24400,100,192918,4701755000,400,false,1.67
"DTD",104617,"/Date(1700538378000)/",24200,9800,192818,4699315000,200,true,0.83
"DTD",104557,"/Date(1700538359000)/",24200,1000,183018,4462155000,200,false,0.83
"DTD",104548,"/Date(1700538350000)/",24200,500,182018,4437955000,200,false,0.83
"DTD",104540,"/Date(1700538342000)/",24200,500,181518,4425855000,200,false,0.83
"DTD",104504,"/Date(1700538306000)/",24200,6000,181018,4413755000,200,false,0.83
"DTD",104341,"/Date(1700538223000)/",24100,1000,175018,4268555000,100,true,0.42
"DTD",104158,"/Date(1700538120000)/",24200,100,174018,4244455000,200,false,0.83
"DTD",104115,"/Date(1700538077000)/",24100,200,173918,4242035000,100,true,0.42
"DTD",103938,"/Date(1700537980000)/",24100,500,173718,4237215000,100,true,0.42
"DTD",103636,"/Date(1700537798000)/",24100,500,173218,4225165000,100,false,0.42
"DTD",103626,"/Date(1700537788000)/",24100,100,172718,4213115000,100,false,0.42
"DTD",103624,"/Date(1700537786000)/",24100,100,172618,4210705000,100,false,0.42
"DTD",103504,"/Date(1700537706000)/",24100,1000,172518,4208295000,100,false,0.42
"DTD",103459,"/Date(1700537701000)/",24000,300,171518,4184195000,0,true,0
"DTD",103457,"/Date(1700537699000)/",24000,500,171218,4176995000,0,true,0
"DTD",103448,"/Date(1700537690000)/",24100,500,170718,4164995000,100,false,0.42
"DTD",103440,"/Date(1700537682000)/",24100,300,170218,4152945000,100,false,0.42
"DTD",103351,"/Date(1700537633000)/",24100,100,169918,4145715000,100,false,0.42
"DTD",103327,"/Date(1700537609000)/",24100,100,169818,4143305000,100,false,0.42
"DTD",103321,"/Date(1700537603000)/",24100,500,169718,4140895000,100,false,0.42
"DTD",103246,"/Date(1700537568000)/",24100,2000,169218,4128845000,100,false,0.42
"DTD",103131,"/Date(1700537493000)/",24200,100,167218,4080645000,200,false,0.83
"DTD",103040,"/Date(1700537442000)/",24200,100,167118,4078225000,200,true,0.83
"DTD",103008,"/Date(1700537410000)/",24200,2500,167018,4075805000,200,true,0.83
"DTD",102014,"/Date(1700536816000)/",24400,2000,164518,4015305000,400,true,1.67
"DTD",102013,"/Date(1700536815000)/",24400,2000,162518,3966505000,400,true,1.67
"DTD",101821,"/Date(1700536702000)/",24400,4000,160518,3917705000,400,true,1.67
"DTD",101750,"/Date(1700536671000)/",24400,2200,156518,3820105000,400,false,1.67
"DTD",101700,"/Date(1700536621000)/",24400,100,154318,3766425000,400,false,1.67
"DTD",101627,"/Date(1700536588000)/",24200,100,154218,3763985000,200,true,0.83
"DTD",101538,"/Date(1700536539000)/",24400,2000,154118,3761565000,400,true,1.67
"DTD",101443,"/Date(1700536484000)/",24400,5000,152118,3712765000,400,true,1.67
"DTD",101433,"/Date(1700536474000)/",24400,100,147118,3590765000,400,true,1.67
"DTD",101414,"/Date(1700536455000)/",24400,200,147018,3588325000,400,true,1.67
"DTD",101350,"/Date(1700536431000)/",24400,5700,146818,3583445000,400,true,1.67
"DTD",101305,"/Date(1700536386000)/",24400,2300,141118,3444365000,400,false,1.67
"DTD",101259,"/Date(1700536380000)/",24400,600,138818,3388245000,400,true,1.67
"DTD",101120,"/Date(1700536281000)/",24400,7100,138218,3373605000,400,true,1.67
"DTD",101114,"/Date(1700536275000)/",24200,12000,131118,3200365000,200,true,0.83
"DTD",101055,"/Date(1700536256000)/",24300,100,119118,2909825000,300,true,1.25
"DTD",100936,"/Date(1700536177000)/",24300,800,119018,2907395000,300,true,1.25
"DTD",100819,"/Date(1700536100000)/",24400,400,118218,2887955000,400,false,1.67
"DTD",100755,"/Date(1700536076000)/",24400,1500,117818,2878195000,400,false,1.67
"DTD",100600,"/Date(1700535961000)/",24400,8500,116318,2841595000,400,true,1.67
"DTD",100553,"/Date(1700535954000)/",24300,1000,107818,2634195000,300,true,1.25
"DTD",100532,"/Date(1700535933000)/",24300,600,106818,2609895000,300,true,1.25
"DTD",100458,"/Date(1700535899000)/",24300,15,106218,2595315000,300,true,1.25
"DTD",100455,"/Date(1700535896000)/",24300,200,106203,2594952000,300,true,1.25
"DTD",100353,"/Date(1700535834000)/",24300,100,106003,2590092000,300,false,1.25
"DTD",100342,"/Date(1700535824000)/",24200,100,105903,2587662000,200,true,0.83
"DTD",100337,"/Date(1700535818000)/",24300,500,105803,2585242000,300,false,1.25
"DTD",95903,"/Date(1700535545000)/",24200,2500,105303,2573092000,200,true,0.83
"DTD",95827,"/Date(1700535509000)/",24300,100,102803,2512592000,300,true,1.25
"DTD",95801,"/Date(1700535483000)/",24300,1000,102703,2510162000,300,true,1.25
"DTD",95707,"/Date(1700535429000)/",24300,2000,101703,2485862000,300,true,1.25
"DTD",95658,"/Date(1700535420000)/",24300,500,99703,2437262000,300,true,1.25
"DTD",95258,"/Date(1700535180000)/",24300,1400,99203,2425112000,300,false,1.25
"DTD",95240,"/Date(1700535162000)/",24300,100,97803,2391092000,300,false,1.25
"DTD",95121,"/Date(1700535083000)/",24300,500,97703,2388662000,300,false,1.25
"DTD",95120,"/Date(1700535082000)/",24300,300,97203,2376512000,300,true,1.25
"DTD",94959,"/Date(1700535001000)/",24300,100,96903,2369222000,300,true,1.25
"DTD",94712,"/Date(1700534834000)/",24200,500,96803,2366792000,200,true,0.83
"DTD",94333,"/Date(1700534615000)/",24200,5000,96303,2354692000,200,true,0.83
"DTD",94319,"/Date(1700534601000)/",24300,10000,91303,2233242000,300,true,1.25
"DTD",94049,"/Date(1700534450000)/",24300,1100,81303,1990242000,300,true,1.25
"DTD",93921,"/Date(1700534362000)/",24400,500,80203,1963512000,400,false,1.67
"DTD",93821,"/Date(1700534302000)/",24400,1000,79703,1951312000,400,true,1.67
"DTD",93813,"/Date(1700534294000)/",24400,1000,78703,1926912000,400,true,1.67
"DTD",93803,"/Date(1700534284000)/",24400,1000,77703,1902512000,400,true,1.67
"DTD",93757,"/Date(1700534278000)/",24400,1000,76703,1878112000,400,true,1.67
"DTD",93732,"/Date(1700534253000)/",24400,2000,75703,1853712000,400,true,1.67
"DTD",93727,"/Date(1700534248000)/",24400,200,73703,1804912000,400,true,1.67
"DTD",93711,"/Date(1700534232000)/",24400,500,73503,1800032000,400,true,1.67
"DTD",93527,"/Date(1700534128000)/",24500,100,73003,1787832000,500,false,2.08
"DTD",93524,"/Date(1700534125000)/",24400,1200,72903,1785382000,400,false,1.67
"DTD",93512,"/Date(1700534113000)/",24400,1000,71703,1756102000,400,false,1.67
"DTD",93507,"/Date(1700534108000)/",24400,2000,70703,1731702000,400,false,1.67
"DTD",93451,"/Date(1700534092000)/",24400,3400,68703,1682902000,400,false,1.67
"DTD",93228,"/Date(1700533949000)/",24400,1000,65303,1599942000,400,false,1.67
"DTD",93211,"/Date(1700533932000)/",24400,100,64303,1575542000,400,false,1.67
"DTD",93200,"/Date(1700533921000)/",24300,3000,64203,1573102000,300,true,1.25
"DTD",93145,"/Date(1700533906000)/",24400,300,61203,1500202000,400,false,1.67
"DTD",92902,"/Date(1700533743000)/",24400,1000,60903,1492882000,400,false,1.67
"DTD",92742,"/Date(1700533664000)/",24400,100,59903,1468482000,400,false,1.67
"DTD",92718,"/Date(1700533640000)/",24300,5000,59803,1466042000,300,true,1.25
"DTD",92708,"/Date(1700533630000)/",24400,500,54803,1344542000,400,false,1.67
"DTD",92656,"/Date(1700533618000)/",24400,500,54303,1332342000,400,true,1.67
"DTD",92647,"/Date(1700533609000)/",24400,500,53803,1320142000,400,false,1.67
"DTD",92631,"/Date(1700533593000)/",24400,100,53303,1307942000,400,false,1.67
"DTD",92554,"/Date(1700533556000)/",24400,100,53203,1305502000,400,true,1.67
"DTD",92532,"/Date(1700533534000)/",24400,2000,53103,1303062000,400,true,1.67
"DTD",92509,"/Date(1700533511000)/",24400,3000,51103,1254262000,400,true,1.67
"DTD",92331,"/Date(1700533413000)/",24400,500,48103,1181062000,400,true,1.67
"DTD",92315,"/Date(1700533397000)/",24400,100,47603,1168862000,400,true,1.67
"DTD",92303,"/Date(1700533385000)/",24400,100,47503,1166422000,400,true,1.67
"DTD",92214,"/Date(1700533336000)/",24400,800,47403,1163982000,400,true,1.67
"DTD",92015,"/Date(1700533217000)/",24500,100,46603,1144462000,500,false,2.08
"DTD",91930,"/Date(1700533172000)/",24400,200,46503,1142012000,400,true,1.67
"DTD",91834,"/Date(1700533116000)/",24500,1700,46303,1137132000,500,false,2.08
"DTD",91824,"/Date(1700533106000)/",24500,100,44603,1095482000,500,true,2.08
"DTD",91738,"/Date(1700533060000)/",24500,1700,44503,1093032000,500,false,2.08
"DTD",91719,"/Date(1700533041000)/",24500,100,42803,1051382000,500,false,2.08
"DTD",91638,"/Date(1700533000000)/",24500,2000,42703,1048932000,500,false,2.08
"DTD",91630,"/Date(1700532992000)/",24400,300,40703,999932000,400,true,1.67
"DTD",91522,"/Date(1700532924000)/",24400,500,40403,992612000,400,true,1.67
"DTD",91113,"/Date(1700532674000)/",24300,5000,39903,980412000,300,true,1.25
"DTD",90857,"/Date(1700532538000)/",24500,1000,34903,858912000,500,false,2.08
"DTD",90813,"/Date(1700532494000)/",24500,1600,33903,834412000,500,true,2.08
"DTD",90737,"/Date(1700532458000)/",24500,2000,32303,795212000,500,true,2.08
"DTD",90723,"/Date(1700532444000)/",24500,100,30303,746212000,500,true,2.08
"DTD",90654,"/Date(1700532415000)/",24500,400,30203,743762000,500,true,2.08
"DTD",90626,"/Date(1700532387000)/",24500,1000,29803,733962000,500,true,2.08
"DTD",90618,"/Date(1700532379000)/",24500,100,28803,709462000,500,true,2.08
"DTD",90542,"/Date(1700532343000)/",24500,800,28703,707012000,500,true,2.08
"DTD",90441,"/Date(1700532282000)/",24600,100,27903,687412000,600,false,2.5
"DTD",90413,"/Date(1700532254000)/",24600,600,27803,684952000,600,false,2.5
"DTD",90408,"/Date(1700532249000)/",24600,1800,27203,670192000,600,false,2.5
"DTD",90357,"/Date(1700532238000)/",24600,1000,25403,625912000,600,false,2.5
"DTD",90354,"/Date(1700532235000)/",24600,3,24403,601312000,600,false,2.5
"DTD",90353,"/Date(1700532234000)/",24600,7600,24400,601240000,600,false,2.5
"DTD",90328,"/Date(1700532209000)/",24600,2400,16800,414280000,600,true,2.5
"DTD",90307,"/Date(1700532188000)/",24500,200,14400,355240000,500,true,2.08
"DTD",90251,"/Date(1700532173000)/",24900,400,14200,350340000,900,false,3.75
"DTD",90237,"/Date(1700532158000)/",24900,500,13800,340380000,900,true,3.75
"DTD",90227,"/Date(1700532149000)/",24900,100,13300,327930000,900,true,3.75
"DTD",90213,"/Date(1700532135000)/",24900,8000,13200,325440000,900,true,3.75
"DTD",90208,"/Date(1700532130000)/",24500,2800,5200,126790000,500,false,2.08
"DTD",90140,"/Date(1700532102000)/",24300,1600,2400,58190000,300,false,1.25
"DTD",90052,"/Date(1700532018000)/",24000,500,800,19310000,0,true,0
"DTD",90047,"/Date(1700532015000)/",24200,300,300,7260000,200,true,0.83
