"Stockcode","Package","TradingDate","Price","Vol","TotalVol","TotalVal","Change","IsBuy","PerChange"
"EIB",144427,"/Date(1700552702000)/",18550,849100,9936100,186307000000,150,true,0.82
"EIB",142923,"/Date(1700551797000)/",18600,1200,9087000,170556000000,200,false,1.09
"EIB",142913,"/Date(1700551789000)/",18600,100,9085800,170533000000,200,false,1.09
"EIB",142913,"/Date(1700551789000)/",18600,2500,9085700,170531000000,200,false,1.09
"EIB",142910,"/Date(1700551786000)/",18600,500,9083200,170485000000,200,false,1.09
"EIB",142904,"/Date(1700551779000)/",18600,500,9082700,170476000000,200,false,1.09
"EIB",142904,"/Date(1700551779000)/",18600,4000,9082200,170466000000,200,false,1.09
"EIB",142904,"/Date(1700551779000)/",18600,1200,9078200,170392000000,200,false,1.09
"EIB",142854,"/Date(1700551769000)/",18600,300,9077000,170370000000,200,false,1.09
"EIB",142854,"/Date(1700551769000)/",18600,1000,9076700,170364000000,200,false,1.09
"EIB",142854,"/Date(1700551769000)/",18600,100,9075700,170345000000,200,false,1.09
"EIB",142854,"/Date(1700551769000)/",18600,400,9075600,170344000000,200,false,1.09
"EIB",142848,"/Date(1700551764000)/",18600,1000,9075200,170336000000,200,false,1.09
"EIB",142841,"/Date(1700551757000)/",18600,300,9074200,170318000000,200,false,1.09
"EIB",142838,"/Date(1700551753000)/",18550,1800,9073900,170312000000,150,true,0.82
"EIB",142838,"/Date(1700551753000)/",18550,500,9072100,170279000000,150,true,0.82
"EIB",142838,"/Date(1700551753000)/",18550,300,9071600,170269000000,150,true,0.82
"EIB",142838,"/Date(1700551753000)/",18550,100,9071300,170264000000,150,true,0.82
"EIB",142838,"/Date(1700551753000)/",18550,200,9071200,170262000000,150,true,0.82
"EIB",142838,"/Date(1700551753000)/",18550,20000,9071000,170258000000,150,true,0.82
"EIB",142838,"/Date(1700551753000)/",18550,2000,9051000,169887000000,150,true,0.82
"EIB",142838,"/Date(1700551753000)/",18550,500,9049000,169850000000,150,true,0.82
"EIB",142838,"/Date(1700551753000)/",18550,200,9048500,169841000000,150,true,0.82
"EIB",142838,"/Date(1700551753000)/",18550,100,9048300,169837000000,150,true,0.82
"EIB",142838,"/Date(1700551753000)/",18550,300,9048200,169835000000,150,true,0.82
"EIB",142838,"/Date(1700551753000)/",18550,2000,9047900,169830000000,150,true,0.82
"EIB",142838,"/Date(1700551753000)/",18550,1000,9045900,169793000000,150,true,0.82
"EIB",142838,"/Date(1700551753000)/",18550,200,9044900,169774000000,150,true,0.82
"EIB",142838,"/Date(1700551753000)/",18550,1000,9044700,169770000000,150,true,0.82
"EIB",142838,"/Date(1700551753000)/",18550,5000,9043700,169752000000,150,true,0.82
"EIB",142838,"/Date(1700551753000)/",18550,5000,9038700,169659000000,150,true,0.82
"EIB",142838,"/Date(1700551753000)/",18550,1000,9033700,169566000000,150,true,0.82
"EIB",142838,"/Date(1700551753000)/",18550,1000,9032700,169548000000,150,true,0.82
"EIB",142838,"/Date(1700551753000)/",18550,100,9031700,169529000000,150,true,0.82
"EIB",142838,"/Date(1700551753000)/",18550,1300,9031600,169527000000,150,true,0.82
"EIB",142816,"/Date(1700551731000)/",18600,300,9030300,169503000000,200,false,1.09
"EIB",142813,"/Date(1700551730000)/",18600,5000,9030000,169498000000,200,false,1.09
"EIB",142813,"/Date(1700551728000)/",18600,500,9025000,169405000000,200,false,1.09
"EIB",142806,"/Date(1700551723000)/",18600,100,9024500,169395000000,200,false,1.09
"EIB",142806,"/Date(1700551721000)/",18550,3700,9024400,169393000000,150,true,0.82
"EIB",142806,"/Date(1700551721000)/",18550,5000,9020700,169325000000,150,true,0.82
"EIB",142806,"/Date(1700551721000)/",18550,20000,9015700,169232000000,150,true,0.82
"EIB",142806,"/Date(1700551721000)/",18550,200,8995700,168861000000,150,true,0.82
"EIB",142806,"/Date(1700551721000)/",18550,1000,8995500,168857000000,150,true,0.82
"EIB",142806,"/Date(1700551721000)/",18550,300,8994500,168839000000,150,true,0.82
"EIB",142806,"/Date(1700551721000)/",18550,100,8994200,168833000000,150,true,0.82
"EIB",142806,"/Date(1700551721000)/",18550,19700,8994100,168831000000,150,true,0.82
"EIB",142800,"/Date(1700551716000)/",18600,500,8974400,168466000000,200,true,1.09
"EIB",142800,"/Date(1700551716000)/",18600,300,8973900,168457000000,200,true,1.09
"EIB",142800,"/Date(1700551716000)/",18600,1000,8973600,168451000000,200,true,1.09
"EIB",142800,"/Date(1700551716000)/",18600,300,8972600,168432000000,200,true,1.09
"EIB",142800,"/Date(1700551716000)/",18600,20000,8972300,168427000000,200,true,1.09
"EIB",142800,"/Date(1700551716000)/",18600,200,8952300,168055000000,200,true,1.09
"EIB",142800,"/Date(1700551716000)/",18600,300,8952100,168051000000,200,true,1.09
"EIB",142800,"/Date(1700551716000)/",18600,1000,8951800,168046000000,200,true,1.09
"EIB",142800,"/Date(1700551716000)/",18600,1000,8950800,168027000000,200,true,1.09
"EIB",142800,"/Date(1700551716000)/",18600,100,8949800,168008000000,200,true,1.09
"EIB",142800,"/Date(1700551716000)/",18600,100,8949700,168007000000,200,true,1.09
"EIB",142800,"/Date(1700551716000)/",18600,100,8949600,168005000000,200,true,1.09
"EIB",142800,"/Date(1700551716000)/",18600,100,8949500,168003000000,200,true,1.09
"EIB",142800,"/Date(1700551716000)/",18600,300,8949400,168001000000,200,true,1.09
"EIB",142800,"/Date(1700551716000)/",18600,200,8949100,167995000000,200,true,1.09
"EIB",142800,"/Date(1700551716000)/",18600,100,8948900,167992000000,200,true,1.09
"EIB",142800,"/Date(1700551716000)/",18600,1000,8948800,167990000000,200,true,1.09
"EIB",142800,"/Date(1700551716000)/",18600,5000,8947800,167971000000,200,true,1.09
"EIB",142800,"/Date(1700551716000)/",18600,3200,8942800,167878000000,200,true,1.09
"EIB",142800,"/Date(1700551716000)/",18600,6000,8939600,167819000000,200,true,1.09
"EIB",142800,"/Date(1700551716000)/",18600,1000,8933600,167707000000,200,true,1.09
"EIB",142800,"/Date(1700551716000)/",18600,600,8932600,167688000000,200,true,1.09
"EIB",142756,"/Date(1700551713000)/",18650,100,8932000,167677000000,250,false,1.36
"EIB",142753,"/Date(1700551708000)/",18650,5000,8931900,167675000000,250,false,1.36
"EIB",142731,"/Date(1700551687000)/",18650,1000,8926900,167582000000,250,false,1.36
"EIB",142731,"/Date(1700551686000)/",18650,10000,8925900,167564000000,250,false,1.36
"EIB",142731,"/Date(1700551686000)/",18650,1300,8915900,167377000000,250,false,1.36
"EIB",142724,"/Date(1700551679000)/",18650,3000,8914600,167353000000,250,true,1.36
"EIB",142705,"/Date(1700551662000)/",18650,200,8911600,167297000000,250,true,1.36
"EIB",142705,"/Date(1700551662000)/",18650,500,8911400,167293000000,250,true,1.36
"EIB",142705,"/Date(1700551662000)/",18650,1000,8910900,167284000000,250,true,1.36
"EIB",142656,"/Date(1700551652000)/",18650,5000,8909900,167265000000,250,false,1.36
"EIB",142652,"/Date(1700551649000)/",18650,2000,8904900,167172000000,250,false,1.36
"EIB",142652,"/Date(1700551647000)/",18650,5000,8902900,167135000000,250,false,1.36
"EIB",142649,"/Date(1700551645000)/",18600,300,8897900,167041000000,200,true,1.09
"EIB",142649,"/Date(1700551645000)/",18650,7000,8897600,167036000000,250,false,1.36
"EIB",142649,"/Date(1700551645000)/",18650,1000,8890600,166905000000,250,false,1.36
"EIB",142649,"/Date(1700551645000)/",18650,2000,8889600,166887000000,250,false,1.36
"EIB",142640,"/Date(1700551635000)/",18650,200,8887600,166849000000,250,false,1.36
"EIB",142640,"/Date(1700551635000)/",18650,100,8887400,166846000000,250,false,1.36
"EIB",142640,"/Date(1700551635000)/",18650,200,8887300,166844000000,250,false,1.36
"EIB",142636,"/Date(1700551633000)/",18600,500,8887100,166840000000,200,true,1.09
"EIB",142549,"/Date(1700551584000)/",18600,1900,8886600,166831000000,200,true,1.09
"EIB",142532,"/Date(1700551568000)/",18650,100,8884700,166795000000,250,false,1.36
"EIB",142529,"/Date(1700551566000)/",18650,200,8884600,166793000000,250,false,1.36
"EIB",142526,"/Date(1700551560000)/",18600,300,8884400,166790000000,200,true,1.09
"EIB",142520,"/Date(1700551555000)/",18650,400,8884100,166784000000,250,false,1.36
"EIB",142507,"/Date(1700551543000)/",18600,1400,8883700,166777000000,200,true,1.09
"EIB",142507,"/Date(1700551543000)/",18600,300,8882300,166751000000,200,true,1.09
"EIB",142457,"/Date(1700551531000)/",18650,1000,8882000,166745000000,250,false,1.36
"EIB",142451,"/Date(1700551527000)/",18650,100,8881000,166726000000,250,false,1.36
"EIB",142441,"/Date(1700551516000)/",18650,900,8880900,166725000000,250,false,1.36
"EIB",142419,"/Date(1700551494000)/",18600,400,8880000,166708000000,200,true,1.09
"EIB",142419,"/Date(1700551494000)/",18600,500,8879600,166700000000,200,true,1.09
"EIB",142419,"/Date(1700551494000)/",18600,500,8879100,166691000000,200,true,1.09
"EIB",142419,"/Date(1700551494000)/",18600,200,8878600,166682000000,200,true,1.09
"EIB",142419,"/Date(1700551494000)/",18600,8900,8878400,166678000000,200,true,1.09
"EIB",142350,"/Date(1700551465000)/",18600,500,8869500,166512000000,200,true,1.09
"EIB",142344,"/Date(1700551458000)/",18650,200,8869000,166503000000,250,false,1.36
"EIB",142324,"/Date(1700551440000)/",18600,600,8868800,166499000000,200,false,1.09
"EIB",142321,"/Date(1700551437000)/",18600,500,8868200,166488000000,200,false,1.09
"EIB",142315,"/Date(1700551430000)/",18600,3000,8867700,166479000000,200,false,1.09
"EIB",142308,"/Date(1700551423000)/",18600,500,8864700,166423000000,200,false,1.09
"EIB",142259,"/Date(1700551413000)/",18600,2000,8864200,166414000000,200,false,1.09
"EIB",142233,"/Date(1700551388000)/",18600,1000,8862200,166377000000,200,false,1.09
"EIB",142233,"/Date(1700551388000)/",18600,700,8861200,166358000000,200,false,1.09
"EIB",142233,"/Date(1700551388000)/",18600,200,8860500,166345000000,200,false,1.09
"EIB",142233,"/Date(1700551388000)/",18600,400,8860300,166341000000,200,false,1.09
"EIB",142233,"/Date(1700551388000)/",18600,500,8859900,166334000000,200,false,1.09
"EIB",142233,"/Date(1700551388000)/",18600,1500,8859400,166325000000,200,false,1.09
"EIB",142233,"/Date(1700551388000)/",18600,800,8857900,166297000000,200,false,1.09
"EIB",142233,"/Date(1700551388000)/",18600,500,8857100,166282000000,200,false,1.09
"EIB",142233,"/Date(1700551388000)/",18600,500,8856600,166273000000,200,false,1.09
"EIB",142233,"/Date(1700551388000)/",18600,1000,8856100,166263000000,200,false,1.09
"EIB",142233,"/Date(1700551388000)/",18600,1300,8855100,166245000000,200,false,1.09
"EIB",142233,"/Date(1700551387000)/",18650,1000,8853800,166220000000,250,false,1.36
"EIB",142227,"/Date(1700551383000)/",18600,2200,8852800,166202000000,200,true,1.09
"EIB",142227,"/Date(1700551383000)/",18600,100,8850600,166161000000,200,true,1.09
"EIB",142227,"/Date(1700551383000)/",18600,100,8850500,166159000000,200,true,1.09
"EIB",142227,"/Date(1700551383000)/",18600,7600,8850400,166157000000,200,true,1.09
"EIB",142208,"/Date(1700551362000)/",18650,2000,8842800,166016000000,250,false,1.36
"EIB",142204,"/Date(1700551360000)/",18650,200,8840800,165978000000,250,false,1.36
"EIB",142148,"/Date(1700551343000)/",18650,3700,8840600,165975000000,250,true,1.36
"EIB",142145,"/Date(1700551340000)/",18650,1000,8836900,165906000000,250,true,1.36
"EIB",142125,"/Date(1700551321000)/",18650,5300,8835900,165887000000,250,true,1.36
"EIB",142125,"/Date(1700551321000)/",18650,4700,8830600,165788000000,250,true,1.36
"EIB",142116,"/Date(1700551312000)/",18650,600,8825900,165701000000,250,true,1.36
"EIB",142116,"/Date(1700551312000)/",18650,200,8825300,165689000000,250,true,1.36
"EIB",142053,"/Date(1700551287000)/",18600,2400,8825100,165686000000,200,true,1.09
"EIB",142053,"/Date(1700551287000)/",18600,1000,8822700,165641000000,200,true,1.09
"EIB",142053,"/Date(1700551287000)/",18600,100,8821700,165622000000,200,true,1.09
"EIB",142053,"/Date(1700551287000)/",18600,300,8821600,165621000000,200,true,1.09
"EIB",142053,"/Date(1700551287000)/",18600,3000,8821300,165615000000,200,true,1.09
"EIB",142053,"/Date(1700551287000)/",18600,1800,8818300,165559000000,200,true,1.09
"EIB",142053,"/Date(1700551287000)/",18650,100,8816500,165526000000,250,true,1.36
"EIB",142053,"/Date(1700551287000)/",18650,1300,8816400,165524000000,250,true,1.36
"EIB",142041,"/Date(1700551274000)/",18650,700,8815100,165500000000,250,false,1.36
"EIB",142021,"/Date(1700551256000)/",18650,2200,8814400,165487000000,250,true,1.36
"EIB",142012,"/Date(1700551248000)/",18650,2000,8812200,165446000000,250,false,1.36
"EIB",142012,"/Date(1700551248000)/",18650,4800,8810200,165408000000,250,false,1.36
"EIB",142012,"/Date(1700551248000)/",18600,200,8805400,165319000000,200,true,1.09
"EIB",142012,"/Date(1700551248000)/",18600,20000,8805200,165315000000,200,true,1.09
"EIB",142012,"/Date(1700551248000)/",18600,10000,8785200,164943000000,200,true,1.09
"EIB",142012,"/Date(1700551248000)/",18600,5000,8775200,164757000000,200,true,1.09
"EIB",142012,"/Date(1700551248000)/",18600,500,8770200,164664000000,200,true,1.09
"EIB",142012,"/Date(1700551248000)/",18600,5000,8769700,164655000000,200,true,1.09
"EIB",142012,"/Date(1700551248000)/",18600,1000,8764700,164562000000,200,true,1.09
"EIB",142012,"/Date(1700551248000)/",18600,100,8763700,164543000000,200,true,1.09
"EIB",142012,"/Date(1700551248000)/",18600,1000,8763600,164541000000,200,true,1.09
"EIB",142012,"/Date(1700551248000)/",18600,5000,8762600,164523000000,200,true,1.09
"EIB",142012,"/Date(1700551248000)/",18600,200,8757600,164430000000,200,true,1.09
"EIB",142012,"/Date(1700551248000)/",18600,200,8757400,164426000000,200,true,1.09
"EIB",142012,"/Date(1700551248000)/",18600,1000,8757200,164422000000,200,true,1.09
"EIB",142012,"/Date(1700551248000)/",18600,400,8756200,164404000000,200,true,1.09
"EIB",142012,"/Date(1700551248000)/",18600,50400,8755800,164396000000,200,true,1.09
"EIB",142012,"/Date(1700551247000)/",18650,3000,8705400,163459000000,250,false,1.36
"EIB",142005,"/Date(1700551242000)/",18650,200,8702400,163403000000,250,true,1.36
"EIB",142005,"/Date(1700551242000)/",18650,100,8702200,163399000000,250,true,1.36
"EIB",142005,"/Date(1700551242000)/",18650,500,8702100,163397000000,250,true,1.36
"EIB",142005,"/Date(1700551242000)/",18650,10000,8701600,163388000000,250,true,1.36
"EIB",142005,"/Date(1700551242000)/",18650,1400,8691600,163201000000,250,true,1.36
"EIB",141914,"/Date(1700551189000)/",18650,100,8690200,163175000000,250,true,1.36
"EIB",141855,"/Date(1700551171000)/",18650,4000,8690100,163173000000,250,false,1.36
"EIB",141855,"/Date(1700551171000)/",18650,4500,8686100,163099000000,250,false,1.36
"EIB",141842,"/Date(1700551159000)/",18650,1000,8681600,163015000000,250,false,1.36
"EIB",141833,"/Date(1700551148000)/",18650,200,8680600,162996000000,250,false,1.36
"EIB",141814,"/Date(1700551130000)/",18650,100,8680400,162992000000,250,false,1.36
"EIB",141810,"/Date(1700551126000)/",18650,10000,8680300,162991000000,250,false,1.36
"EIB",141801,"/Date(1700551115000)/",18650,100,8670300,162804000000,250,false,1.36
"EIB",141801,"/Date(1700551115000)/",18650,1000,8670200,162802000000,250,false,1.36
"EIB",141801,"/Date(1700551115000)/",18650,3100,8669200,162784000000,250,false,1.36
"EIB",141716,"/Date(1700551069000)/",18650,700,8666100,162726000000,250,false,1.36
"EIB",141716,"/Date(1700551069000)/",18650,100,8665400,162713000000,250,false,1.36
"EIB",141716,"/Date(1700551069000)/",18650,1200,8665300,162711000000,250,false,1.36
"EIB",141716,"/Date(1700551069000)/",18650,2100,8664100,162688000000,250,false,1.36
"EIB",141713,"/Date(1700551069000)/",18650,400,8662000,162649000000,250,false,1.36
"EIB",141710,"/Date(1700551063000)/",18650,1000,8661600,162642000000,250,false,1.36
"EIB",141700,"/Date(1700551055000)/",18650,1300,8660600,162623000000,250,false,1.36
"EIB",141657,"/Date(1700551053000)/",18650,8000,8659300,162599000000,250,false,1.36
"EIB",141657,"/Date(1700551052000)/",18650,1000,8651300,162450000000,250,false,1.36
"EIB",141654,"/Date(1700551049000)/",18650,16200,8650300,162431000000,250,false,1.36
"EIB",141654,"/Date(1700551049000)/",18650,100,8634100,162129000000,250,false,1.36
"EIB",141654,"/Date(1700551049000)/",18650,3700,8634000,162127000000,250,false,1.36
"EIB",141615,"/Date(1700551009000)/",18650,500,8630300,162058000000,250,false,1.36
"EIB",141609,"/Date(1700551005000)/",18650,3500,8629800,162049000000,250,false,1.36
"EIB",141609,"/Date(1700551005000)/",18650,1000,8626300,161983000000,250,false,1.36
"EIB",141609,"/Date(1700551005000)/",18650,20000,8625300,161965000000,250,false,1.36
"EIB",141609,"/Date(1700551005000)/",18650,2000,8605300,161592000000,250,false,1.36
"EIB",141609,"/Date(1700551005000)/",18650,2000,8603300,161555000000,250,false,1.36
"EIB",141609,"/Date(1700551005000)/",18650,3000,8601300,161517000000,250,false,1.36
"EIB",141609,"/Date(1700551005000)/",18650,600,8598300,161461000000,250,false,1.36
"EIB",141609,"/Date(1700551005000)/",18650,6000,8597700,161450000000,250,false,1.36
"EIB",141602,"/Date(1700550997000)/",18650,100,8591700,161338000000,250,false,1.36
"EIB",141531,"/Date(1700550966000)/",18650,200,8591600,161336000000,250,false,1.36
"EIB",141459,"/Date(1700550934000)/",18650,1000,8591400,161333000000,250,false,1.36
"EIB",141455,"/Date(1700550931000)/",18600,700,8590400,161314000000,200,true,1.09
"EIB",141449,"/Date(1700550924000)/",18600,30000,8589700,161301000000,200,true,1.09
"EIB",141443,"/Date(1700550917000)/",18650,500,8559700,160743000000,250,false,1.36
"EIB",141430,"/Date(1700550905000)/",18600,500,8559200,160734000000,200,true,1.09
"EIB",141351,"/Date(1700550866000)/",18650,100,8558700,160724000000,250,false,1.36
"EIB",141300,"/Date(1700550814000)/",18650,1000,8558600,160722000000,250,false,1.36
"EIB",141256,"/Date(1700550811000)/",18600,3000,8557600,160704000000,200,false,1.09
"EIB",141256,"/Date(1700550811000)/",18600,15400,8554600,160648000000,200,false,1.09
"EIB",141256,"/Date(1700550811000)/",18600,1500,8539200,160362000000,200,false,1.09
"EIB",141241,"/Date(1700550795000)/",18600,700,8537700,160334000000,200,true,1.09
"EIB",141241,"/Date(1700550795000)/",18600,500,8537000,160321000000,200,true,1.09
"EIB",141241,"/Date(1700550795000)/",18600,30000,8536500,160311000000,200,true,1.09
"EIB",141241,"/Date(1700550795000)/",18600,1900,8506500,159753000000,200,true,1.09
"EIB",141241,"/Date(1700550794000)/",18600,100,8504600,159718000000,200,true,1.09
"EIB",141241,"/Date(1700550794000)/",18600,500,8504500,159716000000,200,true,1.09
"EIB",141241,"/Date(1700550794000)/",18600,1700,8504000,159707000000,200,true,1.09
"EIB",141234,"/Date(1700550787000)/",18600,7000,8502300,159675000000,200,true,1.09
"EIB",141202,"/Date(1700550756000)/",18600,1000,8495300,159545000000,200,true,1.09
"EIB",141146,"/Date(1700550741000)/",18600,6000,8494300,159526000000,200,true,1.09
"EIB",141136,"/Date(1700550729000)/",18600,800,8488300,159415000000,200,true,1.09
"EIB",141127,"/Date(1700550723000)/",18600,3500,8487500,159400000000,200,true,1.09
"EIB",141127,"/Date(1700550723000)/",18600,100,8484000,159335000000,200,true,1.09
"EIB",141127,"/Date(1700550723000)/",18600,200,8483900,159333000000,200,true,1.09
"EIB",141127,"/Date(1700550723000)/",18600,100,8483700,159329000000,200,true,1.09
"EIB",141127,"/Date(1700550723000)/",18600,200,8483600,159327000000,200,true,1.09
"EIB",141127,"/Date(1700550723000)/",18600,100,8483400,159324000000,200,true,1.09
"EIB",141127,"/Date(1700550723000)/",18600,100,8483300,159322000000,200,true,1.09
"EIB",141127,"/Date(1700550723000)/",18600,700,8483200,159320000000,200,true,1.09
"EIB",141058,"/Date(1700550690000)/",18600,100,8482500,159307000000,200,true,1.09
"EIB",141042,"/Date(1700550675000)/",18600,2200,8482400,159305000000,200,true,1.09
"EIB",141042,"/Date(1700550675000)/",18600,500,8480200,159264000000,200,true,1.09
"EIB",141042,"/Date(1700550675000)/",18600,500,8479700,159255000000,200,true,1.09
"EIB",141042,"/Date(1700550675000)/",18600,50000,8479200,159246000000,200,true,1.09
"EIB",141042,"/Date(1700550675000)/",18600,1000,8429200,158316000000,200,true,1.09
"EIB",141042,"/Date(1700550675000)/",18600,1000,8428200,158297000000,200,true,1.09
"EIB",141042,"/Date(1700550675000)/",18600,300,8427200,158278000000,200,true,1.09
"EIB",141042,"/Date(1700550675000)/",18600,300,8426900,158273000000,200,true,1.09
"EIB",141042,"/Date(1700550675000)/",18600,100,8426600,158267000000,200,true,1.09
"EIB",141042,"/Date(1700550675000)/",18600,100,8426500,158265000000,200,true,1.09
"EIB",141042,"/Date(1700550675000)/",18600,200,8426400,158263000000,200,true,1.09
"EIB",141042,"/Date(1700550675000)/",18600,100,8426200,158260000000,200,true,1.09
"EIB",141042,"/Date(1700550675000)/",18600,50000,8426100,158258000000,200,true,1.09
"EIB",141042,"/Date(1700550675000)/",18600,1000,8376100,157328000000,200,true,1.09
"EIB",141042,"/Date(1700550675000)/",18600,200,8375100,157309000000,200,true,1.09
"EIB",141042,"/Date(1700550675000)/",18600,300,8374900,157306000000,200,true,1.09
"EIB",141042,"/Date(1700550675000)/",18600,4800,8374600,157300000000,200,true,1.09
"EIB",141042,"/Date(1700550675000)/",18600,2000,8369800,157211000000,200,true,1.09
"EIB",141042,"/Date(1700550675000)/",18600,10000,8367800,157174000000,200,true,1.09
"EIB",141042,"/Date(1700550675000)/",18600,1000,8357800,156988000000,200,true,1.09
"EIB",141042,"/Date(1700550675000)/",18600,500,8356800,156969000000,200,true,1.09
"EIB",141042,"/Date(1700550675000)/",18600,500,8356300,156960000000,200,true,1.09
"EIB",141042,"/Date(1700550675000)/",18600,200,8355800,156950000000,200,true,1.09
"EIB",141042,"/Date(1700550675000)/",18600,300,8355600,156947000000,200,true,1.09
"EIB",141042,"/Date(1700550675000)/",18600,22900,8355300,156941000000,200,true,1.09
"EIB",141013,"/Date(1700550647000)/",18650,1100,8332400,156515000000,250,false,1.36
"EIB",140948,"/Date(1700550621000)/",18650,1000,8331300,156495000000,250,false,1.36
"EIB",140935,"/Date(1700550610000)/",18650,100,8330300,156476000000,250,false,1.36
"EIB",140932,"/Date(1700550605000)/",18650,3000,8330200,156474000000,250,false,1.36
"EIB",140903,"/Date(1700550576000)/",18650,5000,8327200,156418000000,250,false,1.36
"EIB",140812,"/Date(1700550526000)/",18650,900,8322200,156325000000,250,false,1.36
"EIB",140812,"/Date(1700550526000)/",18650,4100,8321300,156308000000,250,false,1.36
"EIB",140802,"/Date(1700550517000)/",18650,9300,8317200,156232000000,250,false,1.36
"EIB",140802,"/Date(1700550517000)/",18650,1700,8307900,156058000000,250,false,1.36
"EIB",140658,"/Date(1700550451000)/",18650,100,8306200,156026000000,250,false,1.36
"EIB",140642,"/Date(1700550437000)/",18650,100,8306100,156025000000,250,false,1.36
"EIB",140642,"/Date(1700550437000)/",18650,100,8306000,156023000000,250,false,1.36
"EIB",140642,"/Date(1700550437000)/",18650,1000,8305900,156021000000,250,false,1.36
"EIB",140642,"/Date(1700550437000)/",18650,500,8304900,156002000000,250,false,1.36
"EIB",140642,"/Date(1700550437000)/",18650,100,8304400,155993000000,250,false,1.36
"EIB",140642,"/Date(1700550437000)/",18650,1400,8304300,155991000000,250,false,1.36
"EIB",140538,"/Date(1700550372000)/",18650,200,8302900,155965000000,250,true,1.36
"EIB",140513,"/Date(1700550347000)/",18650,400,8302700,155961000000,250,true,1.36
"EIB",140513,"/Date(1700550347000)/",18650,2300,8302300,155954000000,250,true,1.36
"EIB",140513,"/Date(1700550347000)/",18650,2300,8300000,155911000000,250,true,1.36
"EIB",140438,"/Date(1700550310000)/",18650,100,8297700,155868000000,250,true,1.36
"EIB",140431,"/Date(1700550304000)/",18650,500,8297600,155866000000,250,true,1.36
"EIB",140431,"/Date(1700550304000)/",18650,20000,8297100,155857000000,250,true,1.36
"EIB",140425,"/Date(1700550298000)/",18650,27100,8277100,155484000000,250,true,1.36
"EIB",140425,"/Date(1700550298000)/",18650,500,8250000,154978000000,250,true,1.36
"EIB",140425,"/Date(1700550298000)/",18650,21200,8249500,154969000000,250,true,1.36
"EIB",140425,"/Date(1700550298000)/",18650,1200,8228300,154574000000,250,true,1.36
"EIB",140353,"/Date(1700550268000)/",18700,600,8227100,154551000000,300,false,1.63
"EIB",140318,"/Date(1700550231000)/",18650,5000,8226500,154540000000,250,true,1.36
"EIB",140318,"/Date(1700550231000)/",18650,18800,8221500,154447000000,250,true,1.36
"EIB",140221,"/Date(1700550175000)/",18600,19300,8202700,154096000000,200,true,1.09
"EIB",140214,"/Date(1700550168000)/",18650,500,8183400,153737000000,250,false,1.36
"EIB",140214,"/Date(1700550166000)/",18650,2000,8182900,153728000000,250,false,1.36
"EIB",140211,"/Date(1700550166000)/",18600,7800,8180900,153691000000,200,true,1.09
"EIB",140211,"/Date(1700550166000)/",18600,2200,8173100,153545000000,200,true,1.09
"EIB",140158,"/Date(1700550153000)/",18650,1000,8170900,153505000000,250,false,1.36
"EIB",140158,"/Date(1700550151000)/",18650,100,8169900,153486000000,250,false,1.36
"EIB",140158,"/Date(1700550151000)/",18650,600,8169800,153484000000,250,false,1.36
"EIB",140152,"/Date(1700550145000)/",18650,200,8169200,153473000000,250,false,1.36
"EIB",140133,"/Date(1700550125000)/",18650,200,8169000,153469000000,250,false,1.36
"EIB",140129,"/Date(1700550124000)/",18650,900,8168800,153465000000,250,false,1.36
"EIB",140117,"/Date(1700550112000)/",18650,1000,8167900,153449000000,250,false,1.36
"EIB",140100,"/Date(1700550094000)/",18650,100,8166900,153430000000,250,false,1.36
"EIB",140048,"/Date(1700550081000)/",18700,200,8166800,153428000000,300,false,1.63
"EIB",140038,"/Date(1700550072000)/",18700,7200,8166600,153424000000,300,false,1.63
"EIB",140038,"/Date(1700550072000)/",18650,2800,8159400,153290000000,250,true,1.36
"EIB",140038,"/Date(1700550070000)/",18650,500,8156600,153237000000,250,true,1.36
"EIB",140038,"/Date(1700550070000)/",18650,10000,8156100,153228000000,250,true,1.36
"EIB",140038,"/Date(1700550070000)/",18650,2000,8146100,153042000000,250,true,1.36
"EIB",140038,"/Date(1700550070000)/",18650,500,8144100,153004000000,250,true,1.36
"EIB",140038,"/Date(1700550070000)/",18650,1000,8143600,152995000000,250,true,1.36
"EIB",140038,"/Date(1700550070000)/",18650,200,8142600,152976000000,250,true,1.36
"EIB",140038,"/Date(1700550070000)/",18650,2000,8142400,152973000000,250,true,1.36
"EIB",140038,"/Date(1700550070000)/",18650,100,8140400,152935000000,250,true,1.36
"EIB",140038,"/Date(1700550070000)/",18650,5900,8140300,152933000000,250,true,1.36
"EIB",140025,"/Date(1700550059000)/",18700,100,8134400,152823000000,300,false,1.63
"EIB",140022,"/Date(1700550056000)/",18650,100,8134300,152822000000,250,true,1.36
"EIB",140009,"/Date(1700550041000)/",18650,2000,8134200,152820000000,250,true,1.36
"EIB",140003,"/Date(1700550035000)/",18700,100,8132200,152782000000,300,false,1.63
"EIB",135957,"/Date(1700550029000)/",18650,500,8132100,152781000000,250,true,1.36
"EIB",135941,"/Date(1700550015000)/",18650,2000,8131600,152771000000,250,true,1.36
"EIB",135937,"/Date(1700550011000)/",18650,2900,8129600,152734000000,250,true,1.36
"EIB",135928,"/Date(1700550000000)/",18700,400,8126700,152680000000,300,false,1.63
"EIB",135928,"/Date(1700550000000)/",18650,1000,8126300,152672000000,250,true,1.36
"EIB",135859,"/Date(1700549974000)/",18650,800,8125300,152654000000,250,true,1.36
"EIB",135856,"/Date(1700549969000)/",18650,10000,8124500,152639000000,250,true,1.36
"EIB",135830,"/Date(1700549944000)/",18650,10000,8114500,152452000000,250,true,1.36
"EIB",135830,"/Date(1700549944000)/",18650,2300,8104500,152266000000,250,true,1.36
"EIB",135827,"/Date(1700549940000)/",18650,3000,8102200,152223000000,250,false,1.36
"EIB",135824,"/Date(1700549938000)/",18650,100,8099200,152167000000,250,false,1.36
"EIB",135821,"/Date(1700549933000)/",18650,300,8099100,152165000000,250,false,1.36
"EIB",135814,"/Date(1700549927000)/",18650,100,8098800,152159000000,250,false,1.36
"EIB",135811,"/Date(1700549924000)/",18650,700,8098700,152158000000,250,false,1.36
"EIB",135811,"/Date(1700549924000)/",18650,100,8098000,152145000000,250,false,1.36
"EIB",135811,"/Date(1700549923000)/",18650,100,8097900,152143000000,250,false,1.36
"EIB",135801,"/Date(1700549914000)/",18650,100,8097800,152141000000,250,false,1.36
"EIB",135755,"/Date(1700549909000)/",18650,1100,8097700,152139000000,250,false,1.36
"EIB",135745,"/Date(1700549897000)/",18650,1000,8096600,152118000000,250,false,1.36
"EIB",135739,"/Date(1700549893000)/",18650,600,8095600,152100000000,250,false,1.36
"EIB",135713,"/Date(1700549868000)/",18650,1400,8095000,152089000000,250,false,1.36
"EIB",135707,"/Date(1700549859000)/",18650,500,8093600,152062000000,250,false,1.36
"EIB",135707,"/Date(1700549859000)/",18650,1700,8093100,152053000000,250,false,1.36
"EIB",135704,"/Date(1700549857000)/",18650,3000,8091400,152021000000,250,false,1.36
"EIB",135657,"/Date(1700549850000)/",18650,100,8088400,151966000000,250,false,1.36
"EIB",135638,"/Date(1700549831000)/",18650,600,8088300,151964000000,250,false,1.36
"EIB",135635,"/Date(1700549828000)/",18650,100,8087700,151952000000,250,false,1.36
"EIB",135632,"/Date(1700549826000)/",18650,2100,8087600,151951000000,250,false,1.36
"EIB",135632,"/Date(1700549826000)/",18650,2900,8085500,151911000000,250,false,1.36
"EIB",135629,"/Date(1700549820000)/",18650,5000,8082600,151857000000,250,false,1.36
"EIB",135625,"/Date(1700549818000)/",18650,1000,8077600,151764000000,250,false,1.36
"EIB",135616,"/Date(1700549809000)/",18650,10000,8076600,151745000000,250,false,1.36
"EIB",135600,"/Date(1700549792000)/",18650,1100,8066600,151559000000,250,false,1.36
"EIB",135600,"/Date(1700549792000)/",18650,2900,8065500,151538000000,250,false,1.36
"EIB",135600,"/Date(1700549792000)/",18650,1000,8062600,151484000000,250,false,1.36
"EIB",135600,"/Date(1700549792000)/",18650,5000,8061600,151466000000,250,false,1.36
"EIB",135547,"/Date(1700549780000)/",18650,5000,8056600,151372000000,250,false,1.36
"EIB",135537,"/Date(1700549769000)/",18650,6000,8051600,151279000000,250,false,1.36
"EIB",135531,"/Date(1700549763000)/",18650,1000,8045600,151167000000,250,false,1.36
"EIB",135521,"/Date(1700549756000)/",18600,2800,8044600,151149000000,200,true,1.09
"EIB",135521,"/Date(1700549756000)/",18600,7200,8041800,151097000000,200,true,1.09
"EIB",135521,"/Date(1700549755000)/",18650,3000,8034600,150963000000,250,false,1.36
"EIB",135518,"/Date(1700549750000)/",18650,200,8031600,150907000000,250,false,1.36
"EIB",135515,"/Date(1700549749000)/",18600,2000,8031400,150903000000,200,true,1.09
"EIB",135505,"/Date(1700549737000)/",18650,100,8029400,150866000000,250,false,1.36
"EIB",135459,"/Date(1700549733000)/",18650,100,8029300,150864000000,250,false,1.36
"EIB",135459,"/Date(1700549732000)/",18650,5000,8029200,150862000000,250,false,1.36
"EIB",135459,"/Date(1700549732000)/",18650,500,8024200,150769000000,250,false,1.36
"EIB",135459,"/Date(1700549728000)/",18650,100,8023700,150759000000,250,false,1.36
"EIB",135459,"/Date(1700549727000)/",18650,5000,8023600,150758000000,250,false,1.36
"EIB",135456,"/Date(1700549727000)/",18650,200,8018600,150664000000,250,false,1.36
"EIB",135456,"/Date(1700549726000)/",18650,3500,8018400,150661000000,250,false,1.36
"EIB",135449,"/Date(1700549723000)/",18650,200,8014900,150595000000,250,false,1.36
"EIB",135446,"/Date(1700549719000)/",18650,100,8014700,150592000000,250,true,1.36
"EIB",135446,"/Date(1700549719000)/",18650,300,8014600,150590000000,250,true,1.36
"EIB",135446,"/Date(1700549719000)/",18650,300,8014300,150584000000,250,true,1.36
"EIB",135446,"/Date(1700549719000)/",18650,100,8014000,150579000000,250,true,1.36
"EIB",135446,"/Date(1700549719000)/",18650,5000,8013900,150577000000,250,true,1.36
"EIB",135446,"/Date(1700549719000)/",18650,4700,8008900,150483000000,250,true,1.36
"EIB",135446,"/Date(1700549718000)/",18700,15800,8004200,150396000000,300,false,1.63
"EIB",135446,"/Date(1700549718000)/",18700,14200,7988400,150100000000,300,false,1.63
"EIB",135446,"/Date(1700549718000)/",18700,5800,7974200,149835000000,300,false,1.63
"EIB",135446,"/Date(1700549718000)/",18700,300,7968400,149726000000,300,false,1.63
"EIB",135446,"/Date(1700549718000)/",18700,3900,7968100,149721000000,300,false,1.63
"EIB",135433,"/Date(1700549707000)/",18700,1000,7964200,149648000000,300,false,1.63
"EIB",135414,"/Date(1700549686000)/",18700,100,7963200,149629000000,300,false,1.63
"EIB",135358,"/Date(1700549673000)/",18650,25000,7963100,149627000000,250,true,1.36
"EIB",135333,"/Date(1700549644000)/",18650,20300,7938100,149161000000,250,true,1.36
"EIB",135333,"/Date(1700549644000)/",18650,4700,7917800,148782000000,250,true,1.36
"EIB",135320,"/Date(1700549633000)/",18700,2000,7913100,148695000000,300,false,1.63
"EIB",135307,"/Date(1700549621000)/",18650,30000,7911100,148657000000,250,false,1.36
"EIB",135307,"/Date(1700549621000)/",18650,6300,7881100,148098000000,250,false,1.36
"EIB",135242,"/Date(1700549596000)/",18600,2800,7874800,147980000000,200,true,1.09
"EIB",135242,"/Date(1700549596000)/",18600,2200,7872000,147928000000,200,true,1.09
"EIB",135232,"/Date(1700549584000)/",18600,800,7869800,147887000000,200,true,1.09
"EIB",135232,"/Date(1700549584000)/",18600,3000,7869000,147872000000,200,true,1.09
"EIB",135232,"/Date(1700549584000)/",18600,6200,7866000,147817000000,200,true,1.09
"EIB",135226,"/Date(1700549580000)/",18650,500,7859800,147701000000,250,false,1.36
"EIB",135226,"/Date(1700549578000)/",18600,3800,7859300,147692000000,200,true,1.09
"EIB",135226,"/Date(1700549578000)/",18600,1000,7855500,147621000000,200,true,1.09
"EIB",135226,"/Date(1700549578000)/",18600,500,7854500,147603000000,200,true,1.09
"EIB",135226,"/Date(1700549578000)/",18600,500,7854000,147593000000,200,true,1.09
"EIB",135226,"/Date(1700549578000)/",18600,100,7853500,147584000000,200,true,1.09
"EIB",135226,"/Date(1700549578000)/",18600,5000,7853400,147582000000,200,true,1.09
"EIB",135226,"/Date(1700549578000)/",18600,5000,7848400,147489000000,200,true,1.09
"EIB",135226,"/Date(1700549578000)/",18600,4100,7843400,147396000000,200,true,1.09
"EIB",135203,"/Date(1700549557000)/",18650,1000,7839300,147320000000,250,false,1.36
"EIB",135151,"/Date(1700549543000)/",18600,5000,7838300,147301000000,200,true,1.09
"EIB",135115,"/Date(1700549508000)/",18600,900,7833300,147208000000,200,true,1.09
"EIB",135115,"/Date(1700549508000)/",18600,1000,7832400,147192000000,200,true,1.09
"EIB",135115,"/Date(1700549508000)/",18600,8100,7831400,147173000000,200,true,1.09
"EIB",135034,"/Date(1700549467000)/",18600,60000,7823300,147022000000,200,true,1.09
"EIB",135015,"/Date(1700549447000)/",18600,500,7763300,145906000000,200,true,1.09
"EIB",135008,"/Date(1700549440000)/",18600,5000,7762800,145897000000,200,true,1.09
"EIB",134955,"/Date(1700549428000)/",18600,6400,7757800,145804000000,200,false,1.09
"EIB",134936,"/Date(1700549407000)/",18600,200,7751400,145685000000,200,false,1.09
"EIB",134930,"/Date(1700549402000)/",18600,100,7751200,145681000000,200,false,1.09
"EIB",134927,"/Date(1700549398000)/",18600,1000,7751100,145679000000,200,true,1.09
"EIB",134927,"/Date(1700549398000)/",18600,42300,7750100,145661000000,200,true,1.09
"EIB",134901,"/Date(1700549375000)/",18600,7700,7707800,144874000000,200,false,1.09
"EIB",134901,"/Date(1700549373000)/",18600,5000,7700100,144731000000,200,false,1.09
"EIB",134855,"/Date(1700549368000)/",18600,100,7695100,144638000000,200,false,1.09
"EIB",134855,"/Date(1700549368000)/",18600,300,7695000,144636000000,200,false,1.09
"EIB",134851,"/Date(1700549365000)/",18600,5000,7694700,144630000000,200,false,1.09
"EIB",134839,"/Date(1700549351000)/",18600,200,7689700,144537000000,200,true,1.09
"EIB",134839,"/Date(1700549351000)/",18600,200,7689500,144534000000,200,true,1.09
"EIB",134839,"/Date(1700549351000)/",18600,600,7689300,144530000000,200,true,1.09
"EIB",134839,"/Date(1700549351000)/",18600,30900,7688700,144519000000,200,true,1.09
"EIB",134823,"/Date(1700549334000)/",18600,19100,7657800,143944000000,200,true,1.09
"EIB",134823,"/Date(1700549334000)/",18600,900,7638700,143589000000,200,true,1.09
"EIB",134816,"/Date(1700549327000)/",18600,3100,7637800,143572000000,200,true,1.09
"EIB",134816,"/Date(1700549327000)/",18600,500,7634700,143514000000,200,true,1.09
"EIB",134816,"/Date(1700549327000)/",18600,3500,7634200,143505000000,200,true,1.09
"EIB",134816,"/Date(1700549327000)/",18600,500,7630700,143440000000,200,true,1.09
"EIB",134816,"/Date(1700549327000)/",18600,200,7630200,143431000000,200,true,1.09
"EIB",134816,"/Date(1700549327000)/",18600,300,7630000,143427000000,200,true,1.09
"EIB",134816,"/Date(1700549327000)/",18600,1000,7629700,143421000000,200,true,1.09
"EIB",134816,"/Date(1700549327000)/",18600,9400,7628700,143403000000,200,true,1.09
"EIB",134816,"/Date(1700549327000)/",18600,1500,7619300,143228000000,200,true,1.09
"EIB",134807,"/Date(1700549320000)/",18650,2200,7617800,143200000000,250,true,1.36
"EIB",134757,"/Date(1700549310000)/",18650,1000,7615600,143159000000,250,true,1.36
"EIB",134744,"/Date(1700549298000)/",18650,1800,7614600,143140000000,250,false,1.36
"EIB",134741,"/Date(1700549294000)/",18600,3500,7612800,143107000000,200,true,1.09
"EIB",134741,"/Date(1700549294000)/",18600,1000,7609300,143042000000,200,true,1.09
"EIB",134741,"/Date(1700549294000)/",18600,2300,7608300,143023000000,200,true,1.09
"EIB",134644,"/Date(1700549236000)/",18600,2700,7606000,142980000000,200,true,1.09
"EIB",134637,"/Date(1700549231000)/",18600,5000,7603300,142930000000,200,false,1.09
"EIB",134624,"/Date(1700549216000)/",18600,1000,7598300,142837000000,200,false,1.09
"EIB",134624,"/Date(1700549216000)/",18600,1000,7597300,142818000000,200,false,1.09
"EIB",134624,"/Date(1700549216000)/",18600,100,7596300,142800000000,200,false,1.09
"EIB",134624,"/Date(1700549216000)/",18600,800,7596200,142798000000,200,false,1.09
"EIB",134624,"/Date(1700549216000)/",18600,700,7595400,142783000000,200,false,1.09
"EIB",134624,"/Date(1700549216000)/",18600,100,7594700,142770000000,200,false,1.09
"EIB",134624,"/Date(1700549216000)/",18600,5000,7594600,142768000000,200,false,1.09
"EIB",134624,"/Date(1700549216000)/",18600,3400,7589600,142675000000,200,false,1.09
"EIB",134615,"/Date(1700549207000)/",18600,30000,7586200,142612000000,200,true,1.09
"EIB",134608,"/Date(1700549199000)/",18600,48700,7556200,142054000000,200,true,1.09
"EIB",134608,"/Date(1700549199000)/",18650,500,7507500,141148000000,250,false,1.36
"EIB",134608,"/Date(1700549199000)/",18650,700,7507000,141139000000,250,false,1.36
"EIB",134608,"/Date(1700549199000)/",18650,100,7506300,141126000000,250,false,1.36
"EIB",134524,"/Date(1700549155000)/",18700,200,7506200,141124000000,300,false,1.63
"EIB",134455,"/Date(1700549126000)/",18650,1900,7506000,141120000000,250,true,1.36
"EIB",134455,"/Date(1700549126000)/",18650,100,7504100,141085000000,250,true,1.36
"EIB",134423,"/Date(1700549096000)/",18600,17900,7504000,141083000000,200,true,1.09
"EIB",134414,"/Date(1700549084000)/",18600,500,7486100,140750000000,200,true,1.09
"EIB",134414,"/Date(1700549084000)/",18600,1000,7485600,140741000000,200,true,1.09
"EIB",134414,"/Date(1700549084000)/",18600,200,7484600,140722000000,200,true,1.09
"EIB",134414,"/Date(1700549084000)/",18600,400,7484400,140718000000,200,true,1.09
"EIB",134401,"/Date(1700549072000)/",18650,100,7484000,140711000000,250,false,1.36
"EIB",134313,"/Date(1700549024000)/",18600,400,7483900,140709000000,200,true,1.09
"EIB",134310,"/Date(1700549021000)/",18600,100,7483500,140702000000,200,true,1.09
"EIB",134257,"/Date(1700549008000)/",18600,4100,7483400,140700000000,200,false,1.09
"EIB",134247,"/Date(1700549000000)/",18600,1000,7479300,140623000000,200,false,1.09
"EIB",134247,"/Date(1700548999000)/",18600,10000,7478300,140605000000,200,false,1.09
"EIB",134244,"/Date(1700548995000)/",18600,500,7468300,140419000000,200,false,1.09
"EIB",134238,"/Date(1700548990000)/",18550,20300,7467800,140410000000,150,true,0.82
"EIB",134238,"/Date(1700548990000)/",18550,100,7447500,140033000000,150,true,0.82
"EIB",134238,"/Date(1700548990000)/",18550,5000,7447400,140031000000,150,true,0.82
"EIB",134238,"/Date(1700548990000)/",18550,1000,7442400,139938000000,150,true,0.82
"EIB",134238,"/Date(1700548990000)/",18550,800,7441400,139920000000,150,true,0.82
"EIB",134238,"/Date(1700548990000)/",18550,25000,7440600,139905000000,150,true,0.82
"EIB",134238,"/Date(1700548990000)/",18550,1000,7415600,139441000000,150,true,0.82
"EIB",134238,"/Date(1700548990000)/",18550,46800,7414600,139423000000,150,true,0.82
"EIB",134235,"/Date(1700548987000)/",18550,200,7367800,138555000000,150,true,0.82
"EIB",134225,"/Date(1700548976000)/",18550,3000,7367600,138551000000,150,true,0.82
"EIB",134225,"/Date(1700548976000)/",18550,100,7364600,138495000000,150,true,0.82
"EIB",134225,"/Date(1700548976000)/",18550,500,7364500,138493000000,150,true,0.82
"EIB",134225,"/Date(1700548976000)/",18550,300,7364000,138484000000,150,true,0.82
"EIB",134225,"/Date(1700548976000)/",18550,10000,7363700,138479000000,150,true,0.82
"EIB",134209,"/Date(1700548962000)/",18600,300,7353700,138293000000,200,false,1.09
"EIB",134203,"/Date(1700548954000)/",18600,200,7353400,138287000000,200,true,1.09
"EIB",134203,"/Date(1700548954000)/",18600,2500,7353200,138284000000,200,true,1.09
"EIB",134203,"/Date(1700548954000)/",18600,500,7350700,138237000000,200,true,1.09
"EIB",134203,"/Date(1700548954000)/",18600,500,7350200,138228000000,200,true,1.09
"EIB",134203,"/Date(1700548954000)/",18600,1000,7349700,138219000000,200,true,1.09
"EIB",134203,"/Date(1700548954000)/",18600,5000,7348700,138200000000,200,true,1.09
"EIB",134203,"/Date(1700548954000)/",18600,500,7343700,138107000000,200,true,1.09
"EIB",134203,"/Date(1700548954000)/",18600,10000,7343200,138098000000,200,true,1.09
"EIB",134203,"/Date(1700548954000)/",18600,1000,7333200,137912000000,200,true,1.09
"EIB",134203,"/Date(1700548954000)/",18600,300,7332200,137893000000,200,true,1.09
"EIB",134203,"/Date(1700548954000)/",18600,2000,7331900,137888000000,200,true,1.09
"EIB",134203,"/Date(1700548954000)/",18600,200,7329900,137850000000,200,true,1.09
"EIB",134203,"/Date(1700548954000)/",18600,6000,7329700,137847000000,200,true,1.09
"EIB",134203,"/Date(1700548954000)/",18600,100,7323700,137735000000,200,true,1.09
"EIB",134203,"/Date(1700548954000)/",18600,600,7323600,137733000000,200,true,1.09
"EIB",134203,"/Date(1700548954000)/",18600,4900,7323000,137722000000,200,true,1.09
"EIB",134203,"/Date(1700548954000)/",18600,2000,7318100,137631000000,200,true,1.09
"EIB",134203,"/Date(1700548954000)/",18600,200,7316100,137594000000,200,true,1.09
"EIB",134203,"/Date(1700548954000)/",18600,200,7315900,137590000000,200,true,1.09
"EIB",134203,"/Date(1700548954000)/",18600,5000,7315700,137586000000,200,true,1.09
"EIB",134203,"/Date(1700548954000)/",18600,200,7310700,137493000000,200,true,1.09
"EIB",134203,"/Date(1700548954000)/",18600,100,7310500,137490000000,200,true,1.09
"EIB",134203,"/Date(1700548954000)/",18600,1000,7310400,137488000000,200,true,1.09
"EIB",134203,"/Date(1700548954000)/",18600,100,7309400,137469000000,200,true,1.09
"EIB",134203,"/Date(1700548954000)/",18650,1000,7309300,137467000000,250,true,1.36
"EIB",134124,"/Date(1700548917000)/",18650,500,7308300,137449000000,250,false,1.36
"EIB",134115,"/Date(1700548906000)/",18650,200,7307800,137439000000,250,false,1.36
"EIB",134108,"/Date(1700548901000)/",18650,300,7307600,137435000000,250,false,1.36
"EIB",134030,"/Date(1700548862000)/",18650,100,7307300,137430000000,250,false,1.36
"EIB",134030,"/Date(1700548862000)/",18650,1000,7307200,137428000000,250,false,1.36
"EIB",134030,"/Date(1700548862000)/",18650,200,7306200,137409000000,250,false,1.36
"EIB",134030,"/Date(1700548862000)/",18650,200,7306000,137406000000,250,false,1.36
"EIB",134030,"/Date(1700548862000)/",18650,1000,7305800,137402000000,250,false,1.36
"EIB",134030,"/Date(1700548862000)/",18650,3000,7304800,137383000000,250,false,1.36
"EIB",134030,"/Date(1700548862000)/",18650,1000,7301800,137327000000,250,false,1.36
"EIB",134030,"/Date(1700548862000)/",18650,300,7300800,137309000000,250,false,1.36
"EIB",134030,"/Date(1700548862000)/",18650,1300,7300500,137303000000,250,false,1.36
"EIB",134020,"/Date(1700548852000)/",18650,800,7299200,137279000000,250,true,1.36
"EIB",134007,"/Date(1700548839000)/",18650,900,7298400,137264000000,250,true,1.36
"EIB",134007,"/Date(1700548839000)/",18650,600,7297500,137247000000,250,true,1.36
"EIB",133910,"/Date(1700548782000)/",18650,2400,7296900,137236000000,250,true,1.36
"EIB",133910,"/Date(1700548782000)/",18650,200,7294500,137191000000,250,true,1.36
"EIB",133910,"/Date(1700548782000)/",18650,1600,7294300,137187000000,250,true,1.36
"EIB",133910,"/Date(1700548782000)/",18650,1000,7292700,137158000000,250,true,1.36
"EIB",133910,"/Date(1700548782000)/",18650,100,7291700,137139000000,250,true,1.36
"EIB",133910,"/Date(1700548782000)/",18650,500,7291600,137137000000,250,true,1.36
"EIB",133910,"/Date(1700548782000)/",18650,4200,7291100,137128000000,250,true,1.36
"EIB",133910,"/Date(1700548781000)/",18700,400,7286900,137049000000,300,false,1.63
"EIB",133857,"/Date(1700548769000)/",18700,300,7286500,137042000000,300,false,1.63
"EIB",133838,"/Date(1700548749000)/",18700,700,7286200,137036000000,300,false,1.63
"EIB",133838,"/Date(1700548749000)/",18700,300,7285500,137023000000,300,false,1.63
"EIB",133825,"/Date(1700548735000)/",18700,500,7285200,137018000000,300,false,1.63
"EIB",133646,"/Date(1700548636000)/",18700,200,7284700,137008000000,300,true,1.63
"EIB",133646,"/Date(1700548636000)/",18700,700,7284500,137005000000,300,true,1.63
"EIB",133646,"/Date(1700548636000)/",18700,5000,7283800,136991000000,300,true,1.63
"EIB",133646,"/Date(1700548636000)/",18700,200,7278800,136898000000,300,true,1.63
"EIB",133646,"/Date(1700548636000)/",18700,1000,7278600,136894000000,300,true,1.63
"EIB",133646,"/Date(1700548636000)/",18700,1000,7277600,136876000000,300,true,1.63
"EIB",133646,"/Date(1700548636000)/",18700,200,7276600,136857000000,300,true,1.63
"EIB",133646,"/Date(1700548636000)/",18700,7100,7276400,136853000000,300,true,1.63
"EIB",133646,"/Date(1700548636000)/",18700,2400,7269300,136720000000,300,true,1.63
"EIB",133646,"/Date(1700548636000)/",18700,1400,7266900,136675000000,300,true,1.63
"EIB",133646,"/Date(1700548636000)/",18700,2600,7265500,136649000000,300,true,1.63
"EIB",133646,"/Date(1700548636000)/",18700,2400,7262900,136601000000,300,true,1.63
"EIB",133620,"/Date(1700548612000)/",18700,400,7260500,136556000000,300,true,1.63
"EIB",133523,"/Date(1700548553000)/",18700,100,7260100,136548000000,300,true,1.63
"EIB",133523,"/Date(1700548552000)/",18700,300,7260000,136546000000,300,true,1.63
"EIB",133523,"/Date(1700548552000)/",18700,1300,7259700,136541000000,300,true,1.63
"EIB",133523,"/Date(1700548552000)/",18700,100,7258400,136516000000,300,true,1.63
"EIB",133523,"/Date(1700548552000)/",18700,1300,7258300,136515000000,300,true,1.63
"EIB",133500,"/Date(1700548533000)/",18700,400,7257000,136490000000,300,true,1.63
"EIB",133403,"/Date(1700548472000)/",18700,1000,7256600,136483000000,300,true,1.63
"EIB",133334,"/Date(1700548444000)/",18650,2800,7255600,136464000000,250,true,1.36
"EIB",133334,"/Date(1700548444000)/",18650,1000,7252800,136412000000,250,true,1.36
"EIB",133334,"/Date(1700548444000)/",18650,1200,7251800,136393000000,250,true,1.36
"EIB",133324,"/Date(1700548435000)/",18750,31600,7250600,136371000000,350,false,1.9
"EIB",133324,"/Date(1700548434000)/",18750,2400,7219000,135778000000,350,false,1.9
"EIB",133324,"/Date(1700548434000)/",18750,50000,7216600,135733000000,350,false,1.9
"EIB",133324,"/Date(1700548434000)/",18750,2200,7166600,134796000000,350,false,1.9
"EIB",133324,"/Date(1700548434000)/",18750,200,7164400,134755000000,350,false,1.9
"EIB",133324,"/Date(1700548434000)/",18750,1000,7164200,134751000000,350,false,1.9
"EIB",133324,"/Date(1700548434000)/",18750,5000,7163200,134732000000,350,false,1.9
"EIB",133324,"/Date(1700548434000)/",18750,500,7158200,134638000000,350,false,1.9
"EIB",133324,"/Date(1700548434000)/",18750,1500,7157700,134629000000,350,false,1.9
"EIB",133324,"/Date(1700548434000)/",18750,5600,7156200,134601000000,350,false,1.9
"EIB",133308,"/Date(1700548419000)/",18700,200,7150600,134496000000,300,false,1.63
"EIB",133256,"/Date(1700548407000)/",18650,800,7150400,134492000000,250,true,1.36
"EIB",133256,"/Date(1700548407000)/",18650,1000,7149600,134477000000,250,true,1.36
"EIB",133256,"/Date(1700548407000)/",18650,15000,7148600,134459000000,250,true,1.36
"EIB",133256,"/Date(1700548407000)/",18650,300,7133600,134179000000,250,true,1.36
"EIB",133256,"/Date(1700548407000)/",18650,500,7133300,134173000000,250,true,1.36
"EIB",133256,"/Date(1700548407000)/",18650,100,7132800,134164000000,250,true,1.36
"EIB",133256,"/Date(1700548407000)/",18700,200,7132700,134162000000,300,true,1.63
"EIB",133256,"/Date(1700548407000)/",18700,200,7132500,134158000000,300,true,1.63
"EIB",133256,"/Date(1700548407000)/",18700,1900,7132300,134155000000,300,true,1.63
"EIB",133249,"/Date(1700548399000)/",18700,2800,7130400,134119000000,300,true,1.63
"EIB",133249,"/Date(1700548399000)/",18700,7200,7127600,134067000000,300,true,1.63
"EIB",133243,"/Date(1700548395000)/",18750,2000,7120400,133932000000,350,false,1.9
"EIB",133201,"/Date(1700548351000)/",18700,700,7118400,133895000000,300,true,1.63
"EIB",133201,"/Date(1700548351000)/",18700,500,7117700,133881000000,300,true,1.63
"EIB",133201,"/Date(1700548351000)/",18700,1400,7117200,133872000000,300,true,1.63
"EIB",133155,"/Date(1700548346000)/",18700,600,7115800,133846000000,300,false,1.63
"EIB",133155,"/Date(1700548346000)/",18700,5000,7115200,133835000000,300,false,1.63
"EIB",133155,"/Date(1700548346000)/",18700,100,7110200,133741000000,300,false,1.63
"EIB",133155,"/Date(1700548346000)/",18700,2000,7110100,133739000000,300,false,1.63
"EIB",133155,"/Date(1700548346000)/",18700,3000,7108100,133702000000,300,false,1.63
"EIB",133155,"/Date(1700548346000)/",18700,1000,7105100,133646000000,300,false,1.63
"EIB",133155,"/Date(1700548346000)/",18700,1000,7104100,133627000000,300,false,1.63
"EIB",133155,"/Date(1700548346000)/",18700,200,7103100,133608000000,300,false,1.63
"EIB",133155,"/Date(1700548346000)/",18700,300,7102900,133605000000,300,false,1.63
"EIB",133155,"/Date(1700548346000)/",18700,700,7102600,133599000000,300,false,1.63
"EIB",133155,"/Date(1700548346000)/",18700,300,7101900,133586000000,300,false,1.63
"EIB",133155,"/Date(1700548346000)/",18700,2300,7101600,133580000000,300,false,1.63
"EIB",133155,"/Date(1700548346000)/",18700,1600,7099300,133537000000,300,false,1.63
"EIB",133155,"/Date(1700548346000)/",18700,200,7097700,133507000000,300,false,1.63
"EIB",133155,"/Date(1700548346000)/",18700,11700,7097500,133504000000,300,false,1.63
"EIB",133123,"/Date(1700548313000)/",18650,200,7085800,133285000000,250,true,1.36
"EIB",133123,"/Date(1700548313000)/",18650,400,7085600,133281000000,250,true,1.36
"EIB",133057,"/Date(1700548287000)/",18650,1600,7085200,133274000000,250,true,1.36
"EIB",133057,"/Date(1700548287000)/",18650,3400,7083600,133244000000,250,true,1.36
"EIB",133038,"/Date(1700548268000)/",18650,1600,7080200,133180000000,250,false,1.36
"EIB",133025,"/Date(1700548257000)/",18650,100,7078600,133151000000,250,true,1.36
"EIB",133025,"/Date(1700548257000)/",18650,1300,7078500,133149000000,250,true,1.36
"EIB",133016,"/Date(1700548246000)/",18650,1700,7077200,133125000000,250,false,1.36
"EIB",133013,"/Date(1700548244000)/",18650,100,7075500,133093000000,250,false,1.36
"EIB",133006,"/Date(1700548236000)/",18650,100,7075400,133091000000,250,false,1.36
"EIB",133003,"/Date(1700548235000)/",18650,100,7075300,133089000000,250,false,1.36
"EIB",132957,"/Date(1700548228000)/",18650,100,7075200,133087000000,250,false,1.36
"EIB",132954,"/Date(1700548224000)/",18650,100,7075100,133085000000,250,true,1.36
"EIB",132954,"/Date(1700548224000)/",18650,700,7075000,133083000000,250,true,1.36
"EIB",132954,"/Date(1700548224000)/",18650,1000,7074300,133070000000,250,true,1.36
"EIB",132954,"/Date(1700548224000)/",18650,1100,7073300,133052000000,250,true,1.36
"EIB",132954,"/Date(1700548223000)/",18650,1000,7072200,133031000000,250,true,1.36
"EIB",132937,"/Date(1700548206000)/",18700,100,7071200,133013000000,300,false,1.63
"EIB",132928,"/Date(1700548199000)/",18650,300,7071100,133011000000,250,true,1.36
"EIB",132921,"/Date(1700548193000)/",18650,5000,7070800,133005000000,250,true,1.36
"EIB",132908,"/Date(1700548180000)/",18650,100,7065800,132912000000,250,true,1.36
"EIB",132840,"/Date(1700548149000)/",18600,300,7065700,132910000000,200,true,1.09
"EIB",132840,"/Date(1700548149000)/",18600,2700,7065400,132904000000,200,true,1.09
"EIB",132811,"/Date(1700548122000)/",18650,2000,7062700,132854000000,250,false,1.36
"EIB",132805,"/Date(1700548116000)/",18600,200,7060700,132817000000,200,true,1.09
"EIB",132805,"/Date(1700548114000)/",18600,500,7060500,132813000000,200,true,1.09
"EIB",132801,"/Date(1700548113000)/",18600,500,7060000,132804000000,200,true,1.09
"EIB",132801,"/Date(1700548111000)/",18650,8500,7059500,132795000000,250,false,1.36
"EIB",132801,"/Date(1700548111000)/",18650,1500,7051000,132636000000,250,false,1.36
"EIB",132742,"/Date(1700548093000)/",18550,35000,7049500,132608000000,150,true,0.82
"EIB",132726,"/Date(1700548075000)/",18550,5000,7014500,131959000000,150,true,0.82
"EIB",132717,"/Date(1700548066000)/",18500,1500,7009500,131866000000,100,true,0.54
"EIB",132713,"/Date(1700548065000)/",18500,19800,7008000,131838000000,100,false,0.54
"EIB",132710,"/Date(1700548060000)/",18500,200,6988200,131472000000,100,true,0.54
"EIB",132710,"/Date(1700548060000)/",18500,200,6988000,131468000000,100,true,0.54
"EIB",132710,"/Date(1700548060000)/",18500,3000,6987800,131465000000,100,true,0.54
"EIB",132710,"/Date(1700548060000)/",18500,1000,6984800,131409000000,100,true,0.54
"EIB",132710,"/Date(1700548060000)/",18500,200,6983800,131391000000,100,true,0.54
"EIB",132710,"/Date(1700548060000)/",18500,25600,6983600,131387000000,100,true,0.54
"EIB",132710,"/Date(1700548060000)/",18500,24400,6958000,130913000000,100,true,0.54
"EIB",132710,"/Date(1700548060000)/",18500,100,6933600,130462000000,100,true,0.54
"EIB",132710,"/Date(1700548060000)/",18500,5000,6933500,130460000000,100,true,0.54
"EIB",132710,"/Date(1700548060000)/",18500,1000,6928500,130368000000,100,true,0.54
"EIB",132710,"/Date(1700548060000)/",18500,500,6927500,130349000000,100,true,0.54
"EIB",132710,"/Date(1700548060000)/",18500,200,6927000,130340000000,100,true,0.54
"EIB",132710,"/Date(1700548060000)/",18500,6000,6926800,130336000000,100,true,0.54
"EIB",132710,"/Date(1700548060000)/",18500,12800,6920800,130225000000,100,true,0.54
"EIB",132710,"/Date(1700548060000)/",18500,2200,6908000,129988000000,100,true,0.54
"EIB",132710,"/Date(1700548060000)/",18500,1000,6905800,129948000000,100,true,0.54
"EIB",132710,"/Date(1700548060000)/",18500,10000,6904800,129929000000,100,true,0.54
"EIB",132710,"/Date(1700548060000)/",18500,10000,6894800,129744000000,100,true,0.54
"EIB",132710,"/Date(1700548060000)/",18500,1500,6884800,129559000000,100,true,0.54
"EIB",132710,"/Date(1700548060000)/",18500,5000,6883300,129531000000,100,true,0.54
"EIB",132710,"/Date(1700548060000)/",18500,1000,6878300,129439000000,100,true,0.54
"EIB",132710,"/Date(1700548060000)/",18500,10000,6877300,129420000000,100,true,0.54
"EIB",132710,"/Date(1700548060000)/",18500,9300,6867300,129235000000,100,true,0.54
"EIB",132710,"/Date(1700548059000)/",18500,700,6858000,129063000000,100,true,0.54
"EIB",132710,"/Date(1700548059000)/",18500,1000,6857300,129050000000,100,true,0.54
"EIB",132710,"/Date(1700548059000)/",18500,10000,6856300,129032000000,100,true,0.54
"EIB",132710,"/Date(1700548059000)/",18500,1000,6846300,128847000000,100,true,0.54
"EIB",132710,"/Date(1700548059000)/",18500,1000,6845300,128828000000,100,true,0.54
"EIB",132710,"/Date(1700548059000)/",18500,100,6844300,128810000000,100,true,0.54
"EIB",132710,"/Date(1700548059000)/",18500,200,6844200,128808000000,100,true,0.54
"EIB",132710,"/Date(1700548059000)/",18500,100,6844000,128804000000,100,true,0.54
"EIB",132710,"/Date(1700548059000)/",18500,500,6843900,128803000000,100,true,0.54
"EIB",132710,"/Date(1700548059000)/",18500,300,6843400,128793000000,100,true,0.54
"EIB",132710,"/Date(1700548059000)/",18500,100,6843100,128788000000,100,true,0.54
"EIB",132710,"/Date(1700548059000)/",18500,4000,6843000,128786000000,100,true,0.54
"EIB",132710,"/Date(1700548059000)/",18500,200,6839000,128712000000,100,true,0.54
"EIB",132710,"/Date(1700548059000)/",18500,4000,6838800,128708000000,100,true,0.54
"EIB",132710,"/Date(1700548059000)/",18500,500,6834800,128634000000,100,true,0.54
"EIB",132710,"/Date(1700548059000)/",18500,1000,6834300,128625000000,100,true,0.54
"EIB",132710,"/Date(1700548059000)/",18500,100,6833300,128606000000,100,true,0.54
"EIB",132710,"/Date(1700548059000)/",18500,200,6833200,128605000000,100,true,0.54
"EIB",132710,"/Date(1700548059000)/",18500,10000,6833000,128601000000,100,true,0.54
"EIB",132710,"/Date(1700548059000)/",18500,5000,6823000,128416000000,100,true,0.54
"EIB",132710,"/Date(1700548059000)/",18500,1000,6818000,128323000000,100,true,0.54
"EIB",132710,"/Date(1700548059000)/",18500,400,6817000,128305000000,100,true,0.54
"EIB",132710,"/Date(1700548059000)/",18500,300,6816600,128297000000,100,true,0.54
"EIB",132710,"/Date(1700548059000)/",18500,500,6816300,128292000000,100,true,0.54
"EIB",132710,"/Date(1700548059000)/",18500,500,6815800,128283000000,100,true,0.54
"EIB",132710,"/Date(1700548059000)/",18500,2100,6815300,128273000000,100,true,0.54
"EIB",132710,"/Date(1700548059000)/",18500,3000,6813200,128235000000,100,true,0.54
"EIB",132710,"/Date(1700548059000)/",18500,100,6810200,128179000000,100,true,0.54
"EIB",132710,"/Date(1700548059000)/",18500,2100,6810100,128177000000,100,true,0.54
"EIB",132704,"/Date(1700548053000)/",18500,2900,6808000,128138000000,100,true,0.54
"EIB",132704,"/Date(1700548053000)/",18500,100,6805100,128085000000,100,true,0.54
"EIB",132704,"/Date(1700548053000)/",18500,4000,6805000,128083000000,100,true,0.54
"EIB",132704,"/Date(1700548053000)/",18500,500,6801000,128009000000,100,true,0.54
"EIB",132704,"/Date(1700548053000)/",18500,2000,6800500,128000000000,100,true,0.54
"EIB",132704,"/Date(1700548053000)/",18500,10000,6798500,127963000000,100,true,0.54
"EIB",132704,"/Date(1700548053000)/",18500,100,6788500,127778000000,100,true,0.54
"EIB",132704,"/Date(1700548053000)/",18500,3000,6788400,127776000000,100,true,0.54
"EIB",132704,"/Date(1700548053000)/",18500,200,6785400,127720000000,100,true,0.54
"EIB",132704,"/Date(1700548053000)/",18500,200,6785200,127717000000,100,true,0.54
"EIB",132704,"/Date(1700548053000)/",18500,100,6785000,127713000000,100,true,0.54
"EIB",132704,"/Date(1700548053000)/",18500,100,6784900,127711000000,100,true,0.54
"EIB",132704,"/Date(1700548053000)/",18500,10000,6784800,127709000000,100,true,0.54
"EIB",132704,"/Date(1700548053000)/",18500,1000,6774800,127524000000,100,true,0.54
"EIB",132704,"/Date(1700548053000)/",18500,1500,6773800,127506000000,100,true,0.54
"EIB",132704,"/Date(1700548053000)/",18550,5000,6772300,127478000000,150,false,0.82
"EIB",132704,"/Date(1700548053000)/",18550,9300,6767300,127385000000,150,false,0.82
"EIB",132701,"/Date(1700548050000)/",18550,40700,6758000,127213000000,150,true,0.82
"EIB",132701,"/Date(1700548050000)/",18550,500,6717300,126458000000,150,true,0.82
"EIB",132701,"/Date(1700548050000)/",18550,2000,6716800,126448000000,150,true,0.82
"EIB",132701,"/Date(1700548050000)/",18550,6800,6714800,126411000000,150,true,0.82
"EIB",132701,"/Date(1700548050000)/",18550,13200,6708000,126285000000,150,true,0.82
"EIB",132701,"/Date(1700548050000)/",18550,300,6694800,126040000000,150,true,0.82
"EIB",132701,"/Date(1700548050000)/",18550,1000,6694500,126035000000,150,true,0.82
"EIB",132701,"/Date(1700548050000)/",18550,100,6693500,126016000000,150,true,0.82
"EIB",132701,"/Date(1700548050000)/",18550,300,6693400,126014000000,150,true,0.82
"EIB",132701,"/Date(1700548050000)/",18550,500,6693100,126009000000,150,true,0.82
"EIB",132701,"/Date(1700548050000)/",18550,300,6692600,125999000000,150,true,0.82
"EIB",132701,"/Date(1700548050000)/",18550,1000,6692300,125994000000,150,true,0.82
"EIB",132701,"/Date(1700548050000)/",18550,700,6691300,125975000000,150,true,0.82
"EIB",132701,"/Date(1700548050000)/",18550,3000,6690600,125962000000,150,true,0.82
"EIB",132701,"/Date(1700548050000)/",18550,2000,6687600,125907000000,150,true,0.82
"EIB",132701,"/Date(1700548050000)/",18550,5000,6685600,125870000000,150,true,0.82
"EIB",132701,"/Date(1700548050000)/",18550,400,6680600,125777000000,150,true,0.82
"EIB",132701,"/Date(1700548050000)/",18550,400,6680200,125769000000,150,true,0.82
"EIB",132701,"/Date(1700548050000)/",18550,1700,6679800,125762000000,150,true,0.82
"EIB",132701,"/Date(1700548050000)/",18550,100,6678100,125731000000,150,true,0.82
"EIB",132701,"/Date(1700548050000)/",18550,5000,6678000,125729000000,150,true,0.82
"EIB",132701,"/Date(1700548050000)/",18550,10000,6673000,125636000000,150,true,0.82
"EIB",132701,"/Date(1700548050000)/",18550,1000,6663000,125450000000,150,true,0.82
"EIB",132701,"/Date(1700548050000)/",18550,1000,6662000,125432000000,150,true,0.82
"EIB",132701,"/Date(1700548050000)/",18550,2500,6661000,125413000000,150,true,0.82
"EIB",132701,"/Date(1700548050000)/",18650,500,6658500,125367000000,250,false,1.36
"EIB",132657,"/Date(1700548048000)/",18550,6500,6658000,125358000000,150,true,0.82
"EIB",132657,"/Date(1700548048000)/",18550,100,6651500,125237000000,150,true,0.82
"EIB",132657,"/Date(1700548048000)/",18550,300,6651400,125235000000,150,true,0.82
"EIB",132657,"/Date(1700548048000)/",18550,1500,6651100,125230000000,150,true,0.82
"EIB",132657,"/Date(1700548048000)/",18550,300,6649600,125202000000,150,true,0.82
"EIB",132657,"/Date(1700548048000)/",18550,2000,6649300,125196000000,150,true,0.82
"EIB",132657,"/Date(1700548048000)/",18550,100,6647300,125159000000,150,true,0.82
"EIB",132657,"/Date(1700548048000)/",18550,5000,6647200,125157000000,150,true,0.82
"EIB",132657,"/Date(1700548048000)/",18600,1000,6642200,125065000000,200,false,1.09
"EIB",132657,"/Date(1700548048000)/",18600,100,6641200,125046000000,200,false,1.09
"EIB",132657,"/Date(1700548048000)/",18600,200,6641100,125044000000,200,false,1.09
"EIB",132657,"/Date(1700548048000)/",18600,1000,6640900,125040000000,200,false,1.09
"EIB",132657,"/Date(1700548048000)/",18600,300,6639900,125022000000,200,false,1.09
"EIB",132657,"/Date(1700548048000)/",18600,2000,6639600,125016000000,200,false,1.09
"EIB",132657,"/Date(1700548048000)/",18600,300,6637600,124979000000,200,false,1.09
"EIB",132657,"/Date(1700548048000)/",18600,5000,6637300,124973000000,200,false,1.09
"EIB",132657,"/Date(1700548048000)/",18600,200,6632300,124880000000,200,false,1.09
"EIB",132657,"/Date(1700548048000)/",18600,1000,6632100,124877000000,200,false,1.09
"EIB",132657,"/Date(1700548048000)/",18600,1000,6631100,124858000000,200,false,1.09
"EIB",132657,"/Date(1700548048000)/",18600,1000,6630100,124839000000,200,false,1.09
"EIB",132657,"/Date(1700548048000)/",18600,21100,6629100,124821000000,200,false,1.09
"EIB",132657,"/Date(1700548047000)/",18600,8900,6608000,124428000000,200,false,1.09
"EIB",132657,"/Date(1700548047000)/",18600,100,6599100,124263000000,200,false,1.09
"EIB",132657,"/Date(1700548047000)/",18600,5000,6599000,124261000000,200,false,1.09
"EIB",132657,"/Date(1700548047000)/",18600,1000,6594000,124168000000,200,false,1.09
"EIB",132657,"/Date(1700548047000)/",18600,2500,6593000,124149000000,200,false,1.09
"EIB",132657,"/Date(1700548047000)/",18600,500,6590500,124103000000,200,false,1.09
"EIB",132657,"/Date(1700548047000)/",18600,2000,6590000,124094000000,200,false,1.09
"EIB",132657,"/Date(1700548047000)/",18600,1000,6588000,124056000000,200,false,1.09
"EIB",132657,"/Date(1700548047000)/",18600,200,6587000,124038000000,200,false,1.09
"EIB",132657,"/Date(1700548047000)/",18600,1000,6586800,124034000000,200,false,1.09
"EIB",132657,"/Date(1700548047000)/",18600,100,6585800,124015000000,200,false,1.09
"EIB",132657,"/Date(1700548047000)/",18600,200,6585700,124014000000,200,false,1.09
"EIB",132657,"/Date(1700548047000)/",18600,700,6585500,124010000000,200,false,1.09
"EIB",132657,"/Date(1700548047000)/",18650,26800,6584800,123997000000,250,false,1.36
"EIB",132648,"/Date(1700548037000)/",18650,2000,6558000,123497000000,250,true,1.36
"EIB",132648,"/Date(1700548037000)/",18650,1200,6556000,123460000000,250,true,1.36
"EIB",132648,"/Date(1700548037000)/",18650,2000,6554800,123437000000,250,true,1.36
"EIB",132648,"/Date(1700548037000)/",18650,1800,6552800,123400000000,250,true,1.36
"EIB",132534,"/Date(1700547965000)/",18650,200,6551000,123367000000,250,true,1.36
"EIB",132534,"/Date(1700547965000)/",18650,2800,6550800,123363000000,250,true,1.36
"EIB",132531,"/Date(1700547962000)/",18650,200,6548000,123311000000,250,true,1.36
"EIB",132518,"/Date(1700547947000)/",18650,500,6547800,123307000000,250,true,1.36
"EIB",132456,"/Date(1700547927000)/",18650,100,6547300,123297000000,250,false,1.36
"EIB",132456,"/Date(1700547927000)/",18650,3000,6547200,123296000000,250,false,1.36
"EIB",132456,"/Date(1700547927000)/",18650,400,6544200,123240000000,250,false,1.36
"EIB",132456,"/Date(1700547927000)/",18650,6000,6543800,123232000000,250,false,1.36
"EIB",132427,"/Date(1700547899000)/",18650,5000,6537800,123120000000,250,false,1.36
"EIB",132414,"/Date(1700547886000)/",18600,300,6532800,123027000000,200,true,1.09
"EIB",132414,"/Date(1700547886000)/",18600,200,6532500,123021000000,200,true,1.09
"EIB",132414,"/Date(1700547884000)/",18650,2000,6532300,123018000000,250,false,1.36
"EIB",132405,"/Date(1700547876000)/",18600,600,6530300,122980000000,200,true,1.09
"EIB",132405,"/Date(1700547876000)/",18600,2500,6529700,122969000000,200,true,1.09
"EIB",132405,"/Date(1700547876000)/",18600,1000,6527200,122923000000,200,true,1.09
"EIB",132405,"/Date(1700547876000)/",18600,100,6526200,122904000000,200,true,1.09
"EIB",132405,"/Date(1700547876000)/",18600,10000,6526100,122902000000,200,true,1.09
"EIB",132405,"/Date(1700547876000)/",18600,100,6516100,122716000000,200,true,1.09
"EIB",132405,"/Date(1700547876000)/",18600,3000,6516000,122714000000,200,true,1.09
"EIB",132405,"/Date(1700547876000)/",18600,100,6513000,122659000000,200,true,1.09
"EIB",132405,"/Date(1700547876000)/",18600,200,6512900,122657000000,200,true,1.09
"EIB",132405,"/Date(1700547876000)/",18600,400,6512700,122653000000,200,true,1.09
"EIB",132405,"/Date(1700547876000)/",18600,100,6512300,122646000000,200,true,1.09
"EIB",132405,"/Date(1700547876000)/",18600,40000,6512200,122644000000,200,true,1.09
"EIB",132405,"/Date(1700547876000)/",18600,600,6472200,121900000000,200,true,1.09
"EIB",132405,"/Date(1700547876000)/",18600,1000,6471600,121889000000,200,true,1.09
"EIB",132405,"/Date(1700547876000)/",18600,100,6470600,121870000000,200,true,1.09
"EIB",132405,"/Date(1700547876000)/",18600,30000,6470500,121868000000,200,true,1.09
"EIB",132405,"/Date(1700547876000)/",18600,400,6440500,121310000000,200,true,1.09
"EIB",132405,"/Date(1700547876000)/",18600,300,6440100,121303000000,200,true,1.09
"EIB",132405,"/Date(1700547876000)/",18600,1000,6439800,121297000000,200,true,1.09
"EIB",132405,"/Date(1700547876000)/",18600,1000,6438800,121279000000,200,true,1.09
"EIB",132405,"/Date(1700547876000)/",18600,7500,6437800,121260000000,200,true,1.09
"EIB",132358,"/Date(1700547867000)/",18600,2500,6430300,121120000000,200,true,1.09
"EIB",132358,"/Date(1700547867000)/",18600,2000,6427800,121074000000,200,true,1.09
"EIB",132358,"/Date(1700547867000)/",18600,300,6425800,121037000000,200,true,1.09
"EIB",132358,"/Date(1700547867000)/",18600,200,6425500,121031000000,200,true,1.09
"EIB",132352,"/Date(1700547860000)/",18600,2800,6425300,121027000000,200,true,1.09
"EIB",132349,"/Date(1700547860000)/",18600,10000,6422500,120975000000,200,true,1.09
"EIB",132349,"/Date(1700547860000)/",18600,37200,6412500,120789000000,200,true,1.09
"EIB",132349,"/Date(1700547857000)/",18600,400,6375300,120097000000,200,true,1.09
"EIB",132339,"/Date(1700547850000)/",18600,1200,6374900,120090000000,200,true,1.09
"EIB",132320,"/Date(1700547831000)/",18600,4200,6373700,120068000000,200,true,1.09
"EIB",132320,"/Date(1700547831000)/",18600,200,6369500,119990000000,200,true,1.09
"EIB",132320,"/Date(1700547831000)/",18600,5000,6369300,119986000000,200,true,1.09
"EIB",132320,"/Date(1700547831000)/",18600,200,6364300,119893000000,200,true,1.09
"EIB",132320,"/Date(1700547831000)/",18600,200,6364100,119889000000,200,true,1.09
"EIB",132320,"/Date(1700547831000)/",18600,400,6363900,119885000000,200,true,1.09
"EIB",132320,"/Date(1700547831000)/",18600,2000,6363500,119878000000,200,true,1.09
"EIB",132320,"/Date(1700547831000)/",18600,100,6361500,119841000000,200,true,1.09
"EIB",132320,"/Date(1700547831000)/",18600,2500,6361400,119839000000,200,true,1.09
"EIB",132320,"/Date(1700547831000)/",18600,300,6358900,119792000000,200,true,1.09
"EIB",132320,"/Date(1700547831000)/",18600,5000,6358600,119787000000,200,true,1.09
"EIB",132320,"/Date(1700547831000)/",18600,1000,6353600,119694000000,200,true,1.09
"EIB",132320,"/Date(1700547831000)/",18600,10000,6352600,119675000000,200,true,1.09
"EIB",132320,"/Date(1700547831000)/",18600,10000,6342600,119489000000,200,true,1.09
"EIB",132320,"/Date(1700547831000)/",18600,500,6332600,119303000000,200,true,1.09
"EIB",132320,"/Date(1700547831000)/",18600,5000,6332100,119294000000,200,true,1.09
"EIB",132320,"/Date(1700547831000)/",18600,500,6327100,119201000000,200,true,1.09
"EIB",132320,"/Date(1700547831000)/",18600,1000,6326600,119192000000,200,true,1.09
"EIB",132320,"/Date(1700547831000)/",18600,1900,6325600,119173000000,200,true,1.09
"EIB",132320,"/Date(1700547830000)/",18600,6000,6323700,119138000000,200,true,1.09
"EIB",132320,"/Date(1700547829000)/",18650,300,6317700,119026000000,250,false,1.36
"EIB",132307,"/Date(1700547816000)/",18650,6700,6317400,119021000000,250,false,1.36
"EIB",132301,"/Date(1700547812000)/",18650,500,6310700,118896000000,250,true,1.36
"EIB",132301,"/Date(1700547812000)/",18650,4000,6310200,118886000000,250,true,1.36
"EIB",132258,"/Date(1700547809000)/",18650,18800,6306200,118812000000,250,true,1.36
"EIB",132258,"/Date(1700547809000)/",18650,500,6287400,118461000000,250,true,1.36
"EIB",132258,"/Date(1700547809000)/",18650,400,6286900,118452000000,250,true,1.36
"EIB",132258,"/Date(1700547809000)/",18650,4500,6286500,118444000000,250,true,1.36
"EIB",132258,"/Date(1700547809000)/",18650,2000,6282000,118360000000,250,true,1.36
"EIB",132258,"/Date(1700547809000)/",18650,100,6280000,118323000000,250,true,1.36
"EIB",132258,"/Date(1700547809000)/",18650,1400,6279900,118321000000,250,true,1.36
"EIB",132258,"/Date(1700547809000)/",18650,1000,6278500,118295000000,250,true,1.36
"EIB",132258,"/Date(1700547809000)/",18650,10000,6277500,118276000000,250,true,1.36
"EIB",132258,"/Date(1700547809000)/",18650,500,6267500,118090000000,250,true,1.36
"EIB",132258,"/Date(1700547809000)/",18650,2000,6267000,118081000000,250,true,1.36
"EIB",132258,"/Date(1700547809000)/",18650,500,6265000,118043000000,250,true,1.36
"EIB",132258,"/Date(1700547809000)/",18650,8300,6264500,118034000000,250,true,1.36
"EIB",132255,"/Date(1700547804000)/",18650,100,6256200,117879000000,250,true,1.36
"EIB",132239,"/Date(1700547788000)/",18650,500,6256100,117877000000,250,true,1.36
"EIB",132112,"/Date(1700547702000)/",18700,100,6255600,117868000000,300,false,1.63
"EIB",132112,"/Date(1700547702000)/",18650,1000,6255500,117866000000,250,true,1.36
"EIB",132056,"/Date(1700547687000)/",18650,100,6254500,117847000000,250,true,1.36
"EIB",132056,"/Date(1700547687000)/",18650,4900,6254400,117846000000,250,true,1.36
"EIB",132040,"/Date(1700547670000)/",18700,500,6249500,117754000000,300,false,1.63
"EIB",132024,"/Date(1700547652000)/",18700,200,6249000,117745000000,300,false,1.63
"EIB",132021,"/Date(1700547650000)/",18650,5100,6248800,117741000000,250,true,1.36
"EIB",132021,"/Date(1700547650000)/",18650,2000,6243700,117646000000,250,true,1.36
"EIB",132021,"/Date(1700547650000)/",18650,100,6241700,117609000000,250,true,1.36
"EIB",132021,"/Date(1700547650000)/",18650,200,6241600,117607000000,250,true,1.36
"EIB",132021,"/Date(1700547650000)/",18650,500,6241400,117603000000,250,true,1.36
"EIB",132021,"/Date(1700547650000)/",18650,100,6240900,117594000000,250,true,1.36
"EIB",132021,"/Date(1700547650000)/",18650,30000,6240800,117592000000,250,true,1.36
"EIB",132021,"/Date(1700547650000)/",18650,2000,6210800,117032000000,250,true,1.36
"EIB",132021,"/Date(1700547650000)/",18650,1900,6208800,116995000000,250,true,1.36
"EIB",132015,"/Date(1700547645000)/",18700,4000,6206900,116960000000,300,false,1.63
"EIB",131956,"/Date(1700547625000)/",18700,3400,6202900,116885000000,300,false,1.63
"EIB",131956,"/Date(1700547625000)/",18700,600,6199500,116821000000,300,false,1.63
"EIB",131946,"/Date(1700547615000)/",18700,600,6198900,116810000000,300,false,1.63
"EIB",131930,"/Date(1700547600000)/",18700,100,6198300,116799000000,300,false,1.63
"EIB",131924,"/Date(1700547594000)/",18700,500,6198200,116797000000,300,true,1.63
"EIB",131924,"/Date(1700547594000)/",18700,400,6197700,116788000000,300,true,1.63
"EIB",131924,"/Date(1700547594000)/",18700,15000,6197300,116780000000,300,true,1.63
"EIB",131924,"/Date(1700547594000)/",18700,1000,6182300,116500000000,300,true,1.63
"EIB",131924,"/Date(1700547594000)/",18700,1000,6181300,116481000000,300,true,1.63
"EIB",131924,"/Date(1700547594000)/",18700,300,6180300,116462000000,300,true,1.63
"EIB",131924,"/Date(1700547594000)/",18700,500,6180000,116457000000,300,true,1.63
"EIB",131901,"/Date(1700547572000)/",18750,500,6179500,116447000000,350,false,1.9
"EIB",131855,"/Date(1700547564000)/",18700,19000,6179000,116438000000,300,true,1.63
"EIB",131845,"/Date(1700547556000)/",18750,1000,6160000,116083000000,350,false,1.9
"EIB",131823,"/Date(1700547532000)/",18750,5000,6159000,116064000000,350,false,1.9
"EIB",131801,"/Date(1700547509000)/",18750,1000,6154000,115970000000,350,false,1.9
"EIB",131757,"/Date(1700547507000)/",18750,4900,6153000,115951000000,350,false,1.9
"EIB",131745,"/Date(1700547495000)/",18750,100,6148100,115859000000,350,false,1.9
"EIB",131735,"/Date(1700547484000)/",18750,1000,6148000,115858000000,350,true,1.9
"EIB",131713,"/Date(1700547462000)/",18750,3000,6147000,115839000000,350,true,1.9
"EIB",131713,"/Date(1700547462000)/",18750,3000,6144000,115783000000,350,true,1.9
"EIB",131713,"/Date(1700547462000)/",18750,1800,6141000,115726000000,350,true,1.9
"EIB",131713,"/Date(1700547462000)/",18750,1900,6139200,115693000000,350,true,1.9
"EIB",131644,"/Date(1700547432000)/",18750,500,6137300,115657000000,350,false,1.9
"EIB",131638,"/Date(1700547428000)/",18750,100,6136800,115648000000,350,false,1.9
"EIB",131619,"/Date(1700547406000)/",18700,30500,6136700,115646000000,300,true,1.63
"EIB",131619,"/Date(1700547406000)/",18700,2000,6106200,115075000000,300,true,1.63
"EIB",131619,"/Date(1700547406000)/",18700,500,6104200,115038000000,300,true,1.63
"EIB",131619,"/Date(1700547406000)/",18700,100,6103700,115029000000,300,true,1.63
"EIB",131619,"/Date(1700547406000)/",18700,200,6103600,115027000000,300,true,1.63
"EIB",131619,"/Date(1700547406000)/",18700,400,6103400,115023000000,300,true,1.63
"EIB",131619,"/Date(1700547406000)/",18700,300,6103000,115016000000,300,true,1.63
"EIB",131556,"/Date(1700547385000)/",18750,100,6102700,115010000000,350,true,1.9
"EIB",131556,"/Date(1700547385000)/",18750,7400,6102600,115008000000,350,true,1.9
"EIB",131540,"/Date(1700547371000)/",18750,500,6095200,114869000000,350,true,1.9
"EIB",131531,"/Date(1700547360000)/",18750,1000,6094700,114860000000,350,true,1.9
"EIB",131521,"/Date(1700547351000)/",18750,1100,6093700,114841000000,350,true,1.9
"EIB",131521,"/Date(1700547351000)/",18750,500,6092600,114821000000,350,true,1.9
"EIB",131521,"/Date(1700547351000)/",18750,400,6092100,114811000000,350,true,1.9
"EIB",131521,"/Date(1700547351000)/",18750,100,6091700,114804000000,350,true,1.9
"EIB",131521,"/Date(1700547351000)/",18750,5000,6091600,114802000000,350,true,1.9
"EIB",131521,"/Date(1700547351000)/",18750,100,6086600,114708000000,350,true,1.9
"EIB",131521,"/Date(1700547351000)/",18750,600,6086500,114706000000,350,true,1.9
"EIB",131521,"/Date(1700547351000)/",18750,12200,6085900,114695000000,350,true,1.9
"EIB",131456,"/Date(1700547323000)/",18750,600,6073700,114466000000,350,true,1.9
"EIB",131420,"/Date(1700547290000)/",18750,100,6073100,114455000000,350,true,1.9
"EIB",131420,"/Date(1700547290000)/",18750,7100,6073000,114453000000,350,true,1.9
"EIB",131420,"/Date(1700547290000)/",18750,2900,6065900,114320000000,350,true,1.9
"EIB",131414,"/Date(1700547283000)/",18750,1000,6063000,114266000000,350,true,1.9
"EIB",131401,"/Date(1700547271000)/",18750,100,6062000,114247000000,350,true,1.9
"EIB",131401,"/Date(1700547271000)/",18750,700,6061900,114245000000,350,true,1.9
"EIB",131358,"/Date(1700547268000)/",18750,3000,6061200,114232000000,350,true,1.9
"EIB",131348,"/Date(1700547258000)/",18750,6300,6058200,114176000000,350,true,1.9
"EIB",131348,"/Date(1700547258000)/",18750,27600,6051900,114057000000,350,true,1.9
"EIB",131348,"/Date(1700547258000)/",18750,7100,6024300,113540000000,350,true,1.9
"EIB",131348,"/Date(1700547258000)/",18750,5000,6017200,113407000000,350,true,1.9
"EIB",131348,"/Date(1700547258000)/",18750,4000,6012200,113313000000,350,true,1.9
"EIB",131323,"/Date(1700547231000)/",18750,1400,6008200,113238000000,350,true,1.9
"EIB",131304,"/Date(1700547213000)/",18800,16800,6006800,113212000000,400,false,2.17
"EIB",131206,"/Date(1700547155000)/",18750,2000,5990000,112896000000,350,true,1.9
"EIB",131144,"/Date(1700547132000)/",18750,300,5988000,112858000000,350,true,1.9
"EIB",131103,"/Date(1700547091000)/",18750,100,5987700,112853000000,350,true,1.9
"EIB",131103,"/Date(1700547091000)/",18750,2200,5987600,112851000000,350,true,1.9
"EIB",131056,"/Date(1700547086000)/",18750,5000,5985400,112810000000,350,false,1.9
"EIB",131043,"/Date(1700547072000)/",18750,500,5980400,112716000000,350,true,1.9
"EIB",131043,"/Date(1700547072000)/",18750,500,5979900,112707000000,350,true,1.9
"EIB",131043,"/Date(1700547072000)/",18750,5000,5979400,112697000000,350,true,1.9
"EIB",131043,"/Date(1700547072000)/",18750,100,5974400,112603000000,350,true,1.9
"EIB",131043,"/Date(1700547072000)/",18750,100,5974300,112602000000,350,true,1.9
"EIB",131043,"/Date(1700547072000)/",18750,10000,5974200,112600000000,350,true,1.9
"EIB",131043,"/Date(1700547072000)/",18750,26600,5964200,112412000000,350,true,1.9
"EIB",131021,"/Date(1700547051000)/",18750,100,5937600,111913000000,350,true,1.9
"EIB",131005,"/Date(1700547035000)/",18750,200,5937500,111912000000,350,true,1.9
"EIB",130946,"/Date(1700547014000)/",18750,500,5937300,111908000000,350,true,1.9
"EIB",130943,"/Date(1700547012000)/",18800,1000,5936800,111898000000,400,false,2.17
"EIB",130914,"/Date(1700546984000)/",18800,2600,5935800,111880000000,400,false,2.17
"EIB",130858,"/Date(1700546968000)/",18800,2000,5933200,111831000000,400,true,2.17
"EIB",130858,"/Date(1700546968000)/",18800,500,5931200,111793000000,400,true,2.17
"EIB",130858,"/Date(1700546968000)/",18800,100,5930700,111784000000,400,true,2.17
"EIB",130842,"/Date(1700546950000)/",18800,20000,5930600,111782000000,400,true,2.17
"EIB",130842,"/Date(1700546949000)/",18850,600,5910600,111406000000,450,false,2.45
"EIB",130820,"/Date(1700546929000)/",18800,100,5910000,111395000000,400,true,2.17
"EIB",130813,"/Date(1700546921000)/",18800,1000,5909900,111393000000,400,false,2.17
"EIB",130813,"/Date(1700546921000)/",18800,22000,5908900,111374000000,400,false,2.17
"EIB",130813,"/Date(1700546921000)/",18800,9000,5886900,110960000000,400,false,2.17
"EIB",130813,"/Date(1700546921000)/",18800,600,5877900,110791000000,400,false,2.17
"EIB",130813,"/Date(1700546921000)/",18800,2000,5877300,110780000000,400,false,2.17
"EIB",130813,"/Date(1700546921000)/",18800,12300,5875300,110742000000,400,false,2.17
"EIB",130813,"/Date(1700546921000)/",18800,1000,5863000,110511000000,400,false,2.17
"EIB",130813,"/Date(1700546921000)/",18800,100,5862000,110492000000,400,false,2.17
"EIB",130813,"/Date(1700546921000)/",18800,200,5861900,110490000000,400,false,2.17
"EIB",130813,"/Date(1700546921000)/",18800,600,5861700,110487000000,400,false,2.17
"EIB",130804,"/Date(1700546913000)/",18800,1400,5861100,110475000000,400,false,2.17
"EIB",130804,"/Date(1700546913000)/",18800,100,5859700,110449000000,400,false,2.17
"EIB",130804,"/Date(1700546913000)/",18800,500,5859600,110447000000,400,false,2.17
"EIB",130804,"/Date(1700546913000)/",18800,3000,5859100,110438000000,400,false,2.17
"EIB",130804,"/Date(1700546913000)/",18800,500,5856100,110381000000,400,false,2.17
"EIB",130804,"/Date(1700546913000)/",18800,500,5855600,110372000000,400,false,2.17
"EIB",130732,"/Date(1700546881000)/",18750,12600,5855100,110362000000,350,false,1.9
"EIB",130722,"/Date(1700546872000)/",18750,19100,5842500,110126000000,350,false,1.9
"EIB",130722,"/Date(1700546872000)/",18750,200,5823400,109768000000,350,false,1.9
"EIB",130722,"/Date(1700546872000)/",18750,20000,5823200,109764000000,350,false,1.9
"EIB",130722,"/Date(1700546872000)/",18750,200,5803200,109389000000,350,false,1.9
"EIB",130722,"/Date(1700546872000)/",18750,200,5803000,109386000000,350,false,1.9
"EIB",130722,"/Date(1700546872000)/",18750,1000,5802800,109382000000,350,false,1.9
"EIB",130722,"/Date(1700546872000)/",18750,9300,5801800,109363000000,350,false,1.9
"EIB",130700,"/Date(1700546848000)/",18700,1000,5792500,109189000000,300,true,1.63
"EIB",130635,"/Date(1700546823000)/",18700,100,5791500,109170000000,300,true,1.63
"EIB",130635,"/Date(1700546823000)/",18700,2400,5791400,109168000000,300,true,1.63
"EIB",130628,"/Date(1700546816000)/",18700,5000,5789000,109123000000,300,false,1.63
"EIB",130625,"/Date(1700546814000)/",18700,200,5784000,109030000000,300,false,1.63
"EIB",130622,"/Date(1700546809000)/",18700,5000,5783800,109026000000,300,false,1.63
"EIB",130619,"/Date(1700546806000)/",18700,3000,5778800,108933000000,300,false,1.63
"EIB",130612,"/Date(1700546799000)/",18700,16400,5775800,108876000000,300,false,1.63
"EIB",130612,"/Date(1700546799000)/",18700,3000,5759400,108570000000,300,false,1.63
"EIB",130612,"/Date(1700546799000)/",18700,600,5756400,108514000000,300,false,1.63
"EIB",130603,"/Date(1700546790000)/",18700,1000,5755800,108502000000,300,false,1.63
"EIB",130603,"/Date(1700546790000)/",18700,100,5754800,108484000000,300,false,1.63
"EIB",130603,"/Date(1700546790000)/",18700,10000,5754700,108482000000,300,false,1.63
"EIB",130603,"/Date(1700546790000)/",18700,100,5744700,108295000000,300,false,1.63
"EIB",130603,"/Date(1700546790000)/",18700,100,5744600,108293000000,300,false,1.63
"EIB",130603,"/Date(1700546790000)/",18700,3100,5744500,108291000000,300,false,1.63
"EIB",130553,"/Date(1700546782000)/",18700,4800,5741400,108233000000,300,true,1.63
"EIB",130553,"/Date(1700546780000)/",18700,900,5736600,108143000000,300,true,1.63
"EIB",130550,"/Date(1700546779000)/",18700,11200,5735700,108127000000,300,true,1.63
"EIB",130550,"/Date(1700546779000)/",18700,2200,5724500,107917000000,300,true,1.63
"EIB",130528,"/Date(1700546756000)/",18750,500,5722300,107876000000,350,false,1.9
"EIB",130521,"/Date(1700546749000)/",18700,3000,5721800,107867000000,300,true,1.63
"EIB",130440,"/Date(1700546708000)/",18700,200,5718800,107811000000,300,true,1.63
"EIB",130437,"/Date(1700546705000)/",18700,3500,5718600,107807000000,300,false,1.63
"EIB",130437,"/Date(1700546704000)/",18700,1100,5715100,107741000000,300,false,1.63
"EIB",130433,"/Date(1700546701000)/",18700,1000,5714000,107721000000,300,true,1.63
"EIB",130433,"/Date(1700546701000)/",18700,100,5713000,107702000000,300,true,1.63
"EIB",130433,"/Date(1700546701000)/",18700,17800,5712900,107700000000,300,true,1.63
"EIB",130421,"/Date(1700546689000)/",18700,100,5695100,107367000000,300,true,1.63
"EIB",130421,"/Date(1700546689000)/",18700,100,5695000,107365000000,300,true,1.63
"EIB",130421,"/Date(1700546689000)/",18700,1000,5694900,107364000000,300,true,1.63
"EIB",130421,"/Date(1700546689000)/",18700,100,5693900,107345000000,300,true,1.63
"EIB",130421,"/Date(1700546689000)/",18700,100,5693800,107343000000,300,true,1.63
"EIB",130421,"/Date(1700546689000)/",18700,500,5693700,107341000000,300,true,1.63
"EIB",130421,"/Date(1700546689000)/",18700,300,5693200,107332000000,300,true,1.63
"EIB",130417,"/Date(1700546686000)/",18700,200,5692900,107326000000,300,false,1.63
"EIB",130411,"/Date(1700546680000)/",18650,100,5692700,107322000000,250,true,1.36
"EIB",130408,"/Date(1700546676000)/",18700,9500,5692600,107321000000,300,false,1.63
"EIB",130408,"/Date(1700546676000)/",18700,200,5683100,107143000000,300,false,1.63
"EIB",130408,"/Date(1700546676000)/",18700,300,5682900,107139000000,300,false,1.63
"EIB",130408,"/Date(1700546675000)/",18700,10000,5682600,107134000000,300,false,1.63
"EIB",130401,"/Date(1700546669000)/",18700,2000,5672600,106947000000,300,false,1.63
"EIB",130352,"/Date(1700546660000)/",18650,500,5670600,106909000000,250,true,1.36
"EIB",130352,"/Date(1700546660000)/",18650,300,5670100,106900000000,250,true,1.36
"EIB",130352,"/Date(1700546660000)/",18650,1500,5669800,106894000000,250,true,1.36
"EIB",130352,"/Date(1700546660000)/",18650,1900,5668300,106866000000,250,true,1.36
"EIB",130345,"/Date(1700546652000)/",18650,1000,5666400,106831000000,250,false,1.36
"EIB",130342,"/Date(1700546650000)/",18650,10000,5665400,106812000000,250,false,1.36
"EIB",130339,"/Date(1700546646000)/",18650,1000,5655400,106626000000,250,false,1.36
"EIB",130332,"/Date(1700546640000)/",18600,100,5654400,106607000000,200,true,1.09
"EIB",130323,"/Date(1700546631000)/",18650,100,5654300,106605000000,250,false,1.36
"EIB",130323,"/Date(1700546631000)/",18650,300,5654200,106603000000,250,false,1.36
"EIB",130320,"/Date(1700546626000)/",18650,100,5653900,106598000000,250,true,1.36
"EIB",130320,"/Date(1700546626000)/",18650,2000,5653800,106596000000,250,true,1.36
"EIB",130320,"/Date(1700546626000)/",18650,1300,5651800,106559000000,250,true,1.36
"EIB",130320,"/Date(1700546626000)/",18650,100,5650500,106534000000,250,true,1.36
"EIB",130320,"/Date(1700546626000)/",18650,400,5650400,106532000000,250,true,1.36
"EIB",130320,"/Date(1700546626000)/",18650,1800,5650000,106525000000,250,true,1.36
"EIB",130313,"/Date(1700546621000)/",18650,200,5648200,106491000000,250,true,1.36
"EIB",130313,"/Date(1700546621000)/",18650,200,5648000,106488000000,250,true,1.36
"EIB",130304,"/Date(1700546612000)/",18650,2800,5647800,106484000000,250,true,1.36
"EIB",130304,"/Date(1700546612000)/",18650,300,5645000,106432000000,250,true,1.36
"EIB",130304,"/Date(1700546612000)/",18650,5400,5644700,106426000000,250,true,1.36
"EIB",130254,"/Date(1700546601000)/",18650,1400,5639300,106325000000,250,true,1.36
"EIB",130254,"/Date(1700546601000)/",18650,400,5637900,106299000000,250,true,1.36
"EIB",130254,"/Date(1700546601000)/",18650,1500,5637500,106292000000,250,true,1.36
"EIB",130254,"/Date(1700546601000)/",18650,1000,5636000,106264000000,250,true,1.36
"EIB",130254,"/Date(1700546601000)/",18650,5000,5635000,106245000000,250,true,1.36
"EIB",130254,"/Date(1700546601000)/",18650,300,5630000,106152000000,250,true,1.36
"EIB",130254,"/Date(1700546601000)/",18650,2000,5629700,106146000000,250,true,1.36
"EIB",130254,"/Date(1700546601000)/",18650,2000,5627700,106109000000,250,true,1.36
"EIB",130254,"/Date(1700546601000)/",18650,1000,5625700,106072000000,250,true,1.36
"EIB",130254,"/Date(1700546601000)/",18650,4000,5624700,106053000000,250,true,1.36
"EIB",130254,"/Date(1700546601000)/",18650,10000,5620700,105979000000,250,true,1.36
"EIB",130254,"/Date(1700546601000)/",18650,100,5610700,105792000000,250,true,1.36
"EIB",130254,"/Date(1700546601000)/",18650,1000,5610600,105790000000,250,true,1.36
"EIB",130254,"/Date(1700546601000)/",18650,200,5609600,105772000000,250,true,1.36
"EIB",130254,"/Date(1700546601000)/",18650,500,5609400,105768000000,250,true,1.36
"EIB",130254,"/Date(1700546601000)/",18650,1000,5608900,105758000000,250,true,1.36
"EIB",130254,"/Date(1700546601000)/",18650,100,5607900,105740000000,250,true,1.36
"EIB",130254,"/Date(1700546601000)/",18650,300,5607800,105738000000,250,true,1.36
"EIB",130254,"/Date(1700546601000)/",18650,5000,5607500,105732000000,250,true,1.36
"EIB",130254,"/Date(1700546601000)/",18650,1000,5602500,105639000000,250,true,1.36
"EIB",130254,"/Date(1700546601000)/",18650,2200,5601500,105620000000,250,true,1.36
"EIB",130238,"/Date(1700546587000)/",18650,1500,5599300,105579000000,250,true,1.36
"EIB",130238,"/Date(1700546585000)/",18700,1500,5597800,105551000000,300,false,1.63
"EIB",130235,"/Date(1700546584000)/",18650,1000,5596300,105523000000,250,true,1.36
"EIB",130219,"/Date(1700546567000)/",18700,100,5595300,105505000000,300,false,1.63
"EIB",130209,"/Date(1700546559000)/",18700,3000,5595200,105503000000,300,false,1.63
"EIB",130153,"/Date(1700546541000)/",18700,100,5592200,105447000000,300,true,1.63
"EIB",130153,"/Date(1700546541000)/",18700,1000,5592100,105445000000,300,true,1.63
"EIB",130153,"/Date(1700546541000)/",18700,2000,5591100,105426000000,300,true,1.63
"EIB",130138,"/Date(1700546520000)/",18700,20000,5589100,105389000000,300,true,1.63
"EIB",130106,"/Date(1700546495000)/",18700,100,5569100,105015000000,300,false,1.63
"EIB",130106,"/Date(1700546495000)/",18700,6500,5569000,105013000000,300,false,1.63
"EIB",130106,"/Date(1700546495000)/",18700,1000,5562500,104891000000,300,false,1.63
"EIB",130106,"/Date(1700546495000)/",18700,400,5561500,104873000000,300,false,1.63
"EIB",130031,"/Date(1700546453000)/",18700,1000,5561100,104865000000,300,false,1.63
"EIB",130031,"/Date(1700546453000)/",18700,200,5560100,104847000000,300,false,1.63
"EIB",130027,"/Date(1700546452000)/",18700,400,5559900,104843000000,300,true,1.63
"EIB",130027,"/Date(1700546443000)/",18700,400,5559500,104835000000,300,true,1.63
"EIB",130027,"/Date(1700546443000)/",18700,1000,5559100,104828000000,300,true,1.63
"EIB",130027,"/Date(1700546443000)/",18700,200,5558100,104809000000,300,true,1.63
"EIB",130027,"/Date(1700546443000)/",18700,100,5557900,104805000000,300,true,1.63
"EIB",130027,"/Date(1700546443000)/",18700,100,5557800,104804000000,300,true,1.63
"EIB",130027,"/Date(1700546443000)/",18700,1000,5557700,104802000000,300,true,1.63
"EIB",130027,"/Date(1700546443000)/",18700,1000,5556700,104783000000,300,true,1.63
"EIB",130027,"/Date(1700546443000)/",18700,200,5555700,104764000000,300,true,1.63
"EIB",130027,"/Date(1700546443000)/",18700,600,5555500,104760000000,300,true,1.63
"EIB",130027,"/Date(1700546443000)/",18700,100,5554900,104749000000,300,true,1.63
"EIB",130027,"/Date(1700546443000)/",18700,100,5554800,104747000000,300,true,1.63
"EIB",130027,"/Date(1700546443000)/",18700,4600,5554700,104746000000,300,true,1.63
"EIB",130027,"/Date(1700546443000)/",18700,5000,5550100,104660000000,300,true,1.63
"EIB",130027,"/Date(1700546443000)/",18700,1000,5545100,104566000000,300,true,1.63
"EIB",130027,"/Date(1700546443000)/",18700,600,5544100,104547000000,300,true,1.63
"EIB",130027,"/Date(1700546443000)/",18750,9100,5543500,104536000000,350,false,1.9
"EIB",130024,"/Date(1700546430000)/",18700,5000,5534400,104365000000,300,true,1.63
"EIB",130024,"/Date(1700546426000)/",18700,1000,5529400,104272000000,300,true,1.63
"EIB",130021,"/Date(1700546420000)/",18700,1000,5528400,104253000000,300,true,1.63
"EIB",130021,"/Date(1700546420000)/",18700,500,5527400,104235000000,300,true,1.63
"EIB",130021,"/Date(1700546417000)/",18700,300,5526900,104225000000,300,true,1.63
"EIB",130021,"/Date(1700546417000)/",18700,1000,5526600,104220000000,300,true,1.63
"EIB",130018,"/Date(1700546413000)/",18700,300,5525600,104201000000,300,true,1.63
"EIB",130018,"/Date(1700546412000)/",18700,300,5525300,104195000000,300,true,1.63
"EIB",130018,"/Date(1700546412000)/",18700,1000,5525000,104190000000,300,true,1.63
"EIB",130018,"/Date(1700546412000)/",18700,300,5524000,104171000000,300,true,1.63
"EIB",130018,"/Date(1700546412000)/",18700,3300,5523700,104165000000,300,true,1.63
"EIB",130018,"/Date(1700546412000)/",18700,3700,5520400,104104000000,300,true,1.63
"EIB",130018,"/Date(1700546412000)/",18700,500,5516700,104034000000,300,true,1.63
"EIB",130018,"/Date(1700546412000)/",18700,500,5516200,104025000000,300,true,1.63
"EIB",130018,"/Date(1700546412000)/",18700,100,5515700,104016000000,300,true,1.63
"EIB",130018,"/Date(1700546412000)/",18700,5200,5515600,104014000000,300,true,1.63
"EIB",130018,"/Date(1700546412000)/",18700,800,5510400,103917000000,300,true,1.63
"EIB",130018,"/Date(1700546411000)/",18700,1000,5509600,103902000000,300,true,1.63
"EIB",130015,"/Date(1700546407000)/",18700,500,5508600,103883000000,300,true,1.63
"EIB",130012,"/Date(1700546405000)/",18700,2000,5508100,103874000000,300,true,1.63
"EIB",130012,"/Date(1700546405000)/",18700,100,5506100,103836000000,300,true,1.63
"EIB",130012,"/Date(1700546404000)/",18700,500,5506000,103834000000,300,true,1.63
"EIB",130012,"/Date(1700546404000)/",18700,200,5505500,103825000000,300,true,1.63
"EIB",130012,"/Date(1700546403000)/",18700,1100,5505300,103821000000,300,true,1.63
"EIB",130008,"/Date(1700546403000)/",18700,3000,5504200,103801000000,300,true,1.63
"EIB",130008,"/Date(1700546402000)/",18750,800,5501200,103745000000,350,false,1.9
"EIB",130008,"/Date(1700546402000)/",18700,100,5500400,103730000000,300,true,1.63
"EIB",130008,"/Date(1700546402000)/",18700,10000,5500300,103728000000,300,true,1.63
"EIB",130005,"/Date(1700546401000)/",18700,100,5490300,103541000000,300,true,1.63
"EIB",130002,"/Date(1700546401000)/",18700,100,5490200,103539000000,300,true,1.63
"EIB",130002,"/Date(1700546401000)/",18700,1000,5490100,103537000000,300,true,1.63
"EIB",130002,"/Date(1700546401000)/",18700,51000,5489100,103518000000,300,true,1.63
"EIB",112853,"/Date(1700540953000)/",18750,300,5438100,102565000000,350,false,1.9
"EIB",112840,"/Date(1700540940000)/",18750,100,5437800,102559000000,350,true,1.9
"EIB",112840,"/Date(1700540938000)/",18750,200,5437700,102557000000,350,true,1.9
"EIB",112828,"/Date(1700540928000)/",18750,300,5437500,102553000000,350,true,1.9
"EIB",112828,"/Date(1700540928000)/",18750,100,5437200,102548000000,350,true,1.9
"EIB",112828,"/Date(1700540928000)/",18750,1000,5437100,102546000000,350,true,1.9
"EIB",112828,"/Date(1700540928000)/",18750,500,5436100,102527000000,350,true,1.9
"EIB",112825,"/Date(1700540923000)/",18700,100,5435600,102518000000,300,true,1.63
"EIB",112825,"/Date(1700540923000)/",18750,100,5435500,102516000000,350,false,1.9
"EIB",112818,"/Date(1700540916000)/",18750,2500,5435400,102514000000,350,false,1.9
"EIB",112759,"/Date(1700540898000)/",18750,2500,5432900,102467000000,350,false,1.9
"EIB",112714,"/Date(1700540854000)/",18750,2000,5430400,102420000000,350,false,1.9
"EIB",112626,"/Date(1700540805000)/",18750,2400,5428400,102383000000,350,false,1.9
"EIB",112626,"/Date(1700540805000)/",18750,2600,5426000,102338000000,350,false,1.9
"EIB",112545,"/Date(1700540763000)/",18750,1000,5423400,102289000000,350,false,1.9
"EIB",112507,"/Date(1700540725000)/",18750,100,5422400,102270000000,350,true,1.9
"EIB",112507,"/Date(1700540725000)/",18750,2000,5422300,102268000000,350,true,1.9
"EIB",112507,"/Date(1700540725000)/",18750,100,5420300,102231000000,350,true,1.9
"EIB",112507,"/Date(1700540725000)/",18750,1000,5420200,102229000000,350,true,1.9
"EIB",112507,"/Date(1700540725000)/",18750,3200,5419200,102210000000,350,true,1.9
"EIB",112432,"/Date(1700540690000)/",18750,6800,5416000,102150000000,350,true,1.9
"EIB",112432,"/Date(1700540690000)/",18750,3200,5409200,102023000000,350,true,1.9
"EIB",112419,"/Date(1700540676000)/",18750,200,5406000,101963000000,350,true,1.9
"EIB",112249,"/Date(1700540588000)/",18750,500,5405800,101959000000,350,true,1.9
"EIB",112233,"/Date(1700540574000)/",18800,1000,5405300,101950000000,400,false,2.17
"EIB",112158,"/Date(1700540537000)/",18750,16000,5404300,101931000000,350,true,1.9
"EIB",112158,"/Date(1700540537000)/",18800,14000,5388300,101631000000,400,false,2.17
"EIB",112152,"/Date(1700540530000)/",18800,1000,5374300,101368000000,400,true,2.17
"EIB",112127,"/Date(1700540505000)/",18800,3000,5373300,101349000000,400,true,2.17
"EIB",112123,"/Date(1700540504000)/",18800,6600,5370300,101292000000,400,true,2.17
"EIB",112123,"/Date(1700540504000)/",18800,20000,5363700,101168000000,400,true,2.17
"EIB",112123,"/Date(1700540504000)/",18800,400,5343700,100792000000,400,true,2.17
"EIB",112123,"/Date(1700540504000)/",18800,5000,5343300,100785000000,400,true,2.17
"EIB",112042,"/Date(1700540460000)/",18750,100,5338300,100691000000,350,true,1.9
"EIB",112042,"/Date(1700540460000)/",18750,100,5338200,100689000000,350,true,1.9
"EIB",112020,"/Date(1700540440000)/",18750,800,5338100,100687000000,350,true,1.9
"EIB",112020,"/Date(1700540440000)/",18750,600,5337300,100672000000,350,true,1.9
"EIB",112020,"/Date(1700540440000)/",18750,400,5336700,100661000000,350,true,1.9
"EIB",112020,"/Date(1700540440000)/",18750,200,5336300,100653000000,350,true,1.9
"EIB",112020,"/Date(1700540440000)/",18750,500,5336100,100650000000,350,true,1.9
"EIB",112020,"/Date(1700540440000)/",18750,47500,5335600,100640000000,350,true,1.9
"EIB",112013,"/Date(1700540431000)/",18750,2500,5288100,99750000000,350,true,1.9
"EIB",112013,"/Date(1700540431000)/",18750,1000,5285600,99703000000,350,true,1.9
"EIB",112013,"/Date(1700540431000)/",18750,2000,5284600,99684000000,350,true,1.9
"EIB",112013,"/Date(1700540431000)/",18750,5000,5282600,99646000000,350,true,1.9
"EIB",112013,"/Date(1700540431000)/",18750,100,5277600,99553000000,350,true,1.9
"EIB",112013,"/Date(1700540431000)/",18750,300,5277500,99551000000,350,true,1.9
"EIB",112013,"/Date(1700540431000)/",18750,200,5277200,99545000000,350,true,1.9
"EIB",112013,"/Date(1700540431000)/",18750,100,5277000,99541000000,350,true,1.9
"EIB",112013,"/Date(1700540431000)/",18750,200,5276900,99540000000,350,true,1.9
"EIB",112013,"/Date(1700540431000)/",18750,1000,5276700,99536000000,350,true,1.9
"EIB",112013,"/Date(1700540431000)/",18750,2000,5275700,99517000000,350,true,1.9
"EIB",112013,"/Date(1700540431000)/",18750,600,5273700,99480000000,350,true,1.9
"EIB",112013,"/Date(1700540431000)/",18750,100,5273100,99468000000,350,true,1.9
"EIB",112013,"/Date(1700540431000)/",18750,10000,5273000,99466000000,350,true,1.9
"EIB",112013,"/Date(1700540431000)/",18750,1000,5263000,99279000000,350,true,1.9
"EIB",112013,"/Date(1700540431000)/",18750,4000,5262000,99260000000,350,true,1.9
"EIB",112013,"/Date(1700540431000)/",18750,200,5258000,99185000000,350,true,1.9
"EIB",112013,"/Date(1700540431000)/",18750,5000,5257800,99181000000,350,true,1.9
"EIB",112013,"/Date(1700540431000)/",18750,1000,5252800,99088000000,350,true,1.9
"EIB",112013,"/Date(1700540431000)/",18750,5000,5251800,99069000000,350,true,1.9
"EIB",112013,"/Date(1700540431000)/",18750,5000,5246800,98975000000,350,true,1.9
"EIB",112013,"/Date(1700540431000)/",18750,2000,5241800,98881000000,350,true,1.9
"EIB",112013,"/Date(1700540431000)/",18750,1700,5239800,98844000000,350,true,1.9
"EIB",111812,"/Date(1700540309000)/",18750,300,5238100,98812000000,350,true,1.9
"EIB",111812,"/Date(1700540309000)/",18750,100,5237800,98806000000,350,true,1.9
"EIB",111812,"/Date(1700540309000)/",18750,1100,5237700,98805000000,350,true,1.9
"EIB",111803,"/Date(1700540301000)/",18800,500,5236600,98784000000,400,false,2.17
"EIB",111614,"/Date(1700540191000)/",18800,100,5236100,98775000000,400,false,2.17
"EIB",111614,"/Date(1700540191000)/",18800,300,5236000,98773000000,400,false,2.17
"EIB",111445,"/Date(1700540102000)/",18800,7300,5235700,98767000000,400,true,2.17
"EIB",111445,"/Date(1700540102000)/",18800,300,5228400,98630000000,400,true,2.17
"EIB",111445,"/Date(1700540102000)/",18800,100,5228100,98624000000,400,true,2.17
"EIB",111445,"/Date(1700540102000)/",18800,900,5228000,98622000000,400,true,2.17
"EIB",111445,"/Date(1700540102000)/",18800,500,5227100,98605000000,400,true,2.17
"EIB",111445,"/Date(1700540102000)/",18800,900,5226600,98596000000,400,true,2.17
"EIB",111400,"/Date(1700540059000)/",18850,4100,5225700,98579000000,450,true,2.45
"EIB",111357,"/Date(1700540055000)/",18850,2900,5221600,98502000000,450,false,2.45
"EIB",111357,"/Date(1700540055000)/",18850,3000,5218700,98447000000,450,false,2.45
"EIB",111231,"/Date(1700539970000)/",18850,3900,5215700,98391000000,450,true,2.45
"EIB",111205,"/Date(1700539945000)/",18850,30000,5211800,98317000000,450,false,2.45
"EIB",111205,"/Date(1700539945000)/",18850,100,5181800,97752000000,450,false,2.45
"EIB",111205,"/Date(1700539945000)/",18850,5000,5181700,97750000000,450,false,2.45
"EIB",111205,"/Date(1700539945000)/",18850,1000,5176700,97655000000,450,false,2.45
"EIB",111146,"/Date(1700539923000)/",18800,1200,5175700,97637000000,400,true,2.17
"EIB",111023,"/Date(1700539842000)/",18800,200,5174500,97614000000,400,true,2.17
"EIB",111023,"/Date(1700539842000)/",18800,300,5174300,97610000000,400,true,2.17
