"Stockcode","Package","TradingDate","Price","Vol","TotalVol","TotalVal","Change","IsBuy","PerChange"
"HAG",144424,"/Date(1700552701000)/",9260,896000,10095900,94206000000,-140,true,-1.49
"HAG",142923,"/Date(1700551799000)/",9300,2000,9199900,85909000000,-100,false,-1.06
"HAG",142923,"/Date(1700551799000)/",9300,800,9197900,85890000000,-100,false,-1.06
"HAG",142923,"/Date(1700551799000)/",9300,5000,9197100,85883000000,-100,false,-1.06
"HAG",142923,"/Date(1700551799000)/",9300,400,9192100,85836000000,-100,false,-1.06
"HAG",142923,"/Date(1700551799000)/",9300,2000,9191700,85833000000,-100,false,-1.06
"HAG",142923,"/Date(1700551799000)/",9300,200,9189700,85814000000,-100,false,-1.06
"HAG",142923,"/Date(1700551799000)/",9300,100,9189500,85812000000,-100,false,-1.06
"HAG",142923,"/Date(1700551799000)/",9300,500,9189400,85811000000,-100,false,-1.06
"HAG",142923,"/Date(1700551799000)/",9300,500,9188900,85807000000,-100,false,-1.06
"HAG",142923,"/Date(1700551799000)/",9300,2000,9188400,85802000000,-100,false,-1.06
"HAG",142923,"/Date(1700551799000)/",9300,5000,9186400,85783000000,-100,false,-1.06
"HAG",142923,"/Date(1700551799000)/",9300,1500,9181400,85737000000,-100,false,-1.06
"HAG",142920,"/Date(1700551796000)/",9300,500,9179900,85723000000,-100,false,-1.06
"HAG",142920,"/Date(1700551796000)/",9300,800,9179400,85718000000,-100,false,-1.06
"HAG",142920,"/Date(1700551796000)/",9300,100,9178600,85711000000,-100,false,-1.06
"HAG",142920,"/Date(1700551796000)/",9300,2000,9178500,85710000000,-100,false,-1.06
"HAG",142920,"/Date(1700551796000)/",9300,1100,9176500,85691000000,-100,false,-1.06
"HAG",142920,"/Date(1700551796000)/",9300,4800,9175400,85681000000,-100,false,-1.06
"HAG",142920,"/Date(1700551796000)/",9300,100,9170600,85636000000,-100,false,-1.06
"HAG",142920,"/Date(1700551796000)/",9300,400,9170500,85636000000,-100,false,-1.06
"HAG",142920,"/Date(1700551796000)/",9300,200,9170100,85632000000,-100,false,-1.06
"HAG",142917,"/Date(1700551793000)/",9300,4800,9169900,85630000000,-100,false,-1.06
"HAG",142917,"/Date(1700551793000)/",9300,300,9165100,85585000000,-100,false,-1.06
"HAG",142917,"/Date(1700551793000)/",9300,1000,9164800,85583000000,-100,false,-1.06
"HAG",142917,"/Date(1700551793000)/",9300,600,9163800,85573000000,-100,false,-1.06
"HAG",142917,"/Date(1700551793000)/",9300,100,9163200,85568000000,-100,false,-1.06
"HAG",142917,"/Date(1700551793000)/",9300,1600,9163100,85567000000,-100,false,-1.06
"HAG",142917,"/Date(1700551793000)/",9300,700,9161500,85552000000,-100,false,-1.06
"HAG",142917,"/Date(1700551793000)/",9300,200,9160800,85545000000,-100,false,-1.06
"HAG",142917,"/Date(1700551793000)/",9300,20700,9160600,85543000000,-100,false,-1.06
"HAG",142917,"/Date(1700551792000)/",9300,20000,9139900,85351000000,-100,false,-1.06
"HAG",142917,"/Date(1700551791000)/",9300,3000,9119900,85165000000,-100,false,-1.06
"HAG",142913,"/Date(1700551791000)/",9300,2000,9116900,85137000000,-100,false,-1.06
"HAG",142910,"/Date(1700551785000)/",9290,1000,9114900,85118000000,-110,true,-1.17
"HAG",142907,"/Date(1700551784000)/",9300,3000,9113900,85109000000,-100,false,-1.06
"HAG",142907,"/Date(1700551782000)/",9300,800,9110900,85081000000,-100,false,-1.06
"HAG",142901,"/Date(1700551776000)/",9300,500,9110100,85074000000,-100,false,-1.06
"HAG",142901,"/Date(1700551776000)/",9300,100,9109600,85069000000,-100,false,-1.06
"HAG",142901,"/Date(1700551776000)/",9300,1000,9109500,85068000000,-100,false,-1.06
"HAG",142901,"/Date(1700551776000)/",9300,3000,9108500,85059000000,-100,false,-1.06
"HAG",142901,"/Date(1700551776000)/",9300,100,9105500,85031000000,-100,false,-1.06
"HAG",142901,"/Date(1700551776000)/",9300,300,9105400,85030000000,-100,false,-1.06
"HAG",142848,"/Date(1700551764000)/",9300,200,9105100,85027000000,-100,false,-1.06
"HAG",142848,"/Date(1700551764000)/",9290,300,9104900,85025000000,-110,true,-1.17
"HAG",142828,"/Date(1700551746000)/",9300,500,9104600,85023000000,-100,false,-1.06
"HAG",142828,"/Date(1700551746000)/",9300,500,9104100,85018000000,-100,false,-1.06
"HAG",142819,"/Date(1700551734000)/",9290,2600,9103600,85013000000,-110,true,-1.17
"HAG",142813,"/Date(1700551728000)/",9290,1000,9101000,84989000000,-110,false,-1.17
"HAG",142813,"/Date(1700551728000)/",9290,1300,9100000,84980000000,-110,false,-1.17
"HAG",142809,"/Date(1700551724000)/",9290,1000,9098700,84968000000,-110,false,-1.17
"HAG",142806,"/Date(1700551722000)/",9290,1000,9097700,84959000000,-110,false,-1.17
"HAG",142803,"/Date(1700551718000)/",9290,1000,9096700,84949000000,-110,false,-1.17
"HAG",142753,"/Date(1700551710000)/",9290,500,9095700,84940000000,-110,false,-1.17
"HAG",142753,"/Date(1700551710000)/",9290,200,9095200,84935000000,-110,false,-1.17
"HAG",142750,"/Date(1700551704000)/",9300,4500,9095000,84933000000,-100,false,-1.06
"HAG",142750,"/Date(1700551704000)/",9300,1000,9090500,84892000000,-100,false,-1.06
"HAG",142750,"/Date(1700551704000)/",9300,2000,9089500,84882000000,-100,false,-1.06
"HAG",142750,"/Date(1700551704000)/",9300,1000,9087500,84864000000,-100,false,-1.06
"HAG",142750,"/Date(1700551704000)/",9300,5300,9086500,84854000000,-100,false,-1.06
"HAG",142750,"/Date(1700551704000)/",9300,5500,9081200,84805000000,-100,false,-1.06
"HAG",142737,"/Date(1700551693000)/",9290,5000,9075700,84754000000,-110,true,-1.17
"HAG",142737,"/Date(1700551693000)/",9290,4000,9070700,84708000000,-110,true,-1.17
"HAG",142737,"/Date(1700551693000)/",9290,5000,9066700,84670000000,-110,true,-1.17
"HAG",142737,"/Date(1700551693000)/",9290,1000,9061700,84624000000,-110,true,-1.17
"HAG",142737,"/Date(1700551693000)/",9290,400,9060700,84615000000,-110,true,-1.17
"HAG",142737,"/Date(1700551693000)/",9290,1000,9060300,84611000000,-110,true,-1.17
"HAG",142737,"/Date(1700551693000)/",9290,5000,9059300,84602000000,-110,true,-1.17
"HAG",142737,"/Date(1700551693000)/",9290,5000,9054300,84555000000,-110,true,-1.17
"HAG",142737,"/Date(1700551693000)/",9290,6000,9049300,84509000000,-110,true,-1.17
"HAG",142737,"/Date(1700551693000)/",9290,100,9043300,84453000000,-110,true,-1.17
"HAG",142737,"/Date(1700551693000)/",9290,1000,9043200,84452000000,-110,true,-1.17
"HAG",142737,"/Date(1700551693000)/",9290,200,9042200,84443000000,-110,true,-1.17
"HAG",142715,"/Date(1700551671000)/",9280,5000,9042000,84441000000,-120,true,-1.28
"HAG",142715,"/Date(1700551670000)/",9280,400,9037000,84394000000,-120,true,-1.28
"HAG",142708,"/Date(1700551665000)/",9280,30200,9036600,84391000000,-120,true,-1.28
"HAG",142705,"/Date(1700551662000)/",9280,5700,9006400,84111000000,-120,false,-1.28
"HAG",142659,"/Date(1700551654000)/",9280,1000,9000700,84058000000,-120,false,-1.28
"HAG",142656,"/Date(1700551652000)/",9280,1000,8999700,84048000000,-120,false,-1.28
"HAG",142656,"/Date(1700551652000)/",9280,15000,8998700,84039000000,-120,false,-1.28
"HAG",142656,"/Date(1700551652000)/",9280,300,8983700,83900000000,-120,false,-1.28
"HAG",142656,"/Date(1700551652000)/",9280,2300,8983400,83897000000,-120,false,-1.28
"HAG",142656,"/Date(1700551652000)/",9280,500,8981100,83876000000,-120,false,-1.28
"HAG",142656,"/Date(1700551652000)/",9280,4000,8980600,83871000000,-120,false,-1.28
"HAG",142640,"/Date(1700551637000)/",9280,1000,8976600,83834000000,-120,false,-1.28
"HAG",142640,"/Date(1700551636000)/",9280,600,8975600,83825000000,-120,false,-1.28
"HAG",142640,"/Date(1700551636000)/",9280,1000,8975000,83819000000,-120,false,-1.28
"HAG",142640,"/Date(1700551636000)/",9280,1400,8974000,83810000000,-120,false,-1.28
"HAG",142640,"/Date(1700551635000)/",9280,1000,8972600,83797000000,-120,false,-1.28
"HAG",142640,"/Date(1700551635000)/",9280,1000,8971600,83788000000,-120,false,-1.28
"HAG",142636,"/Date(1700551631000)/",9280,3000,8970600,83778000000,-120,false,-1.28
"HAG",142630,"/Date(1700551625000)/",9280,3400,8967600,83750000000,-120,false,-1.28
"HAG",142627,"/Date(1700551621000)/",9280,200,8964200,83719000000,-120,false,-1.28
"HAG",142624,"/Date(1700551621000)/",9280,800,8964000,83717000000,-120,false,-1.28
"HAG",142624,"/Date(1700551620000)/",9280,200,8963200,83710000000,-120,false,-1.28
"HAG",142624,"/Date(1700551620000)/",9280,500,8963000,83708000000,-120,false,-1.28
"HAG",142624,"/Date(1700551620000)/",9280,3300,8962500,83703000000,-120,false,-1.28
"HAG",142620,"/Date(1700551616000)/",9280,1700,8959200,83673000000,-120,false,-1.28
"HAG",142620,"/Date(1700551616000)/",9280,10000,8957500,83657000000,-120,false,-1.28
"HAG",142620,"/Date(1700551616000)/",9280,17300,8947500,83564000000,-120,false,-1.28
"HAG",142617,"/Date(1700551614000)/",9280,3000,8930200,83403000000,-120,false,-1.28
"HAG",142617,"/Date(1700551612000)/",9280,700,8927200,83376000000,-120,false,-1.28
"HAG",142614,"/Date(1700551610000)/",9280,2000,8926500,83369000000,-120,false,-1.28
"HAG",142614,"/Date(1700551609000)/",9280,500,8924500,83350000000,-120,false,-1.28
"HAG",142611,"/Date(1700551605000)/",9280,4000,8924000,83346000000,-120,false,-1.28
"HAG",142608,"/Date(1700551602000)/",9280,5100,8920000,83309000000,-120,false,-1.28
"HAG",142608,"/Date(1700551602000)/",9280,4900,8914900,83261000000,-120,false,-1.28
"HAG",142604,"/Date(1700551601000)/",9280,100,8910000,83216000000,-120,false,-1.28
"HAG",142604,"/Date(1700551601000)/",9280,400,8909900,83215000000,-120,false,-1.28
"HAG",142601,"/Date(1700551598000)/",9280,1600,8909500,83211000000,-120,false,-1.28
"HAG",142601,"/Date(1700551598000)/",9280,300,8907900,83196000000,-120,false,-1.28
"HAG",142601,"/Date(1700551598000)/",9270,1600,8907600,83194000000,-130,true,-1.38
"HAG",142601,"/Date(1700551598000)/",9270,5000,8906000,83179000000,-130,true,-1.38
"HAG",142601,"/Date(1700551598000)/",9270,1000,8901000,83132000000,-130,true,-1.38
"HAG",142601,"/Date(1700551598000)/",9270,200,8900000,83123000000,-130,true,-1.38
"HAG",142601,"/Date(1700551598000)/",9270,100,8899800,83121000000,-130,true,-1.38
"HAG",142601,"/Date(1700551598000)/",9270,2100,8899700,83120000000,-130,true,-1.38
"HAG",142529,"/Date(1700551566000)/",9280,300,8897600,83101000000,-120,false,-1.28
"HAG",142529,"/Date(1700551566000)/",9280,200,8897300,83098000000,-120,false,-1.28
"HAG",142513,"/Date(1700551547000)/",9270,500,8897100,83096000000,-130,true,-1.38
"HAG",142507,"/Date(1700551542000)/",9270,2400,8896600,83092000000,-130,true,-1.38
"HAG",142507,"/Date(1700551542000)/",9270,600,8894200,83069000000,-130,true,-1.38
"HAG",142507,"/Date(1700551542000)/",9270,2000,8893600,83064000000,-130,true,-1.38
"HAG",142501,"/Date(1700551537000)/",9270,3000,8891600,83045000000,-130,true,-1.38
"HAG",142501,"/Date(1700551537000)/",9270,2000,8888600,83018000000,-130,true,-1.38
"HAG",142457,"/Date(1700551534000)/",9270,500,8886600,82999000000,-130,true,-1.38
"HAG",142454,"/Date(1700551529000)/",9280,100,8886100,82994000000,-120,false,-1.28
"HAG",142451,"/Date(1700551526000)/",9280,3000,8886000,82993000000,-120,false,-1.28
"HAG",142448,"/Date(1700551525000)/",9270,500,8883000,82966000000,-130,true,-1.38
"HAG",142445,"/Date(1700551520000)/",9270,100,8882500,82961000000,-130,true,-1.38
"HAG",142432,"/Date(1700551507000)/",9270,5000,8882400,82960000000,-130,false,-1.38
"HAG",142432,"/Date(1700551507000)/",9270,10000,8877400,82914000000,-130,false,-1.38
"HAG",142432,"/Date(1700551507000)/",9270,1900,8867400,82821000000,-130,false,-1.38
"HAG",142425,"/Date(1700551501000)/",9270,100,8865500,82803000000,-130,false,-1.38
"HAG",142425,"/Date(1700551501000)/",9270,500,8865400,82802000000,-130,false,-1.38
"HAG",142425,"/Date(1700551501000)/",9270,800,8864900,82798000000,-130,false,-1.38
"HAG",142425,"/Date(1700551501000)/",9270,300,8864100,82790000000,-130,false,-1.38
"HAG",142419,"/Date(1700551495000)/",9270,300,8863800,82788000000,-130,false,-1.38
"HAG",142419,"/Date(1700551494000)/",9270,1000,8863500,82785000000,-130,false,-1.38
"HAG",142413,"/Date(1700551488000)/",9270,300,8862500,82776000000,-130,false,-1.38
"HAG",142413,"/Date(1700551488000)/",9270,100,8862200,82773000000,-130,false,-1.38
"HAG",142413,"/Date(1700551487000)/",9270,2000,8862100,82772000000,-130,false,-1.38
"HAG",142413,"/Date(1700551486000)/",9270,4000,8860100,82753000000,-130,false,-1.38
"HAG",142413,"/Date(1700551486000)/",9270,200,8856100,82716000000,-130,false,-1.38
"HAG",142403,"/Date(1700551479000)/",9280,2000,8855900,82714000000,-120,false,-1.28
"HAG",142403,"/Date(1700551477000)/",9270,4000,8853900,82696000000,-130,true,-1.38
"HAG",142403,"/Date(1700551477000)/",9270,100,8849900,82659000000,-130,true,-1.38
"HAG",142403,"/Date(1700551477000)/",9270,1000,8849800,82658000000,-130,true,-1.38
"HAG",142403,"/Date(1700551477000)/",9270,1000,8848800,82649000000,-130,true,-1.38
"HAG",142403,"/Date(1700551477000)/",9270,300,8847800,82639000000,-130,true,-1.38
"HAG",142403,"/Date(1700551477000)/",9270,200,8847500,82636000000,-130,true,-1.38
"HAG",142403,"/Date(1700551477000)/",9270,3400,8847300,82635000000,-130,true,-1.38
"HAG",142353,"/Date(1700551468000)/",9280,1000,8843900,82603000000,-120,false,-1.28
"HAG",142340,"/Date(1700551454000)/",9270,1500,8842900,82594000000,-130,true,-1.38
"HAG",142331,"/Date(1700551446000)/",9280,4000,8841400,82580000000,-120,false,-1.28
"HAG",142331,"/Date(1700551446000)/",9280,1400,8837400,82543000000,-120,false,-1.28
"HAG",142331,"/Date(1700551446000)/",9280,500,8836000,82530000000,-120,false,-1.28
"HAG",142331,"/Date(1700551446000)/",9280,2000,8835500,82525000000,-120,false,-1.28
"HAG",142331,"/Date(1700551446000)/",9280,2100,8833500,82507000000,-120,false,-1.28
"HAG",142331,"/Date(1700551446000)/",9270,500,8831400,82487000000,-130,true,-1.38
"HAG",142315,"/Date(1700551430000)/",9270,200,8830900,82482000000,-130,true,-1.38
"HAG",142302,"/Date(1700551419000)/",9280,1800,8830700,82481000000,-120,false,-1.28
"HAG",142243,"/Date(1700551398000)/",9260,1500,8828900,82464000000,-140,true,-1.49
"HAG",142243,"/Date(1700551398000)/",9260,100,8827400,82450000000,-140,true,-1.49
"HAG",142243,"/Date(1700551398000)/",9260,1000,8827300,82449000000,-140,true,-1.49
"HAG",142243,"/Date(1700551398000)/",9260,500,8826300,82440000000,-140,true,-1.49
"HAG",142243,"/Date(1700551398000)/",9270,1000,8825800,82435000000,-130,false,-1.38
"HAG",142243,"/Date(1700551398000)/",9270,100,8824800,82426000000,-130,false,-1.38
"HAG",142243,"/Date(1700551398000)/",9270,600,8824700,82425000000,-130,false,-1.38
"HAG",142243,"/Date(1700551398000)/",9270,3200,8824100,82419000000,-130,false,-1.38
"HAG",142243,"/Date(1700551398000)/",9270,2800,8820900,82390000000,-130,false,-1.38
"HAG",142243,"/Date(1700551398000)/",9270,500,8818100,82364000000,-130,false,-1.38
"HAG",142243,"/Date(1700551398000)/",9270,100,8817600,82359000000,-130,false,-1.38
"HAG",142243,"/Date(1700551398000)/",9270,500,8817500,82358000000,-130,false,-1.38
"HAG",142243,"/Date(1700551398000)/",9270,300,8817000,82354000000,-130,false,-1.38
"HAG",142243,"/Date(1700551398000)/",9270,5000,8816700,82351000000,-130,false,-1.38
"HAG",142243,"/Date(1700551398000)/",9270,500,8811700,82305000000,-130,false,-1.38
"HAG",142243,"/Date(1700551398000)/",9270,200,8811200,82300000000,-130,false,-1.38
"HAG",142243,"/Date(1700551398000)/",9270,100,8811000,82298000000,-130,false,-1.38
"HAG",142240,"/Date(1700551395000)/",9280,6100,8810900,82297000000,-120,false,-1.28
"HAG",142240,"/Date(1700551395000)/",9280,3900,8804800,82240000000,-120,false,-1.28
"HAG",142233,"/Date(1700551389000)/",9270,500,8800900,82204000000,-130,true,-1.38
"HAG",142230,"/Date(1700551386000)/",9270,5000,8800400,82200000000,-130,true,-1.38
"HAG",142230,"/Date(1700551386000)/",9270,400,8795400,82153000000,-130,true,-1.38
"HAG",142230,"/Date(1700551386000)/",9270,9600,8795000,82150000000,-130,true,-1.38
"HAG",142220,"/Date(1700551377000)/",9280,100,8785400,82061000000,-120,false,-1.28
"HAG",142220,"/Date(1700551377000)/",9280,100,8785300,82060000000,-120,false,-1.28
"HAG",142220,"/Date(1700551374000)/",9280,1200,8785200,82059000000,-120,false,-1.28
"HAG",142204,"/Date(1700551358000)/",9280,1000,8784000,82048000000,-120,false,-1.28
"HAG",142201,"/Date(1700551355000)/",9270,400,8783000,82038000000,-130,true,-1.38
"HAG",142201,"/Date(1700551355000)/",9270,500,8782600,82035000000,-130,true,-1.38
"HAG",142201,"/Date(1700551355000)/",9270,4000,8782100,82030000000,-130,true,-1.38
"HAG",142201,"/Date(1700551355000)/",9270,1000,8778100,81993000000,-130,true,-1.38
"HAG",142201,"/Date(1700551355000)/",9270,1000,8777100,81984000000,-130,true,-1.38
"HAG",142201,"/Date(1700551355000)/",9270,2000,8776100,81974000000,-130,true,-1.38
"HAG",142201,"/Date(1700551355000)/",9270,300,8774100,81956000000,-130,true,-1.38
"HAG",142201,"/Date(1700551355000)/",9270,800,8773800,81953000000,-130,true,-1.38
"HAG",142201,"/Date(1700551355000)/",9280,1000,8773000,81946000000,-120,false,-1.28
"HAG",142201,"/Date(1700551355000)/",9280,1000,8772000,81936000000,-120,false,-1.28
"HAG",142201,"/Date(1700551355000)/",9280,1000,8771000,81927000000,-120,false,-1.28
"HAG",142201,"/Date(1700551355000)/",9280,400,8770000,81918000000,-120,false,-1.28
"HAG",142201,"/Date(1700551355000)/",9280,100,8769600,81914000000,-120,false,-1.28
"HAG",142201,"/Date(1700551355000)/",9280,4200,8769500,81913000000,-120,false,-1.28
"HAG",142148,"/Date(1700551342000)/",9280,100,8765300,81874000000,-120,true,-1.28
"HAG",142138,"/Date(1700551334000)/",9280,4000,8765200,81873000000,-120,true,-1.28
"HAG",142129,"/Date(1700551322000)/",9280,1700,8761200,81836000000,-120,true,-1.28
"HAG",142125,"/Date(1700551322000)/",9280,200,8759500,81820000000,-120,false,-1.28
"HAG",142122,"/Date(1700551318000)/",9280,1200,8759300,81819000000,-120,false,-1.28
"HAG",142122,"/Date(1700551318000)/",9280,800,8758100,81807000000,-120,false,-1.28
"HAG",142119,"/Date(1700551316000)/",9280,5200,8757300,81800000000,-120,false,-1.28
"HAG",142116,"/Date(1700551310000)/",9280,100,8752100,81752000000,-120,false,-1.28
"HAG",142106,"/Date(1700551301000)/",9280,3900,8752000,81751000000,-120,false,-1.28
"HAG",142106,"/Date(1700551301000)/",9280,2000,8748100,81715000000,-120,false,-1.28
"HAG",142106,"/Date(1700551301000)/",9280,2000,8746100,81696000000,-120,false,-1.28
"HAG",142106,"/Date(1700551301000)/",9280,2100,8744100,81677000000,-120,false,-1.28
"HAG",142057,"/Date(1700551292000)/",9270,100,8742000,81658000000,-130,true,-1.38
"HAG",142053,"/Date(1700551290000)/",9270,100,8741900,81657000000,-130,true,-1.38
"HAG",142053,"/Date(1700551290000)/",9270,1900,8741800,81656000000,-130,true,-1.38
"HAG",142053,"/Date(1700551288000)/",9270,1100,8739900,81639000000,-130,true,-1.38
"HAG",142053,"/Date(1700551288000)/",9270,3900,8738800,81628000000,-130,true,-1.38
"HAG",142044,"/Date(1700551278000)/",9270,100,8734900,81592000000,-130,true,-1.38
"HAG",142044,"/Date(1700551278000)/",9270,1000,8734800,81591000000,-130,true,-1.38
"HAG",142044,"/Date(1700551278000)/",9270,5000,8733800,81582000000,-130,true,-1.38
"HAG",142044,"/Date(1700551278000)/",9270,3900,8728800,81536000000,-130,true,-1.38
"HAG",142044,"/Date(1700551277000)/",9280,3700,8724900,81499000000,-120,false,-1.28
"HAG",142044,"/Date(1700551277000)/",9280,3800,8721200,81465000000,-120,false,-1.28
"HAG",142041,"/Date(1700551275000)/",9270,10000,8717400,81430000000,-130,true,-1.38
"HAG",142037,"/Date(1700551272000)/",9280,400,8707400,81337000000,-120,false,-1.28
"HAG",142037,"/Date(1700551271000)/",9270,4000,8707000,81333000000,-130,true,-1.38
"HAG",142031,"/Date(1700551267000)/",9280,500,8703000,81296000000,-120,false,-1.28
"HAG",142021,"/Date(1700551255000)/",9270,1000,8702500,81292000000,-130,true,-1.38
"HAG",142018,"/Date(1700551254000)/",9270,500,8701500,81282000000,-130,true,-1.38
"HAG",142018,"/Date(1700551252000)/",9270,500,8701000,81278000000,-130,true,-1.38
"HAG",142009,"/Date(1700551244000)/",9270,3000,8700500,81273000000,-130,true,-1.38
"HAG",142009,"/Date(1700551243000)/",9280,100,8697500,81245000000,-120,false,-1.28
"HAG",142005,"/Date(1700551240000)/",9270,100,8697400,81244000000,-130,true,-1.38
"HAG",142005,"/Date(1700551240000)/",9270,1000,8697300,81244000000,-130,true,-1.38
"HAG",141953,"/Date(1700551227000)/",9280,200,8696300,81234000000,-120,false,-1.28
"HAG",141953,"/Date(1700551227000)/",9270,600,8696100,81232000000,-130,true,-1.38
"HAG",141949,"/Date(1700551225000)/",9270,4000,8695500,81227000000,-130,true,-1.38
"HAG",141949,"/Date(1700551224000)/",9270,2000,8691500,81190000000,-130,true,-1.38
"HAG",141937,"/Date(1700551212000)/",9270,100,8689500,81171000000,-130,true,-1.38
"HAG",141855,"/Date(1700551170000)/",9270,900,8689400,81170000000,-130,true,-1.38
"HAG",141852,"/Date(1700551168000)/",9280,2000,8688500,81162000000,-120,false,-1.28
"HAG",141849,"/Date(1700551163000)/",9270,600,8686500,81143000000,-130,true,-1.38
"HAG",141836,"/Date(1700551152000)/",9270,1000,8685900,81138000000,-130,true,-1.38
"HAG",141830,"/Date(1700551145000)/",9270,1000,8684900,81129000000,-130,true,-1.38
"HAG",141823,"/Date(1700551137000)/",9270,5200,8683900,81119000000,-130,true,-1.38
"HAG",141823,"/Date(1700551137000)/",9270,100,8678700,81071000000,-130,true,-1.38
"HAG",141823,"/Date(1700551137000)/",9270,2000,8678600,81070000000,-130,true,-1.38
"HAG",141823,"/Date(1700551137000)/",9270,1000,8676600,81052000000,-130,true,-1.38
"HAG",141823,"/Date(1700551137000)/",9270,200,8675600,81042000000,-130,true,-1.38
"HAG",141823,"/Date(1700551137000)/",9270,1000,8675400,81040000000,-130,true,-1.38
"HAG",141823,"/Date(1700551137000)/",9270,500,8674400,81031000000,-130,true,-1.38
"HAG",141804,"/Date(1700551119000)/",9270,100,8673900,81027000000,-130,true,-1.38
"HAG",141758,"/Date(1700551112000)/",9270,400,8673800,81026000000,-130,true,-1.38
"HAG",141758,"/Date(1700551112000)/",9280,100,8673400,81022000000,-120,false,-1.28
"HAG",141758,"/Date(1700551111000)/",9280,500,8673300,81021000000,-120,false,-1.28
"HAG",141754,"/Date(1700551111000)/",9280,1000,8672800,81016000000,-120,false,-1.28
"HAG",141754,"/Date(1700551111000)/",9280,100,8671800,81007000000,-120,false,-1.28
"HAG",141754,"/Date(1700551111000)/",9280,300,8671700,81006000000,-120,false,-1.28
"HAG",141754,"/Date(1700551111000)/",9280,1000,8671400,81003000000,-120,false,-1.28
"HAG",141754,"/Date(1700551111000)/",9280,1000,8670400,80994000000,-120,false,-1.28
"HAG",141754,"/Date(1700551111000)/",9280,1000,8669400,80985000000,-120,false,-1.28
"HAG",141754,"/Date(1700551111000)/",9280,1000,8668400,80976000000,-120,false,-1.28
"HAG",141754,"/Date(1700551111000)/",9280,1000,8667400,80966000000,-120,false,-1.28
"HAG",141754,"/Date(1700551111000)/",9280,3000,8666400,80957000000,-120,false,-1.28
"HAG",141748,"/Date(1700551103000)/",9270,1000,8663400,80929000000,-130,true,-1.38
"HAG",141748,"/Date(1700551102000)/",9270,1300,8662400,80920000000,-130,true,-1.38
"HAG",141745,"/Date(1700551100000)/",9270,1500,8661100,80908000000,-130,true,-1.38
"HAG",141729,"/Date(1700551084000)/",9270,200,8659600,80894000000,-130,true,-1.38
"HAG",141729,"/Date(1700551084000)/",9270,100,8659400,80892000000,-130,true,-1.38
"HAG",141726,"/Date(1700551081000)/",9280,100,8659300,80891000000,-120,false,-1.28
"HAG",141722,"/Date(1700551079000)/",9280,200,8659200,80890000000,-120,false,-1.28
"HAG",141722,"/Date(1700551079000)/",9280,3400,8659000,80888000000,-120,false,-1.28
"HAG",141722,"/Date(1700551079000)/",9270,1600,8655600,80857000000,-130,false,-1.38
"HAG",141722,"/Date(1700551078000)/",9270,2000,8654000,80842000000,-130,false,-1.38
"HAG",141722,"/Date(1700551076000)/",9270,400,8652000,80823000000,-130,false,-1.38
"HAG",141716,"/Date(1700551072000)/",9270,11000,8651600,80820000000,-130,false,-1.38
"HAG",141713,"/Date(1700551069000)/",9280,1000,8640600,80718000000,-120,false,-1.28
"HAG",141713,"/Date(1700551068000)/",9280,300,8639600,80708000000,-120,false,-1.28
"HAG",141713,"/Date(1700551068000)/",9280,1000,8639300,80706000000,-120,false,-1.28
"HAG",141713,"/Date(1700551068000)/",9280,700,8638300,80696000000,-120,false,-1.28
"HAG",141713,"/Date(1700551067000)/",9280,1000,8637600,80690000000,-120,false,-1.28
"HAG",141706,"/Date(1700551060000)/",9280,200,8636600,80681000000,-120,false,-1.28
"HAG",141654,"/Date(1700551050000)/",9280,1000,8636400,80679000000,-120,false,-1.28
"HAG",141654,"/Date(1700551049000)/",9280,100,8635400,80669000000,-120,false,-1.28
"HAG",141654,"/Date(1700551048000)/",9260,500,8635300,80669000000,-140,false,-1.49
"HAG",141654,"/Date(1700551048000)/",9260,1000,8634800,80664000000,-140,false,-1.49
"HAG",141654,"/Date(1700551048000)/",9260,1100,8633800,80655000000,-140,false,-1.49
"HAG",141654,"/Date(1700551048000)/",9260,100,8632700,80644000000,-140,false,-1.49
"HAG",141654,"/Date(1700551048000)/",9260,10000,8632600,80644000000,-140,false,-1.49
"HAG",141654,"/Date(1700551048000)/",9260,5000,8622600,80551000000,-140,false,-1.49
"HAG",141650,"/Date(1700551045000)/",9260,20000,8617600,80505000000,-140,false,-1.49
"HAG",141650,"/Date(1700551044000)/",9260,200,8597600,80319000000,-140,false,-1.49
"HAG",141647,"/Date(1700551042000)/",9260,1000,8597400,80318000000,-140,false,-1.49
"HAG",141647,"/Date(1700551042000)/",9260,100,8596400,80308000000,-140,false,-1.49
"HAG",141644,"/Date(1700551039000)/",9260,10000,8596300,80307000000,-140,false,-1.49
"HAG",141644,"/Date(1700551039000)/",9260,100,8586300,80215000000,-140,false,-1.49
"HAG",141644,"/Date(1700551038000)/",9260,15000,8586200,80214000000,-140,false,-1.49
"HAG",141641,"/Date(1700551037000)/",9260,300,8571200,80075000000,-140,false,-1.49
"HAG",141641,"/Date(1700551036000)/",9260,6400,8570900,80072000000,-140,false,-1.49
"HAG",141638,"/Date(1700551031000)/",9260,1000,8564500,80013000000,-140,false,-1.49
"HAG",141634,"/Date(1700551030000)/",9260,500,8563500,80004000000,-140,false,-1.49
"HAG",141631,"/Date(1700551026000)/",9260,200,8563000,79999000000,-140,false,-1.49
"HAG",141631,"/Date(1700551025000)/",9260,1000,8562800,79997000000,-140,false,-1.49
"HAG",141622,"/Date(1700551016000)/",9260,15000,8561800,79988000000,-140,false,-1.49
"HAG",141618,"/Date(1700551014000)/",9260,300,8546800,79849000000,-140,false,-1.49
"HAG",141618,"/Date(1700551014000)/",9260,200,8546500,79846000000,-140,false,-1.49
"HAG",141618,"/Date(1700551013000)/",9260,1000,8546300,79844000000,-140,false,-1.49
"HAG",141618,"/Date(1700551012000)/",9260,100,8545300,79835000000,-140,false,-1.49
"HAG",141606,"/Date(1700551000000)/",9260,300,8545200,79834000000,-140,false,-1.49
"HAG",141606,"/Date(1700550999000)/",9260,200,8544900,79831000000,-140,false,-1.49
"HAG",141606,"/Date(1700550999000)/",9260,500,8544700,79830000000,-140,false,-1.49
"HAG",141606,"/Date(1700550999000)/",9260,500,8544200,79825000000,-140,false,-1.49
"HAG",141606,"/Date(1700550999000)/",9260,500,8543700,79820000000,-140,false,-1.49
"HAG",141606,"/Date(1700550999000)/",9260,1000,8543200,79816000000,-140,false,-1.49
"HAG",141606,"/Date(1700550999000)/",9260,200,8542200,79806000000,-140,false,-1.49
"HAG",141606,"/Date(1700550999000)/",9260,100,8542000,79805000000,-140,false,-1.49
"HAG",141606,"/Date(1700550999000)/",9260,1000,8541900,79804000000,-140,false,-1.49
"HAG",141606,"/Date(1700550999000)/",9260,500,8540900,79794000000,-140,false,-1.49
"HAG",141606,"/Date(1700550999000)/",9260,15000,8540400,79790000000,-140,false,-1.49
"HAG",141606,"/Date(1700550999000)/",9260,100,8525400,79651000000,-140,false,-1.49
"HAG",141606,"/Date(1700550999000)/",9260,5000,8525300,79650000000,-140,false,-1.49
"HAG",141606,"/Date(1700550999000)/",9260,2000,8520300,79604000000,-140,false,-1.49
"HAG",141606,"/Date(1700550999000)/",9260,300,8518300,79585000000,-140,false,-1.49
"HAG",141606,"/Date(1700550999000)/",9260,8200,8518000,79582000000,-140,false,-1.49
"HAG",141606,"/Date(1700550999000)/",9260,100,8509800,79506000000,-140,false,-1.49
"HAG",141606,"/Date(1700550999000)/",9260,1000,8509700,79506000000,-140,false,-1.49
"HAG",141606,"/Date(1700550999000)/",9260,500,8508700,79496000000,-140,false,-1.49
"HAG",141606,"/Date(1700550999000)/",9260,800,8508200,79492000000,-140,false,-1.49
"HAG",141606,"/Date(1700550999000)/",9260,400,8507400,79484000000,-140,false,-1.49
"HAG",141606,"/Date(1700550999000)/",9260,500,8507000,79481000000,-140,false,-1.49
"HAG",141606,"/Date(1700550999000)/",9260,1000,8506500,79476000000,-140,false,-1.49
"HAG",141606,"/Date(1700550999000)/",9260,100,8505500,79467000000,-140,false,-1.49
"HAG",141606,"/Date(1700550999000)/",9260,1000,8505400,79466000000,-140,false,-1.49
"HAG",141606,"/Date(1700550999000)/",9260,100,8504400,79456000000,-140,false,-1.49
"HAG",141606,"/Date(1700550999000)/",9260,3000,8504300,79456000000,-140,false,-1.49
"HAG",141606,"/Date(1700550999000)/",9260,1000,8501300,79428000000,-140,false,-1.49
"HAG",141606,"/Date(1700550999000)/",9260,500,8500300,79418000000,-140,false,-1.49
"HAG",141606,"/Date(1700550999000)/",9260,100,8499800,79414000000,-140,false,-1.49
"HAG",141606,"/Date(1700550999000)/",9260,300,8499700,79413000000,-140,false,-1.49
"HAG",141606,"/Date(1700550999000)/",9260,500,8499400,79410000000,-140,false,-1.49
"HAG",141606,"/Date(1700550999000)/",9260,5100,8498900,79405000000,-140,false,-1.49
"HAG",141606,"/Date(1700550999000)/",9260,400,8493800,79358000000,-140,false,-1.49
"HAG",141606,"/Date(1700550999000)/",9260,100,8493400,79355000000,-140,false,-1.49
"HAG",141606,"/Date(1700550999000)/",9260,400,8493300,79354000000,-140,false,-1.49
"HAG",141606,"/Date(1700550999000)/",9260,200,8492900,79350000000,-140,false,-1.49
"HAG",141606,"/Date(1700550999000)/",9260,4000,8492700,79348000000,-140,false,-1.49
"HAG",141606,"/Date(1700550999000)/",9260,500,8488700,79311000000,-140,false,-1.49
"HAG",141606,"/Date(1700550999000)/",9260,10000,8488200,79306000000,-140,false,-1.49
"HAG",141606,"/Date(1700550999000)/",9260,200,8478200,79214000000,-140,false,-1.49
"HAG",141606,"/Date(1700550999000)/",9260,500,8478000,79212000000,-140,false,-1.49
"HAG",141606,"/Date(1700550999000)/",9260,1000,8477500,79207000000,-140,false,-1.49
"HAG",141606,"/Date(1700550999000)/",9260,3000,8476500,79198000000,-140,false,-1.49
"HAG",141606,"/Date(1700550999000)/",9260,400,8473500,79170000000,-140,false,-1.49
"HAG",141606,"/Date(1700550999000)/",9260,1000,8473100,79167000000,-140,false,-1.49
"HAG",141606,"/Date(1700550999000)/",9260,9000,8472100,79157000000,-140,false,-1.49
"HAG",141606,"/Date(1700550999000)/",9270,200,8463100,79074000000,-130,false,-1.38
"HAG",141606,"/Date(1700550999000)/",9270,1000,8462900,79072000000,-130,false,-1.38
"HAG",141606,"/Date(1700550999000)/",9270,500,8461900,79063000000,-130,false,-1.38
"HAG",141606,"/Date(1700550999000)/",9270,1700,8461400,79058000000,-130,false,-1.38
"HAG",141606,"/Date(1700550999000)/",9270,500,8459700,79042000000,-130,false,-1.38
"HAG",141606,"/Date(1700550999000)/",9270,1000,8459200,79038000000,-130,false,-1.38
"HAG",141606,"/Date(1700550999000)/",9270,14600,8458200,79029000000,-130,false,-1.38
"HAG",141606,"/Date(1700550999000)/",9270,200,8443600,78893000000,-130,false,-1.38
"HAG",141606,"/Date(1700550999000)/",9270,300,8443400,78891000000,-130,false,-1.38
"HAG",141606,"/Date(1700550999000)/",9270,10000,8443100,78889000000,-130,false,-1.38
"HAG",141606,"/Date(1700550999000)/",9270,5000,8433100,78796000000,-130,false,-1.38
"HAG",141606,"/Date(1700550999000)/",9270,1000,8428100,78750000000,-130,false,-1.38
"HAG",141606,"/Date(1700550999000)/",9270,100,8427100,78740000000,-130,false,-1.38
"HAG",141606,"/Date(1700550999000)/",9270,4400,8427000,78739000000,-130,false,-1.38
"HAG",141559,"/Date(1700550993000)/",9280,500,8422600,78699000000,-120,false,-1.28
"HAG",141556,"/Date(1700550991000)/",9280,200,8422100,78694000000,-120,false,-1.28
"HAG",141546,"/Date(1700550980000)/",9280,300,8421900,78692000000,-120,false,-1.28
"HAG",141546,"/Date(1700550980000)/",9280,200,8421600,78689000000,-120,false,-1.28
"HAG",141546,"/Date(1700550980000)/",9280,100,8421400,78687000000,-120,false,-1.28
"HAG",141540,"/Date(1700550974000)/",9270,200,8421300,78686000000,-130,true,-1.38
"HAG",141537,"/Date(1700550973000)/",9280,600,8421100,78685000000,-120,false,-1.28
"HAG",141508,"/Date(1700550944000)/",9280,200,8420500,78679000000,-120,false,-1.28
"HAG",141459,"/Date(1700550932000)/",9270,400,8420300,78677000000,-130,true,-1.38
"HAG",141459,"/Date(1700550932000)/",9270,200,8419900,78674000000,-130,true,-1.38
"HAG",141459,"/Date(1700550932000)/",9270,100,8419700,78672000000,-130,true,-1.38
"HAG",141459,"/Date(1700550932000)/",9270,300,8419600,78671000000,-130,true,-1.38
"HAG",141455,"/Date(1700550930000)/",9270,1700,8419300,78668000000,-130,true,-1.38
"HAG",141455,"/Date(1700550930000)/",9270,600,8417600,78652000000,-130,true,-1.38
"HAG",141455,"/Date(1700550930000)/",9270,4800,8417000,78647000000,-130,true,-1.38
"HAG",141452,"/Date(1700550927000)/",9280,1100,8412200,78602000000,-120,false,-1.28
"HAG",141452,"/Date(1700550927000)/",9280,500,8411100,78592000000,-120,false,-1.28
"HAG",141452,"/Date(1700550927000)/",9280,2000,8410600,78587000000,-120,false,-1.28
"HAG",141452,"/Date(1700550927000)/",9280,100,8408600,78569000000,-120,false,-1.28
"HAG",141452,"/Date(1700550927000)/",9280,5700,8408500,78568000000,-120,false,-1.28
"HAG",141443,"/Date(1700550918000)/",9270,1000,8402800,78515000000,-130,true,-1.38
"HAG",141427,"/Date(1700550900000)/",9270,200,8401800,78506000000,-130,true,-1.38
"HAG",141400,"/Date(1700550876000)/",9280,1400,8401600,78504000000,-120,false,-1.28
"HAG",141400,"/Date(1700550875000)/",9280,1000,8400200,78491000000,-120,false,-1.28
"HAG",141400,"/Date(1700550874000)/",9280,200,8399200,78481000000,-120,false,-1.28
"HAG",141357,"/Date(1700550871000)/",9270,6000,8399000,78480000000,-130,true,-1.38
"HAG",141348,"/Date(1700550863000)/",9280,2900,8393000,78424000000,-120,false,-1.28
"HAG",141348,"/Date(1700550863000)/",9280,1000,8390100,78397000000,-120,false,-1.28
"HAG",141348,"/Date(1700550863000)/",9280,2100,8389100,78388000000,-120,false,-1.28
"HAG",141325,"/Date(1700550839000)/",9270,1000,8387000,78368000000,-130,true,-1.38
"HAG",141322,"/Date(1700550837000)/",9270,2000,8386000,78359000000,-130,false,-1.38
"HAG",141322,"/Date(1700550837000)/",9270,2500,8384000,78341000000,-130,false,-1.38
"HAG",141322,"/Date(1700550837000)/",9270,1200,8381500,78317000000,-130,false,-1.38
"HAG",141322,"/Date(1700550837000)/",9270,300,8380300,78306000000,-130,false,-1.38
"HAG",141322,"/Date(1700550837000)/",9270,1000,8380000,78303000000,-130,false,-1.38
"HAG",141319,"/Date(1700550834000)/",9270,100,8379000,78294000000,-130,false,-1.38
"HAG",141316,"/Date(1700550830000)/",9270,2000,8378900,78293000000,-130,false,-1.38
"HAG",141316,"/Date(1700550830000)/",9270,100,8376900,78275000000,-130,false,-1.38
"HAG",141309,"/Date(1700550825000)/",9270,1000,8376800,78274000000,-130,false,-1.38
"HAG",141309,"/Date(1700550824000)/",9270,200,8375800,78265000000,-130,false,-1.38
"HAG",141306,"/Date(1700550821000)/",9270,2600,8375600,78263000000,-130,false,-1.38
"HAG",141306,"/Date(1700550821000)/",9270,1200,8373000,78239000000,-130,false,-1.38
"HAG",141306,"/Date(1700550821000)/",9270,1200,8371800,78227000000,-130,false,-1.38
"HAG",141300,"/Date(1700550815000)/",9270,500,8370600,78216000000,-130,false,-1.38
"HAG",141300,"/Date(1700550813000)/",9270,600,8370100,78212000000,-130,false,-1.38
"HAG",141256,"/Date(1700550812000)/",9270,300,8369500,78206000000,-130,false,-1.38
"HAG",141250,"/Date(1700550805000)/",9270,10000,8369200,78203000000,-130,false,-1.38
"HAG",141247,"/Date(1700550801000)/",9270,20000,8359200,78111000000,-130,false,-1.38
"HAG",141244,"/Date(1700550799000)/",9270,1000,8339200,77925000000,-130,true,-1.38
"HAG",141244,"/Date(1700550799000)/",9270,400,8338200,77916000000,-130,true,-1.38
"HAG",141241,"/Date(1700550795000)/",9270,400,8337800,77912000000,-130,true,-1.38
"HAG",141241,"/Date(1700550795000)/",9270,700,8337400,77909000000,-130,true,-1.38
"HAG",141241,"/Date(1700550795000)/",9270,1000,8336700,77902000000,-130,true,-1.38
"HAG",141241,"/Date(1700550795000)/",9270,1000,8335700,77893000000,-130,true,-1.38
"HAG",141241,"/Date(1700550795000)/",9270,1100,8334700,77884000000,-130,true,-1.38
"HAG",141241,"/Date(1700550795000)/",9270,600,8333600,77873000000,-130,true,-1.38
"HAG",141241,"/Date(1700550795000)/",9270,1000,8333000,77868000000,-130,true,-1.38
"HAG",141241,"/Date(1700550795000)/",9270,1200,8332000,77858000000,-130,true,-1.38
"HAG",141225,"/Date(1700550778000)/",9270,8000,8330800,77847000000,-130,true,-1.38
"HAG",141221,"/Date(1700550777000)/",9270,5000,8322800,77773000000,-130,true,-1.38
"HAG",141218,"/Date(1700550773000)/",9270,300,8317800,77727000000,-130,true,-1.38
"HAG",141218,"/Date(1700550773000)/",9270,300,8317500,77724000000,-130,true,-1.38
"HAG",141218,"/Date(1700550772000)/",9270,200,8317200,77721000000,-130,true,-1.38
"HAG",141218,"/Date(1700550772000)/",9270,700,8317000,77719000000,-130,true,-1.38
"HAG",141212,"/Date(1700550767000)/",9270,1500,8316300,77713000000,-130,true,-1.38
"HAG",141209,"/Date(1700550764000)/",9270,2800,8314800,77699000000,-130,true,-1.38
"HAG",141205,"/Date(1700550758000)/",9270,100,8312000,77673000000,-130,false,-1.38
"HAG",141202,"/Date(1700550758000)/",9270,1600,8311900,77672000000,-130,false,-1.38
"HAG",141202,"/Date(1700550758000)/",9270,100,8310300,77657000000,-130,false,-1.38
"HAG",141202,"/Date(1700550758000)/",9270,400,8310200,77656000000,-130,false,-1.38
"HAG",141202,"/Date(1700550758000)/",9270,300,8309800,77653000000,-130,false,-1.38
"HAG",141202,"/Date(1700550758000)/",9270,400,8309500,77650000000,-130,false,-1.38
"HAG",141202,"/Date(1700550757000)/",9270,1000,8309100,77646000000,-130,false,-1.38
"HAG",141156,"/Date(1700550751000)/",9270,500,8308100,77637000000,-130,false,-1.38
"HAG",141149,"/Date(1700550743000)/",9260,1400,8307600,77632000000,-140,true,-1.49
"HAG",141143,"/Date(1700550738000)/",9270,200,8306200,77619000000,-130,false,-1.38
"HAG",141143,"/Date(1700550737000)/",9270,100,8306000,77617000000,-130,false,-1.38
"HAG",141127,"/Date(1700550721000)/",9270,500,8305900,77617000000,-130,false,-1.38
"HAG",141120,"/Date(1700550715000)/",9270,100,8305400,77612000000,-130,false,-1.38
"HAG",141117,"/Date(1700550711000)/",9270,200,8305300,77611000000,-130,false,-1.38
"HAG",141117,"/Date(1700550711000)/",9270,500,8305100,77609000000,-130,false,-1.38
"HAG",141114,"/Date(1700550709000)/",9270,2000,8304600,77605000000,-130,false,-1.38
"HAG",141111,"/Date(1700550706000)/",9260,500,8302600,77586000000,-140,true,-1.49
"HAG",141104,"/Date(1700550699000)/",9270,500,8302100,77581000000,-130,false,-1.38
"HAG",141052,"/Date(1700550687000)/",9270,300,8301600,77577000000,-130,false,-1.38
"HAG",141048,"/Date(1700550682000)/",9260,100,8301300,77574000000,-140,true,-1.49
"HAG",141045,"/Date(1700550681000)/",9270,700,8301200,77573000000,-130,false,-1.38
"HAG",141042,"/Date(1700550675000)/",9270,500,8300500,77567000000,-130,false,-1.38
"HAG",141042,"/Date(1700550675000)/",9270,200,8300000,77562000000,-130,false,-1.38
"HAG",141036,"/Date(1700550671000)/",9260,100,8299800,77560000000,-140,true,-1.49
"HAG",141029,"/Date(1700550659000)/",9270,800,8299700,77559000000,-130,false,-1.38
"HAG",141029,"/Date(1700550659000)/",9270,1200,8298900,77552000000,-130,false,-1.38
"HAG",141029,"/Date(1700550658000)/",9270,500,8297700,77541000000,-130,false,-1.38
"HAG",141020,"/Date(1700550653000)/",9270,5700,8297200,77536000000,-130,true,-1.38
"HAG",141020,"/Date(1700550653000)/",9270,1000,8291500,77483000000,-130,true,-1.38
"HAG",141020,"/Date(1700550653000)/",9270,1000,8290500,77474000000,-130,true,-1.38
"HAG",141020,"/Date(1700550653000)/",9270,300,8289500,77465000000,-130,true,-1.38
"HAG",141020,"/Date(1700550653000)/",9270,2100,8289200,77462000000,-130,true,-1.38
"HAG",141020,"/Date(1700550653000)/",9270,2800,8287100,77442000000,-130,true,-1.38
"HAG",141007,"/Date(1700550642000)/",9270,100,8284300,77416000000,-130,true,-1.38
"HAG",141004,"/Date(1700550637000)/",9270,700,8284200,77415000000,-130,true,-1.38
"HAG",141000,"/Date(1700550636000)/",9270,1400,8283500,77409000000,-130,true,-1.38
"HAG",141000,"/Date(1700550636000)/",9270,200,8282100,77396000000,-130,true,-1.38
"HAG",141000,"/Date(1700550636000)/",9270,100,8281900,77394000000,-130,true,-1.38
"HAG",141000,"/Date(1700550636000)/",9270,500,8281800,77393000000,-130,true,-1.38
"HAG",141000,"/Date(1700550636000)/",9270,800,8281300,77389000000,-130,true,-1.38
"HAG",140948,"/Date(1700550621000)/",9270,1000,8280500,77381000000,-130,true,-1.38
"HAG",140945,"/Date(1700550618000)/",9270,1200,8279500,77372000000,-130,true,-1.38
"HAG",140938,"/Date(1700550611000)/",9270,1700,8278300,77361000000,-130,true,-1.38
"HAG",140929,"/Date(1700550603000)/",9270,1000,8276600,77345000000,-130,false,-1.38
"HAG",140929,"/Date(1700550603000)/",9270,4300,8275600,77336000000,-130,false,-1.38
"HAG",140929,"/Date(1700550602000)/",9270,700,8271300,77296000000,-130,false,-1.38
"HAG",140929,"/Date(1700550602000)/",9270,1000,8270600,77289000000,-130,false,-1.38
"HAG",140929,"/Date(1700550602000)/",9270,2800,8269600,77280000000,-130,false,-1.38
"HAG",140922,"/Date(1700550596000)/",9270,500,8266800,77254000000,-130,false,-1.38
"HAG",140916,"/Date(1700550590000)/",9270,2200,8266300,77249000000,-130,false,-1.38
"HAG",140916,"/Date(1700550590000)/",9270,400,8264100,77229000000,-130,false,-1.38
"HAG",140916,"/Date(1700550590000)/",9270,400,8263700,77225000000,-130,false,-1.38
"HAG",140909,"/Date(1700550582000)/",9270,100,8263300,77222000000,-130,false,-1.38
"HAG",140900,"/Date(1700550574000)/",9270,7300,8263200,77221000000,-130,false,-1.38
"HAG",140900,"/Date(1700550574000)/",9270,1000,8255900,77153000000,-130,false,-1.38
"HAG",140900,"/Date(1700550574000)/",9270,1700,8254900,77144000000,-130,false,-1.38
"HAG",140857,"/Date(1700550570000)/",9270,200,8253200,77128000000,-130,false,-1.38
"HAG",140853,"/Date(1700550568000)/",9260,600,8253000,77126000000,-140,true,-1.49
"HAG",140850,"/Date(1700550563000)/",9270,100,8252400,77121000000,-130,false,-1.38
"HAG",140844,"/Date(1700550559000)/",9260,8300,8252300,77120000000,-140,true,-1.49
"HAG",140844,"/Date(1700550559000)/",9260,300,8244000,77043000000,-140,true,-1.49
"HAG",140844,"/Date(1700550559000)/",9260,1000,8243700,77040000000,-140,true,-1.49
"HAG",140844,"/Date(1700550559000)/",9260,1000,8242700,77031000000,-140,true,-1.49
"HAG",140844,"/Date(1700550559000)/",9260,400,8241700,77022000000,-140,true,-1.49
"HAG",140844,"/Date(1700550559000)/",9260,200,8241300,77018000000,-140,true,-1.49
"HAG",140844,"/Date(1700550559000)/",9260,1000,8241100,77016000000,-140,true,-1.49
"HAG",140844,"/Date(1700550559000)/",9260,100,8240100,77007000000,-140,true,-1.49
"HAG",140844,"/Date(1700550559000)/",9260,100,8240000,77006000000,-140,true,-1.49
"HAG",140844,"/Date(1700550559000)/",9260,500,8239900,77005000000,-140,true,-1.49
"HAG",140844,"/Date(1700550559000)/",9260,1000,8239400,77000000000,-140,true,-1.49
"HAG",140844,"/Date(1700550559000)/",9260,500,8238400,76991000000,-140,true,-1.49
"HAG",140844,"/Date(1700550559000)/",9260,1000,8237900,76986000000,-140,true,-1.49
"HAG",140844,"/Date(1700550559000)/",9260,10000,8236900,76977000000,-140,true,-1.49
"HAG",140844,"/Date(1700550559000)/",9260,1000,8226900,76884000000,-140,true,-1.49
"HAG",140844,"/Date(1700550558000)/",9270,1000,8225900,76875000000,-130,false,-1.38
"HAG",140834,"/Date(1700550550000)/",9270,400,8224900,76866000000,-130,true,-1.38
"HAG",140834,"/Date(1700550549000)/",9270,5000,8224500,76862000000,-130,true,-1.38
"HAG",140834,"/Date(1700550549000)/",9270,100,8219500,76816000000,-130,true,-1.38
"HAG",140834,"/Date(1700550549000)/",9270,1000,8219400,76815000000,-130,true,-1.38
"HAG",140834,"/Date(1700550549000)/",9270,1000,8218400,76806000000,-130,true,-1.38
"HAG",140834,"/Date(1700550549000)/",9270,1000,8217400,76796000000,-130,true,-1.38
"HAG",140834,"/Date(1700550549000)/",9270,800,8216400,76787000000,-130,true,-1.38
"HAG",140834,"/Date(1700550549000)/",9270,1000,8215600,76780000000,-130,true,-1.38
"HAG",140834,"/Date(1700550549000)/",9270,100,8214600,76770000000,-130,true,-1.38
"HAG",140834,"/Date(1700550549000)/",9270,600,8214500,76770000000,-130,true,-1.38
"HAG",140834,"/Date(1700550549000)/",9270,5000,8213900,76764000000,-130,true,-1.38
"HAG",140834,"/Date(1700550549000)/",9270,300,8208900,76718000000,-130,true,-1.38
"HAG",140834,"/Date(1700550549000)/",9270,500,8208600,76715000000,-130,true,-1.38
"HAG",140834,"/Date(1700550549000)/",9270,3500,8208100,76710000000,-130,true,-1.38
"HAG",140821,"/Date(1700550536000)/",9270,1000,8204600,76678000000,-130,true,-1.38
"HAG",140815,"/Date(1700550531000)/",9270,3000,8203600,76669000000,-130,true,-1.38
"HAG",140802,"/Date(1700550516000)/",9270,100,8200600,76641000000,-130,false,-1.38
"HAG",140802,"/Date(1700550516000)/",9270,1000,8200500,76640000000,-130,false,-1.38
"HAG",140802,"/Date(1700550516000)/",9270,900,8199500,76631000000,-130,false,-1.38
"HAG",140802,"/Date(1700550516000)/",9270,500,8198600,76622000000,-130,false,-1.38
"HAG",140802,"/Date(1700550516000)/",9270,2600,8198100,76618000000,-130,false,-1.38
"HAG",140756,"/Date(1700550509000)/",9270,100,8195500,76593000000,-130,false,-1.38
"HAG",140753,"/Date(1700550506000)/",9270,800,8195400,76593000000,-130,false,-1.38
"HAG",140753,"/Date(1700550506000)/",9270,200,8194600,76585000000,-130,false,-1.38
"HAG",140749,"/Date(1700550503000)/",9270,3200,8194400,76583000000,-130,false,-1.38
"HAG",140730,"/Date(1700550484000)/",9270,1600,8191200,76554000000,-130,false,-1.38
"HAG",140730,"/Date(1700550484000)/",9270,200,8189600,76539000000,-130,false,-1.38
"HAG",140730,"/Date(1700550484000)/",9270,200,8189400,76537000000,-130,false,-1.38
"HAG",140730,"/Date(1700550484000)/",9270,100,8189200,76535000000,-130,false,-1.38
"HAG",140727,"/Date(1700550480000)/",9270,1700,8189100,76534000000,-130,false,-1.38
"HAG",140727,"/Date(1700550480000)/",9270,1300,8187400,76518000000,-130,false,-1.38
"HAG",140721,"/Date(1700550475000)/",9270,500,8186100,76506000000,-130,false,-1.38
"HAG",140721,"/Date(1700550475000)/",9270,4200,8185600,76502000000,-130,false,-1.38
"HAG",140721,"/Date(1700550475000)/",9270,100,8181400,76463000000,-130,false,-1.38
"HAG",140721,"/Date(1700550475000)/",9270,1000,8181300,76462000000,-130,false,-1.38
"HAG",140721,"/Date(1700550475000)/",9270,3700,8180300,76453000000,-130,false,-1.38
"HAG",140717,"/Date(1700550470000)/",9270,300,8176600,76418000000,-130,false,-1.38
"HAG",140711,"/Date(1700550466000)/",9270,20000,8176300,76415000000,-130,false,-1.38
"HAG",140655,"/Date(1700550448000)/",9270,500,8156300,76230000000,-130,false,-1.38
"HAG",140649,"/Date(1700550441000)/",9270,300,8155800,76225000000,-130,false,-1.38
"HAG",140633,"/Date(1700550426000)/",9270,100,8155500,76223000000,-130,false,-1.38
"HAG",140630,"/Date(1700550423000)/",9270,100,8155400,76222000000,-130,false,-1.38
"HAG",140626,"/Date(1700550422000)/",9270,1000,8155300,76221000000,-130,false,-1.38
"HAG",140626,"/Date(1700550419000)/",9270,500,8154300,76212000000,-130,false,-1.38
"HAG",140623,"/Date(1700550415000)/",9270,500,8153800,76207000000,-130,false,-1.38
"HAG",140623,"/Date(1700550415000)/",9270,500,8153300,76202000000,-130,false,-1.38
"HAG",140620,"/Date(1700550415000)/",9270,100,8152800,76198000000,-130,false,-1.38
"HAG",140617,"/Date(1700550411000)/",9270,100,8152700,76197000000,-130,false,-1.38
"HAG",140617,"/Date(1700550411000)/",9260,2000,8152600,76196000000,-140,true,-1.49
"HAG",140614,"/Date(1700550409000)/",9270,3000,8150600,76177000000,-130,false,-1.38
"HAG",140604,"/Date(1700550399000)/",9270,1000,8147600,76149000000,-130,false,-1.38
"HAG",140604,"/Date(1700550398000)/",9270,200,8146600,76140000000,-130,false,-1.38
"HAG",140604,"/Date(1700550398000)/",9270,500,8146400,76138000000,-130,false,-1.38
"HAG",140604,"/Date(1700550398000)/",9270,100,8145900,76134000000,-130,false,-1.38
"HAG",140604,"/Date(1700550398000)/",9270,500,8145800,76133000000,-130,false,-1.38
"HAG",140551,"/Date(1700550385000)/",9270,1000,8145300,76128000000,-130,true,-1.38
"HAG",140551,"/Date(1700550385000)/",9270,1800,8144300,76119000000,-130,true,-1.38
"HAG",140551,"/Date(1700550385000)/",9270,400,8142500,76102000000,-130,true,-1.38
"HAG",140551,"/Date(1700550385000)/",9270,100,8142100,76098000000,-130,true,-1.38
"HAG",140551,"/Date(1700550385000)/",9270,1000,8142000,76098000000,-130,true,-1.38
"HAG",140551,"/Date(1700550385000)/",9270,4500,8141000,76088000000,-130,true,-1.38
"HAG",140551,"/Date(1700550385000)/",9270,100,8136500,76047000000,-130,true,-1.38
"HAG",140551,"/Date(1700550385000)/",9270,500,8136400,76046000000,-130,true,-1.38
"HAG",140551,"/Date(1700550385000)/",9270,300,8135900,76041000000,-130,true,-1.38
"HAG",140551,"/Date(1700550385000)/",9270,100,8135600,76038000000,-130,true,-1.38
"HAG",140551,"/Date(1700550385000)/",9270,100,8135500,76037000000,-130,true,-1.38
"HAG",140551,"/Date(1700550385000)/",9270,2000,8135400,76036000000,-130,true,-1.38
"HAG",140551,"/Date(1700550385000)/",9270,2000,8133400,76018000000,-130,true,-1.38
"HAG",140551,"/Date(1700550385000)/",9270,3000,8131400,75999000000,-130,true,-1.38
"HAG",140551,"/Date(1700550385000)/",9270,1000,8128400,75971000000,-130,true,-1.38
"HAG",140551,"/Date(1700550385000)/",9270,500,8127400,75962000000,-130,true,-1.38
"HAG",140551,"/Date(1700550385000)/",9270,1000,8126900,75958000000,-130,true,-1.38
"HAG",140551,"/Date(1700550385000)/",9270,10000,8125900,75948000000,-130,true,-1.38
"HAG",140551,"/Date(1700550385000)/",9270,2000,8115900,75856000000,-130,true,-1.38
"HAG",140551,"/Date(1700550385000)/",9270,2000,8113900,75837000000,-130,true,-1.38
"HAG",140551,"/Date(1700550385000)/",9270,1000,8111900,75818000000,-130,true,-1.38
"HAG",140551,"/Date(1700550385000)/",9270,10600,8110900,75809000000,-130,true,-1.38
"HAG",140551,"/Date(1700550384000)/",9280,100,8100300,75711000000,-120,false,-1.28
"HAG",140548,"/Date(1700550381000)/",9280,100,8100200,75710000000,-120,false,-1.28
"HAG",140542,"/Date(1700550375000)/",9280,100,8100100,75709000000,-120,false,-1.28
"HAG",140519,"/Date(1700550353000)/",9280,100,8100000,75708000000,-120,false,-1.28
"HAG",140513,"/Date(1700550347000)/",9280,1000,8099900,75707000000,-120,false,-1.28
"HAG",140451,"/Date(1700550325000)/",9280,500,8098900,75698000000,-120,false,-1.28
"HAG",140451,"/Date(1700550324000)/",9280,100,8098400,75693000000,-120,false,-1.28
"HAG",140447,"/Date(1700550322000)/",9280,100,8098300,75692000000,-120,false,-1.28
"HAG",140435,"/Date(1700550308000)/",9270,8000,8098200,75691000000,-130,true,-1.38
"HAG",140428,"/Date(1700550303000)/",9280,10000,8090200,75617000000,-120,false,-1.28
"HAG",140428,"/Date(1700550301000)/",9280,500,8080200,75524000000,-120,false,-1.28
"HAG",140425,"/Date(1700550299000)/",9280,500,8079700,75520000000,-120,false,-1.28
"HAG",140425,"/Date(1700550299000)/",9280,900,8079200,75515000000,-120,false,-1.28
"HAG",140425,"/Date(1700550299000)/",9280,500,8078300,75507000000,-120,false,-1.28
"HAG",140425,"/Date(1700550299000)/",9280,500,8077800,75502000000,-120,false,-1.28
"HAG",140425,"/Date(1700550299000)/",9280,2000,8077300,75498000000,-120,false,-1.28
"HAG",140425,"/Date(1700550299000)/",9280,500,8075300,75479000000,-120,false,-1.28
"HAG",140425,"/Date(1700550299000)/",9280,100,8074800,75474000000,-120,false,-1.28
"HAG",140425,"/Date(1700550299000)/",9280,500,8074700,75473000000,-120,false,-1.28
"HAG",140425,"/Date(1700550299000)/",9280,1900,8074200,75469000000,-120,false,-1.28
"HAG",140425,"/Date(1700550299000)/",9280,100,8072300,75451000000,-120,false,-1.28
"HAG",140425,"/Date(1700550299000)/",9280,1000,8072200,75450000000,-120,false,-1.28
"HAG",140425,"/Date(1700550299000)/",9280,300,8071200,75441000000,-120,false,-1.28
"HAG",140425,"/Date(1700550299000)/",9280,200,8070900,75438000000,-120,false,-1.28
"HAG",140425,"/Date(1700550299000)/",9280,100,8070700,75436000000,-120,false,-1.28
"HAG",140425,"/Date(1700550299000)/",9280,100,8070600,75435000000,-120,false,-1.28
"HAG",140425,"/Date(1700550299000)/",9280,2000,8070500,75434000000,-120,false,-1.28
"HAG",140425,"/Date(1700550299000)/",9280,2000,8068500,75416000000,-120,false,-1.28
"HAG",140425,"/Date(1700550299000)/",9280,100,8066500,75397000000,-120,false,-1.28
"HAG",140425,"/Date(1700550299000)/",9280,1000,8066400,75396000000,-120,false,-1.28
"HAG",140425,"/Date(1700550299000)/",9280,16400,8065400,75387000000,-120,false,-1.28
"HAG",140425,"/Date(1700550299000)/",9280,2900,8049000,75235000000,-120,false,-1.28
"HAG",140425,"/Date(1700550299000)/",9280,200,8046100,75208000000,-120,false,-1.28
"HAG",140425,"/Date(1700550299000)/",9280,100,8045900,75206000000,-120,false,-1.28
"HAG",140425,"/Date(1700550299000)/",9280,100,8045800,75205000000,-120,false,-1.28
"HAG",140425,"/Date(1700550299000)/",9280,500,8045700,75204000000,-120,false,-1.28
"HAG",140425,"/Date(1700550299000)/",9280,1000,8045200,75200000000,-120,false,-1.28
"HAG",140425,"/Date(1700550299000)/",9280,7400,8044200,75190000000,-120,false,-1.28
"HAG",140419,"/Date(1700550292000)/",9280,2000,8036800,75122000000,-120,true,-1.28
"HAG",140409,"/Date(1700550281000)/",9280,5100,8034800,75103000000,-120,true,-1.28
"HAG",140403,"/Date(1700550275000)/",9280,8500,8029700,75056000000,-120,true,-1.28
"HAG",140347,"/Date(1700550260000)/",9280,5900,8021200,74977000000,-120,true,-1.28
"HAG",140344,"/Date(1700550258000)/",9280,500,8015300,74922000000,-120,true,-1.28
"HAG",140259,"/Date(1700550213000)/",9280,6600,8014800,74918000000,-120,true,-1.28
"HAG",140259,"/Date(1700550213000)/",9280,2400,8008200,74856000000,-120,true,-1.28
"HAG",140256,"/Date(1700550211000)/",9280,1000,8005800,74834000000,-120,true,-1.28
"HAG",140252,"/Date(1700550207000)/",9280,4500,8004800,74825000000,-120,true,-1.28
"HAG",140252,"/Date(1700550204000)/",9280,2100,8000300,74783000000,-120,true,-1.28
"HAG",140252,"/Date(1700550204000)/",9280,400,7998200,74764000000,-120,true,-1.28
"HAG",140252,"/Date(1700550204000)/",9280,100,7997800,74760000000,-120,true,-1.28
"HAG",140252,"/Date(1700550204000)/",9280,400,7997700,74759000000,-120,true,-1.28
"HAG",140233,"/Date(1700550187000)/",9280,100,7997300,74755000000,-120,true,-1.28
"HAG",140233,"/Date(1700550186000)/",9280,1000,7997200,74754000000,-120,true,-1.28
"HAG",140211,"/Date(1700550165000)/",9280,500,7996200,74745000000,-120,true,-1.28
"HAG",140211,"/Date(1700550164000)/",9290,2000,7995700,74740000000,-110,false,-1.17
"HAG",140129,"/Date(1700550121000)/",9290,500,7993700,74722000000,-110,false,-1.17
"HAG",140123,"/Date(1700550118000)/",9290,100,7993200,74717000000,-110,true,-1.17
"HAG",140123,"/Date(1700550118000)/",9290,500,7993100,74716000000,-110,true,-1.17
"HAG",140123,"/Date(1700550118000)/",9290,200,7992600,74712000000,-110,true,-1.17
"HAG",140123,"/Date(1700550118000)/",9290,200,7992400,74710000000,-110,true,-1.17
"HAG",140123,"/Date(1700550115000)/",9290,3800,7992200,74708000000,-110,true,-1.17
"HAG",140123,"/Date(1700550115000)/",9290,1000,7988400,74673000000,-110,true,-1.17
"HAG",140123,"/Date(1700550115000)/",9290,200,7987400,74663000000,-110,true,-1.17
"HAG",140107,"/Date(1700550099000)/",9290,800,7987200,74661000000,-110,true,-1.17
"HAG",140107,"/Date(1700550099000)/",9290,100,7986400,74654000000,-110,true,-1.17
"HAG",140107,"/Date(1700550099000)/",9290,100,7986300,74653000000,-110,true,-1.17
"HAG",140035,"/Date(1700550068000)/",9300,1600,7986200,74652000000,-100,false,-1.06
"HAG",140000,"/Date(1700550032000)/",9300,1700,7984600,74637000000,-100,false,-1.06
"HAG",135941,"/Date(1700550015000)/",9300,1200,7982900,74621000000,-100,false,-1.06
"HAG",135941,"/Date(1700550015000)/",9300,1000,7981700,74610000000,-100,false,-1.06
"HAG",135941,"/Date(1700550015000)/",9300,1600,7980700,74601000000,-100,false,-1.06
"HAG",135937,"/Date(1700550011000)/",9290,900,7979100,74586000000,-110,true,-1.17
"HAG",135937,"/Date(1700550011000)/",9290,200,7978200,74578000000,-110,true,-1.17
"HAG",135937,"/Date(1700550011000)/",9290,900,7978000,74576000000,-110,true,-1.17
"HAG",135931,"/Date(1700550004000)/",9290,100,7977100,74567000000,-110,true,-1.17
"HAG",135931,"/Date(1700550004000)/",9290,100,7977000,74567000000,-110,true,-1.17
"HAG",135912,"/Date(1700549986000)/",9300,1900,7976900,74566000000,-100,false,-1.06
"HAG",135859,"/Date(1700549971000)/",9300,200,7975000,74548000000,-100,false,-1.06
"HAG",135856,"/Date(1700549969000)/",9290,400,7974800,74546000000,-110,true,-1.17
"HAG",135846,"/Date(1700549960000)/",9300,3000,7974400,74542000000,-100,true,-1.06
"HAG",135846,"/Date(1700549960000)/",9300,300,7971400,74514000000,-100,true,-1.06
"HAG",135846,"/Date(1700549960000)/",9300,10000,7971100,74512000000,-100,true,-1.06
"HAG",135846,"/Date(1700549960000)/",9300,100,7961100,74419000000,-100,true,-1.06
"HAG",135846,"/Date(1700549960000)/",9300,10000,7961000,74418000000,-100,true,-1.06
"HAG",135846,"/Date(1700549960000)/",9300,200,7951000,74325000000,-100,true,-1.06
"HAG",135846,"/Date(1700549960000)/",9300,2700,7950800,74323000000,-100,true,-1.06
"HAG",135846,"/Date(1700549960000)/",9300,2000,7948100,74298000000,-100,true,-1.06
"HAG",135843,"/Date(1700549957000)/",9300,1000,7946100,74279000000,-100,true,-1.06
"HAG",135840,"/Date(1700549952000)/",9300,100,7945100,74270000000,-100,true,-1.06
"HAG",135833,"/Date(1700549947000)/",9310,100,7945000,74269000000,-90,false,-0.96
"HAG",135817,"/Date(1700549930000)/",9300,100,7944900,74268000000,-100,true,-1.06
"HAG",135817,"/Date(1700549930000)/",9300,100,7944800,74267000000,-100,true,-1.06
"HAG",135817,"/Date(1700549929000)/",9310,1000,7944700,74266000000,-90,false,-0.96
"HAG",135805,"/Date(1700549917000)/",9300,4000,7943700,74257000000,-100,true,-1.06
"HAG",135805,"/Date(1700549917000)/",9300,1000,7939700,74220000000,-100,true,-1.06
"HAG",135739,"/Date(1700549891000)/",9300,10000,7938700,74210000000,-100,true,-1.06
"HAG",135739,"/Date(1700549891000)/",9310,100,7928700,74117000000,-90,false,-0.96
"HAG",135736,"/Date(1700549890000)/",9310,2100,7928600,74116000000,-90,false,-0.96
"HAG",135736,"/Date(1700549890000)/",9310,7900,7926500,74097000000,-90,false,-0.96
"HAG",135726,"/Date(1700549879000)/",9300,4000,7918600,74023000000,-100,true,-1.06
"HAG",135713,"/Date(1700549866000)/",9310,1000,7914600,73986000000,-90,false,-0.96
"HAG",135704,"/Date(1700549855000)/",9310,10100,7913600,73977000000,-90,true,-0.96
"HAG",135657,"/Date(1700549852000)/",9310,200,7903500,73883000000,-90,true,-0.96
"HAG",135657,"/Date(1700549850000)/",9310,4000,7903300,73881000000,-90,true,-0.96
"HAG",135654,"/Date(1700549846000)/",9310,200,7899300,73844000000,-90,true,-0.96
"HAG",135648,"/Date(1700549840000)/",9310,100,7899100,73842000000,-90,true,-0.96
"HAG",135645,"/Date(1700549837000)/",9310,5400,7899000,73841000000,-90,true,-0.96
"HAG",135641,"/Date(1700549836000)/",9310,4600,7893600,73791000000,-90,true,-0.96
"HAG",135641,"/Date(1700549834000)/",9310,200,7889000,73748000000,-90,true,-0.96
"HAG",135638,"/Date(1700549832000)/",9310,200,7888800,73746000000,-90,false,-0.96
"HAG",135629,"/Date(1700549823000)/",9310,100,7888600,73744000000,-90,false,-0.96
"HAG",135625,"/Date(1700549817000)/",9310,2900,7888500,73743000000,-90,false,-0.96
"HAG",135625,"/Date(1700549817000)/",9310,100,7885600,73716000000,-90,false,-0.96
"HAG",135625,"/Date(1700549817000)/",9310,9000,7885500,73715000000,-90,false,-0.96
"HAG",135609,"/Date(1700549801000)/",9280,400,7876500,73631000000,-120,false,-1.28
"HAG",135609,"/Date(1700549801000)/",9280,2000,7876100,73628000000,-120,false,-1.28
"HAG",135609,"/Date(1700549801000)/",9280,5000,7874100,73609000000,-120,false,-1.28
"HAG",135609,"/Date(1700549801000)/",9280,1000,7869100,73563000000,-120,false,-1.28
"HAG",135609,"/Date(1700549801000)/",9280,1000,7868100,73553000000,-120,false,-1.28
"HAG",135609,"/Date(1700549801000)/",9280,300,7867100,73544000000,-120,false,-1.28
"HAG",135609,"/Date(1700549801000)/",9280,500,7866800,73541000000,-120,false,-1.28
"HAG",135609,"/Date(1700549801000)/",9280,1400,7866300,73537000000,-120,false,-1.28
"HAG",135609,"/Date(1700549801000)/",9290,100,7864900,73524000000,-110,true,-1.17
"HAG",135609,"/Date(1700549801000)/",9290,5000,7864800,73523000000,-110,true,-1.17
"HAG",135609,"/Date(1700549801000)/",9290,500,7859800,73476000000,-110,true,-1.17
"HAG",135609,"/Date(1700549801000)/",9290,500,7859300,73472000000,-110,true,-1.17
"HAG",135609,"/Date(1700549801000)/",9290,100,7858800,73467000000,-110,true,-1.17
"HAG",135609,"/Date(1700549801000)/",9290,100,7858700,73466000000,-110,true,-1.17
"HAG",135609,"/Date(1700549801000)/",9290,100,7858600,73465000000,-110,true,-1.17
"HAG",135609,"/Date(1700549801000)/",9290,2000,7858500,73464000000,-110,true,-1.17
"HAG",135609,"/Date(1700549801000)/",9290,2200,7856500,73446000000,-110,true,-1.17
"HAG",135609,"/Date(1700549801000)/",9290,400,7854300,73425000000,-110,true,-1.17
"HAG",135609,"/Date(1700549801000)/",9300,1000,7853900,73422000000,-100,true,-1.06
"HAG",135609,"/Date(1700549801000)/",9300,100,7852900,73412000000,-100,true,-1.06
"HAG",135609,"/Date(1700549801000)/",9300,300,7852800,73411000000,-100,true,-1.06
"HAG",135609,"/Date(1700549801000)/",9300,5000,7852500,73409000000,-100,true,-1.06
"HAG",135609,"/Date(1700549801000)/",9300,2000,7847500,73362000000,-100,true,-1.06
"HAG",135609,"/Date(1700549801000)/",9300,1300,7845500,73343000000,-100,true,-1.06
"HAG",135609,"/Date(1700549801000)/",9300,1000,7844200,73331000000,-100,true,-1.06
"HAG",135609,"/Date(1700549801000)/",9300,3000,7843200,73322000000,-100,true,-1.06
"HAG",135609,"/Date(1700549801000)/",9300,100,7840200,73294000000,-100,true,-1.06
"HAG",135609,"/Date(1700549801000)/",9300,5000,7840100,73293000000,-100,true,-1.06
"HAG",135609,"/Date(1700549801000)/",9300,5600,7835100,73247000000,-100,true,-1.06
"HAG",135609,"/Date(1700549801000)/",9310,200,7829500,73195000000,-90,true,-0.96
"HAG",135609,"/Date(1700549801000)/",9310,2800,7829300,73193000000,-90,true,-0.96
"HAG",135606,"/Date(1700549798000)/",9310,100,7826500,73167000000,-90,true,-0.96
"HAG",135600,"/Date(1700549793000)/",9310,600,7826400,73166000000,-90,true,-0.96
"HAG",135600,"/Date(1700549793000)/",9310,200,7825800,73160000000,-90,true,-0.96
"HAG",135600,"/Date(1700549793000)/",9310,1900,7825600,73158000000,-90,true,-0.96
"HAG",135600,"/Date(1700549793000)/",9310,5000,7823700,73141000000,-90,true,-0.96
"HAG",135600,"/Date(1700549793000)/",9310,1100,7818700,73094000000,-90,true,-0.96
"HAG",135600,"/Date(1700549793000)/",9310,7300,7817600,73084000000,-90,true,-0.96
"HAG",135550,"/Date(1700549783000)/",9320,200,7810300,73016000000,-80,false,-0.85
"HAG",135544,"/Date(1700549777000)/",9320,100,7810100,73014000000,-80,false,-0.85
"HAG",135534,"/Date(1700549768000)/",9320,100,7810000,73013000000,-80,false,-0.85
"HAG",135528,"/Date(1700549762000)/",9320,200,7809900,73012000000,-80,false,-0.85
"HAG",135525,"/Date(1700549757000)/",9320,300,7809700,73010000000,-80,false,-0.85
"HAG",135518,"/Date(1700549750000)/",9320,500,7809400,73008000000,-80,false,-0.85
"HAG",135509,"/Date(1700549742000)/",9310,1000,7808900,73003000000,-90,true,-0.96
"HAG",135505,"/Date(1700549739000)/",9320,2800,7807900,72994000000,-80,false,-0.85
"HAG",135459,"/Date(1700549733000)/",9320,5000,7805100,72967000000,-80,false,-0.85
"HAG",135456,"/Date(1700549725000)/",9320,800,7800100,72921000000,-80,false,-0.85
"HAG",135433,"/Date(1700549707000)/",9310,300,7799300,72913000000,-90,true,-0.96
"HAG",135430,"/Date(1700549703000)/",9320,200,7799000,72911000000,-80,false,-0.85
"HAG",135418,"/Date(1700549690000)/",9310,500,7798800,72909000000,-90,false,-0.96
"HAG",135418,"/Date(1700549690000)/",9310,900,7798300,72904000000,-90,false,-0.96
"HAG",135418,"/Date(1700549689000)/",9310,600,7797400,72896000000,-90,false,-0.96
"HAG",135418,"/Date(1700549689000)/",9310,100,7796800,72890000000,-90,false,-0.96
"HAG",135418,"/Date(1700549689000)/",9310,300,7796700,72889000000,-90,false,-0.96
"HAG",135414,"/Date(1700549686000)/",9310,500,7796400,72886000000,-90,false,-0.96
"HAG",135408,"/Date(1700549680000)/",9310,4200,7795900,72882000000,-90,false,-0.96
"HAG",135408,"/Date(1700549680000)/",9310,800,7791700,72843000000,-90,false,-0.96
"HAG",135405,"/Date(1700549678000)/",9300,500,7790900,72835000000,-100,true,-1.06
"HAG",135358,"/Date(1700549671000)/",9300,3900,7790400,72831000000,-100,false,-1.06
"HAG",135358,"/Date(1700549670000)/",9300,1100,7786500,72794000000,-100,false,-1.06
"HAG",135358,"/Date(1700549670000)/",9300,900,7785400,72784000000,-100,false,-1.06
"HAG",135355,"/Date(1700549669000)/",9300,100,7784500,72776000000,-100,false,-1.06
"HAG",135355,"/Date(1700549669000)/",9300,100,7784400,72775000000,-100,false,-1.06
"HAG",135355,"/Date(1700549669000)/",9300,200,7784300,72774000000,-100,false,-1.06
"HAG",135355,"/Date(1700549669000)/",9300,200,7784100,72772000000,-100,false,-1.06
"HAG",135355,"/Date(1700549669000)/",9300,500,7783900,72770000000,-100,false,-1.06
"HAG",135352,"/Date(1700549665000)/",9300,1000,7783400,72765000000,-100,false,-1.06
"HAG",135352,"/Date(1700549664000)/",9300,2000,7782400,72756000000,-100,false,-1.06
"HAG",135349,"/Date(1700549663000)/",9300,500,7780400,72738000000,-100,false,-1.06
"HAG",135349,"/Date(1700549663000)/",9300,1000,7779900,72733000000,-100,false,-1.06
"HAG",135349,"/Date(1700549663000)/",9300,18500,7778900,72724000000,-100,false,-1.06
"HAG",135349,"/Date(1700549662000)/",9300,900,7760400,72552000000,-100,false,-1.06
"HAG",135349,"/Date(1700549661000)/",9300,10500,7759500,72543000000,-100,false,-1.06
"HAG",135346,"/Date(1700549657000)/",9300,5000,7749000,72446000000,-100,false,-1.06
"HAG",135342,"/Date(1700549655000)/",9300,10000,7744000,72399000000,-100,false,-1.06
"HAG",135342,"/Date(1700549654000)/",9300,500,7734000,72306000000,-100,false,-1.06
"HAG",135342,"/Date(1700549654000)/",9300,5000,7733500,72301000000,-100,false,-1.06
"HAG",135339,"/Date(1700549652000)/",9300,5700,7728500,72255000000,-100,false,-1.06
"HAG",135339,"/Date(1700549651000)/",9300,400,7722800,72202000000,-100,false,-1.06
"HAG",135336,"/Date(1700549649000)/",9300,1000,7722400,72198000000,-100,false,-1.06
"HAG",135336,"/Date(1700549648000)/",9300,5000,7721400,72189000000,-100,false,-1.06
"HAG",135336,"/Date(1700549648000)/",9300,10000,7716400,72142000000,-100,false,-1.06
"HAG",135336,"/Date(1700549648000)/",9300,1000,7706400,72049000000,-100,false,-1.06
"HAG",135333,"/Date(1700549646000)/",9300,5000,7705400,72040000000,-100,false,-1.06
"HAG",135333,"/Date(1700549645000)/",9300,1000,7700400,71994000000,-100,false,-1.06
"HAG",135333,"/Date(1700549644000)/",9300,1000,7699400,71984000000,-100,false,-1.06
"HAG",135330,"/Date(1700549641000)/",9300,1500,7698400,71975000000,-100,false,-1.06
"HAG",135330,"/Date(1700549641000)/",9300,500,7696900,71961000000,-100,false,-1.06
"HAG",135326,"/Date(1700549637000)/",9300,500,7696400,71956000000,-100,false,-1.06
"HAG",135326,"/Date(1700549637000)/",9300,1000,7695900,71952000000,-100,false,-1.06
"HAG",135326,"/Date(1700549637000)/",9300,17500,7694900,71942000000,-100,false,-1.06
"HAG",135320,"/Date(1700549632000)/",9300,500,7677400,71780000000,-100,false,-1.06
"HAG",135310,"/Date(1700549623000)/",9300,3500,7676900,71775000000,-100,false,-1.06
"HAG",135310,"/Date(1700549623000)/",9300,500,7673400,71742000000,-100,false,-1.06
"HAG",135310,"/Date(1700549623000)/",9300,100,7672900,71738000000,-100,false,-1.06
"HAG",135310,"/Date(1700549623000)/",9300,2000,7672800,71737000000,-100,false,-1.06
"HAG",135310,"/Date(1700549623000)/",9300,5000,7670800,71718000000,-100,false,-1.06
"HAG",135310,"/Date(1700549623000)/",9300,6700,7665800,71672000000,-100,false,-1.06
"HAG",135310,"/Date(1700549623000)/",9300,1800,7659100,71609000000,-100,false,-1.06
"HAG",135310,"/Date(1700549623000)/",9300,300,7657300,71593000000,-100,false,-1.06
"HAG",135310,"/Date(1700549623000)/",9300,100,7657000,71590000000,-100,false,-1.06
"HAG",135307,"/Date(1700549620000)/",9300,2000,7656900,71589000000,-100,false,-1.06
"HAG",135304,"/Date(1700549618000)/",9300,1800,7654900,71570000000,-100,false,-1.06
"HAG",135304,"/Date(1700549618000)/",9300,200,7653100,71554000000,-100,false,-1.06
"HAG",135304,"/Date(1700549617000)/",9300,1200,7652900,71552000000,-100,false,-1.06
"HAG",135304,"/Date(1700549617000)/",9300,3800,7651700,71541000000,-100,false,-1.06
"HAG",135258,"/Date(1700549610000)/",9300,5000,7647900,71505000000,-100,false,-1.06
"HAG",135258,"/Date(1700549610000)/",9300,100,7642900,71459000000,-100,false,-1.06
"HAG",135251,"/Date(1700549605000)/",9300,5000,7642800,71458000000,-100,false,-1.06
"HAG",135251,"/Date(1700549605000)/",9300,1000,7637800,71411000000,-100,false,-1.06
"HAG",135245,"/Date(1700549597000)/",9300,1000,7636800,71402000000,-100,false,-1.06
"HAG",135245,"/Date(1700549597000)/",9300,2500,7635800,71393000000,-100,false,-1.06
"HAG",135238,"/Date(1700549591000)/",9300,300,7633300,71369000000,-100,false,-1.06
"HAG",135235,"/Date(1700549588000)/",9300,2100,7633000,71367000000,-100,false,-1.06
"HAG",135235,"/Date(1700549588000)/",9300,5000,7630900,71347000000,-100,false,-1.06
"HAG",135235,"/Date(1700549588000)/",9300,500,7625900,71301000000,-100,false,-1.06
"HAG",135235,"/Date(1700549588000)/",9300,5000,7625400,71296000000,-100,false,-1.06
"HAG",135235,"/Date(1700549588000)/",9300,400,7620400,71250000000,-100,false,-1.06
"HAG",135235,"/Date(1700549587000)/",9300,100,7620000,71246000000,-100,false,-1.06
"HAG",135235,"/Date(1700549587000)/",9300,4900,7619900,71245000000,-100,false,-1.06
"HAG",135232,"/Date(1700549585000)/",9300,100,7615000,71199000000,-100,false,-1.06
"HAG",135232,"/Date(1700549585000)/",9300,100,7614900,71198000000,-100,false,-1.06
"HAG",135229,"/Date(1700549581000)/",9290,500,7614800,71197000000,-110,true,-1.17
"HAG",135229,"/Date(1700549580000)/",9300,1900,7614300,71193000000,-100,false,-1.06
"HAG",135229,"/Date(1700549580000)/",9300,1100,7612400,71175000000,-100,false,-1.06
"HAG",135210,"/Date(1700549562000)/",9290,500,7611300,71165000000,-110,true,-1.17
"HAG",135207,"/Date(1700549559000)/",9290,1100,7610800,71160000000,-110,true,-1.17
"HAG",135207,"/Date(1700549559000)/",9290,1900,7609700,71150000000,-110,true,-1.17
"HAG",135200,"/Date(1700549554000)/",9300,1900,7607800,71132000000,-100,false,-1.06
"HAG",135200,"/Date(1700549554000)/",9300,100,7605900,71115000000,-100,false,-1.06
"HAG",135200,"/Date(1700549554000)/",9300,1000,7605800,71114000000,-100,false,-1.06
"HAG",135200,"/Date(1700549552000)/",9290,1500,7604800,71104000000,-110,true,-1.17
"HAG",135157,"/Date(1700549551000)/",9290,500,7603300,71091000000,-110,true,-1.17
"HAG",135147,"/Date(1700549539000)/",9290,5000,7602800,71086000000,-110,true,-1.17
"HAG",135135,"/Date(1700549526000)/",9290,100,7597800,71039000000,-110,true,-1.17
"HAG",135131,"/Date(1700549523000)/",9290,2000,7597700,71039000000,-110,true,-1.17
"HAG",135112,"/Date(1700549505000)/",9290,500,7595700,71020000000,-110,true,-1.17
"HAG",135112,"/Date(1700549505000)/",9290,3500,7595200,71015000000,-110,true,-1.17
"HAG",135112,"/Date(1700549505000)/",9290,1000,7591700,70983000000,-110,true,-1.17
"HAG",135112,"/Date(1700549505000)/",9290,2000,7590700,70973000000,-110,true,-1.17
"HAG",135112,"/Date(1700549505000)/",9290,300,7588700,70955000000,-110,true,-1.17
"HAG",135112,"/Date(1700549505000)/",9290,1600,7588400,70952000000,-110,true,-1.17
"HAG",135112,"/Date(1700549505000)/",9290,100,7586800,70937000000,-110,true,-1.17
"HAG",135050,"/Date(1700549482000)/",9280,1000,7586700,70936000000,-120,true,-1.28
"HAG",135050,"/Date(1700549482000)/",9280,2100,7585700,70927000000,-120,true,-1.28
"HAG",135046,"/Date(1700549478000)/",9280,900,7583600,70908000000,-120,false,-1.28
"HAG",135046,"/Date(1700549478000)/",9280,1100,7582700,70899000000,-120,false,-1.28
"HAG",135043,"/Date(1700549475000)/",9280,700,7581600,70889000000,-120,false,-1.28
"HAG",135037,"/Date(1700549469000)/",9270,1200,7580900,70883000000,-130,true,-1.38
"HAG",135034,"/Date(1700549467000)/",9280,200,7579700,70871000000,-120,false,-1.28
"HAG",135034,"/Date(1700549466000)/",9270,200,7579500,70870000000,-130,true,-1.38
"HAG",135034,"/Date(1700549466000)/",9270,5000,7579300,70868000000,-130,true,-1.38
"HAG",135034,"/Date(1700549466000)/",9270,200,7574300,70821000000,-130,true,-1.38
"HAG",135034,"/Date(1700549466000)/",9270,12000,7574100,70819000000,-130,true,-1.38
"HAG",135034,"/Date(1700549466000)/",9270,200,7562100,70708000000,-130,true,-1.38
"HAG",135034,"/Date(1700549466000)/",9270,10000,7561900,70706000000,-130,true,-1.38
"HAG",135034,"/Date(1700549466000)/",9270,100,7551900,70614000000,-130,true,-1.38
"HAG",135034,"/Date(1700549466000)/",9270,1000,7551800,70613000000,-130,true,-1.38
"HAG",135034,"/Date(1700549466000)/",9270,100,7550800,70603000000,-130,true,-1.38
"HAG",135034,"/Date(1700549466000)/",9270,200,7550700,70603000000,-130,true,-1.38
"HAG",135034,"/Date(1700549466000)/",9270,500,7550500,70601000000,-130,true,-1.38
"HAG",135034,"/Date(1700549466000)/",9270,1000,7550000,70596000000,-130,true,-1.38
"HAG",135034,"/Date(1700549466000)/",9270,100,7549000,70587000000,-130,true,-1.38
"HAG",135031,"/Date(1700549463000)/",9270,100,7548900,70586000000,-130,true,-1.38
"HAG",135021,"/Date(1700549453000)/",9270,1000,7548800,70585000000,-130,true,-1.38
"HAG",135015,"/Date(1700549447000)/",9270,1000,7547800,70576000000,-130,true,-1.38
"HAG",135008,"/Date(1700549440000)/",9270,1000,7546800,70566000000,-130,true,-1.38
"HAG",135005,"/Date(1700549438000)/",9280,2900,7545800,70557000000,-120,false,-1.28
"HAG",135005,"/Date(1700549438000)/",9280,7100,7542900,70530000000,-120,false,-1.28
"HAG",135005,"/Date(1700549437000)/",9270,7500,7535800,70464000000,-130,true,-1.38
"HAG",134949,"/Date(1700549421000)/",9270,200,7528300,70395000000,-130,true,-1.38
"HAG",134936,"/Date(1700549409000)/",9270,1000,7528100,70393000000,-130,true,-1.38
"HAG",134936,"/Date(1700549408000)/",9280,500,7527100,70384000000,-120,false,-1.28
"HAG",134923,"/Date(1700549395000)/",9280,200,7526600,70379000000,-120,true,-1.28
"HAG",134923,"/Date(1700549395000)/",9280,3000,7526400,70377000000,-120,true,-1.28
"HAG",134923,"/Date(1700549395000)/",9280,100,7523400,70349000000,-120,true,-1.28
"HAG",134923,"/Date(1700549395000)/",9280,300,7523300,70348000000,-120,true,-1.28
"HAG",134923,"/Date(1700549395000)/",9280,100,7523000,70346000000,-120,true,-1.28
"HAG",134923,"/Date(1700549395000)/",9280,500,7522900,70345000000,-120,true,-1.28
"HAG",134923,"/Date(1700549395000)/",9280,23000,7522400,70340000000,-120,true,-1.28
"HAG",134904,"/Date(1700549375000)/",9280,7000,7499400,70127000000,-120,true,-1.28
"HAG",134904,"/Date(1700549375000)/",9280,500,7492400,70062000000,-120,true,-1.28
"HAG",134904,"/Date(1700549375000)/",9280,100,7491900,70057000000,-120,true,-1.28
"HAG",134904,"/Date(1700549375000)/",9280,500,7491800,70056000000,-120,true,-1.28
"HAG",134904,"/Date(1700549375000)/",9280,2000,7491300,70051000000,-120,true,-1.28
"HAG",134904,"/Date(1700549375000)/",9280,2000,7489300,70033000000,-120,true,-1.28
"HAG",134904,"/Date(1700549375000)/",9280,20000,7487300,70014000000,-120,true,-1.28
"HAG",134904,"/Date(1700549375000)/",9280,1000,7467300,69829000000,-120,true,-1.28
"HAG",134904,"/Date(1700549375000)/",9280,200,7466300,69819000000,-120,true,-1.28
"HAG",134901,"/Date(1700549375000)/",9280,600,7466100,69818000000,-120,true,-1.28
"HAG",134901,"/Date(1700549375000)/",9280,400,7465500,69812000000,-120,true,-1.28
"HAG",134848,"/Date(1700549359000)/",9280,2600,7465100,69808000000,-120,true,-1.28
"HAG",134848,"/Date(1700549359000)/",9280,200,7462500,69784000000,-120,true,-1.28
"HAG",134848,"/Date(1700549359000)/",9280,500,7462300,69782000000,-120,true,-1.28
"HAG",134848,"/Date(1700549359000)/",9280,300,7461800,69778000000,-120,true,-1.28
"HAG",134848,"/Date(1700549359000)/",9280,1000,7461500,69775000000,-120,true,-1.28
"HAG",134848,"/Date(1700549359000)/",9280,1400,7460500,69766000000,-120,true,-1.28
"HAG",134829,"/Date(1700549341000)/",9290,200,7459100,69753000000,-110,true,-1.17
"HAG",134819,"/Date(1700549330000)/",9290,100,7458900,69751000000,-110,true,-1.17
"HAG",134813,"/Date(1700549324000)/",9290,100,7458800,69750000000,-110,false,-1.17
"HAG",134810,"/Date(1700549322000)/",9280,600,7458700,69749000000,-120,true,-1.28
"HAG",134810,"/Date(1700549322000)/",9280,4400,7458100,69743000000,-120,true,-1.28
"HAG",134800,"/Date(1700549314000)/",9290,500,7453700,69703000000,-110,false,-1.17
"HAG",134800,"/Date(1700549314000)/",9290,500,7453200,69698000000,-110,false,-1.17
"HAG",134800,"/Date(1700549313000)/",9290,1500,7452700,69693000000,-110,false,-1.17
"HAG",134800,"/Date(1700549313000)/",9290,3800,7451200,69679000000,-110,false,-1.17
"HAG",134800,"/Date(1700549313000)/",9290,800,7447400,69644000000,-110,false,-1.17
"HAG",134800,"/Date(1700549313000)/",9290,2800,7446600,69637000000,-110,false,-1.17
"HAG",134754,"/Date(1700549306000)/",9290,100,7443800,69611000000,-110,false,-1.17
"HAG",134744,"/Date(1700549295000)/",9290,100,7443700,69610000000,-110,false,-1.17
"HAG",134741,"/Date(1700549292000)/",9290,500,7443600,69609000000,-110,false,-1.17
"HAG",134731,"/Date(1700549283000)/",9290,1300,7443100,69604000000,-110,true,-1.17
"HAG",134731,"/Date(1700549283000)/",9290,200,7441800,69592000000,-110,true,-1.17
"HAG",134728,"/Date(1700549281000)/",9290,200,7441600,69590000000,-110,true,-1.17
"HAG",134728,"/Date(1700549281000)/",9290,1000,7441400,69588000000,-110,true,-1.17
"HAG",134719,"/Date(1700549270000)/",9290,500,7440400,69579000000,-110,true,-1.17
"HAG",134712,"/Date(1700549265000)/",9290,3100,7439900,69574000000,-110,true,-1.17
"HAG",134712,"/Date(1700549265000)/",9290,200,7436800,69546000000,-110,true,-1.17
"HAG",134712,"/Date(1700549265000)/",9290,300,7436600,69544000000,-110,true,-1.17
"HAG",134712,"/Date(1700549265000)/",9290,900,7436300,69541000000,-110,true,-1.17
"HAG",134712,"/Date(1700549265000)/",9290,5000,7435400,69533000000,-110,true,-1.17
"HAG",134712,"/Date(1700549265000)/",9290,200,7430400,69486000000,-110,true,-1.17
"HAG",134712,"/Date(1700549265000)/",9290,300,7430200,69484000000,-110,true,-1.17
"HAG",134706,"/Date(1700549260000)/",9290,1700,7429900,69481000000,-110,true,-1.17
"HAG",134706,"/Date(1700549260000)/",9290,300,7428200,69466000000,-110,true,-1.17
"HAG",134706,"/Date(1700549258000)/",9290,700,7427900,69463000000,-110,true,-1.17
"HAG",134706,"/Date(1700549258000)/",9290,300,7427200,69456000000,-110,true,-1.17
"HAG",134653,"/Date(1700549247000)/",9290,1100,7426900,69454000000,-110,true,-1.17
"HAG",134647,"/Date(1700549239000)/",9290,1000,7425800,69443000000,-110,true,-1.17
"HAG",134631,"/Date(1700549223000)/",9290,200,7424800,69434000000,-110,true,-1.17
"HAG",134621,"/Date(1700549213000)/",9290,1500,7424600,69432000000,-110,true,-1.17
"HAG",134602,"/Date(1700549194000)/",9290,1000,7423100,69418000000,-110,true,-1.17
"HAG",134602,"/Date(1700549193000)/",9290,2700,7422100,69409000000,-110,true,-1.17
"HAG",134602,"/Date(1700549193000)/",9290,300,7419400,69384000000,-110,true,-1.17
"HAG",134556,"/Date(1700549189000)/",9290,300,7419100,69381000000,-110,false,-1.17
"HAG",134556,"/Date(1700549189000)/",9290,1000,7418800,69378000000,-110,false,-1.17
"HAG",134556,"/Date(1700549189000)/",9290,13400,7417800,69369000000,-110,false,-1.17
"HAG",134549,"/Date(1700549182000)/",9290,1600,7404400,69245000000,-110,false,-1.17
"HAG",134549,"/Date(1700549180000)/",9280,600,7402800,69230000000,-120,true,-1.28
"HAG",134549,"/Date(1700549180000)/",9280,3000,7402200,69224000000,-120,true,-1.28
"HAG",134549,"/Date(1700549180000)/",9280,3100,7399200,69196000000,-120,true,-1.28
"HAG",134540,"/Date(1700549173000)/",9290,100,7396100,69167000000,-110,false,-1.17
"HAG",134527,"/Date(1700549159000)/",9280,1000,7396000,69167000000,-120,true,-1.28
"HAG",134527,"/Date(1700549159000)/",9290,900,7395000,69157000000,-110,false,-1.17
"HAG",134527,"/Date(1700549159000)/",9290,500,7394100,69149000000,-110,false,-1.17
"HAG",134527,"/Date(1700549159000)/",9290,1000,7393600,69144000000,-110,false,-1.17
"HAG",134527,"/Date(1700549159000)/",9290,5500,7392600,69135000000,-110,false,-1.17
"HAG",134527,"/Date(1700549159000)/",9290,100,7387100,69084000000,-110,false,-1.17
"HAG",134527,"/Date(1700549159000)/",9290,500,7387000,69083000000,-110,false,-1.17
"HAG",134527,"/Date(1700549159000)/",9290,1500,7386500,69078000000,-110,false,-1.17
"HAG",134527,"/Date(1700549157000)/",9290,100,7385000,69064000000,-110,false,-1.17
"HAG",134514,"/Date(1700549145000)/",9290,500,7384900,69063000000,-110,false,-1.17
"HAG",134508,"/Date(1700549141000)/",9290,2900,7384400,69059000000,-110,false,-1.17
"HAG",134508,"/Date(1700549141000)/",9290,6000,7381500,69032000000,-110,false,-1.17
"HAG",134508,"/Date(1700549141000)/",9290,900,7375500,68976000000,-110,false,-1.17
"HAG",134445,"/Date(1700549117000)/",9290,1000,7374600,68968000000,-110,false,-1.17
"HAG",134433,"/Date(1700549104000)/",9280,5000,7373600,68958000000,-120,true,-1.28
"HAG",134430,"/Date(1700549101000)/",9280,100,7368600,68912000000,-120,true,-1.28
"HAG",134420,"/Date(1700549092000)/",9280,400,7368500,68911000000,-120,true,-1.28
"HAG",134410,"/Date(1700549083000)/",9280,400,7368100,68907000000,-120,true,-1.28
"HAG",134410,"/Date(1700549082000)/",9290,800,7367700,68904000000,-110,false,-1.17
"HAG",134410,"/Date(1700549082000)/",9290,600,7366900,68896000000,-110,false,-1.17
"HAG",134410,"/Date(1700549082000)/",9290,1000,7366300,68891000000,-110,false,-1.17
"HAG",134410,"/Date(1700549082000)/",9290,500,7365300,68881000000,-110,false,-1.17
"HAG",134410,"/Date(1700549082000)/",9290,300,7364800,68877000000,-110,false,-1.17
"HAG",134410,"/Date(1700549082000)/",9290,1000,7364500,68874000000,-110,false,-1.17
"HAG",134410,"/Date(1700549082000)/",9290,4000,7363500,68865000000,-110,false,-1.17
"HAG",134410,"/Date(1700549082000)/",9290,600,7359500,68828000000,-110,false,-1.17
"HAG",134410,"/Date(1700549082000)/",9290,6200,7358900,68822000000,-110,false,-1.17
"HAG",134404,"/Date(1700549076000)/",9280,800,7352700,68764000000,-120,true,-1.28
"HAG",134404,"/Date(1700549076000)/",9280,300,7351900,68757000000,-120,true,-1.28
"HAG",134404,"/Date(1700549076000)/",9280,3900,7351600,68754000000,-120,true,-1.28
"HAG",134354,"/Date(1700549065000)/",9290,300,7347700,68718000000,-110,false,-1.17
"HAG",134348,"/Date(1700549059000)/",9290,400,7347400,68715000000,-110,false,-1.17
"HAG",134348,"/Date(1700549059000)/",9290,600,7347000,68711000000,-110,false,-1.17
"HAG",134348,"/Date(1700549059000)/",9280,500,7346400,68706000000,-120,true,-1.28
"HAG",134345,"/Date(1700549056000)/",9280,3000,7345900,68701000000,-120,true,-1.28
"HAG",134338,"/Date(1700549050000)/",9290,4400,7342900,68673000000,-110,false,-1.17
"HAG",134338,"/Date(1700549050000)/",9290,500,7338500,68633000000,-110,false,-1.17
"HAG",134338,"/Date(1700549050000)/",9290,100,7338000,68628000000,-110,false,-1.17
"HAG",134338,"/Date(1700549049000)/",9280,3600,7337900,68627000000,-120,true,-1.28
"HAG",134338,"/Date(1700549049000)/",9280,100,7334300,68594000000,-120,true,-1.28
"HAG",134338,"/Date(1700549049000)/",9280,6300,7334200,68593000000,-120,true,-1.28
"HAG",134332,"/Date(1700549044000)/",9290,300,7327900,68534000000,-110,false,-1.17
"HAG",134326,"/Date(1700549039000)/",9280,13700,7327600,68531000000,-120,true,-1.28
"HAG",134326,"/Date(1700549039000)/",9280,500,7313900,68404000000,-120,true,-1.28
"HAG",134326,"/Date(1700549039000)/",9280,100,7313400,68400000000,-120,true,-1.28
"HAG",134326,"/Date(1700549039000)/",9280,2000,7313300,68399000000,-120,true,-1.28
"HAG",134326,"/Date(1700549039000)/",9280,1000,7311300,68380000000,-120,true,-1.28
"HAG",134326,"/Date(1700549039000)/",9280,5000,7310300,68371000000,-120,true,-1.28
"HAG",134326,"/Date(1700549039000)/",9280,1000,7305300,68324000000,-120,true,-1.28
"HAG",134326,"/Date(1700549039000)/",9280,200,7304300,68315000000,-120,true,-1.28
"HAG",134326,"/Date(1700549039000)/",9280,1000,7304100,68313000000,-120,true,-1.28
"HAG",134326,"/Date(1700549039000)/",9280,500,7303100,68304000000,-120,true,-1.28
"HAG",134319,"/Date(1700549030000)/",9290,2600,7302600,68299000000,-110,false,-1.17
"HAG",134319,"/Date(1700549030000)/",9290,400,7300000,68275000000,-110,false,-1.17
"HAG",134306,"/Date(1700549019000)/",9290,100,7299600,68272000000,-110,false,-1.17
"HAG",134303,"/Date(1700549014000)/",9280,500,7299500,68271000000,-120,true,-1.28
"HAG",134303,"/Date(1700549014000)/",9280,500,7299000,68266000000,-120,true,-1.28
"HAG",134303,"/Date(1700549014000)/",9290,100,7298500,68261000000,-110,false,-1.17
"HAG",134257,"/Date(1700549008000)/",9290,1000,7298400,68260000000,-110,true,-1.17
"HAG",134247,"/Date(1700549000000)/",9290,5500,7297400,68251000000,-110,false,-1.17
"HAG",134238,"/Date(1700548991000)/",9290,100,7291900,68200000000,-110,false,-1.17
"HAG",134225,"/Date(1700548977000)/",9290,7500,7291800,68199000000,-110,false,-1.17
"HAG",134215,"/Date(1700548966000)/",9280,500,7284300,68129000000,-120,true,-1.28
"HAG",134140,"/Date(1700548933000)/",9300,900,7283800,68125000000,-100,false,-1.06
"HAG",134140,"/Date(1700548933000)/",9300,1300,7282900,68116000000,-100,false,-1.06
"HAG",134140,"/Date(1700548933000)/",9290,1800,7281600,68104000000,-110,false,-1.17
"HAG",134134,"/Date(1700548925000)/",9280,500,7279800,68088000000,-120,true,-1.28
"HAG",134131,"/Date(1700548923000)/",9290,1200,7279300,68083000000,-110,false,-1.17
"HAG",134131,"/Date(1700548923000)/",9290,1300,7278100,68072000000,-110,false,-1.17
"HAG",134131,"/Date(1700548923000)/",9290,500,7276800,68060000000,-110,false,-1.17
"HAG",134131,"/Date(1700548923000)/",9290,2000,7276300,68055000000,-110,false,-1.17
"HAG",134131,"/Date(1700548921000)/",9290,100,7274300,68036000000,-110,false,-1.17
"HAG",134131,"/Date(1700548921000)/",9290,500,7274200,68036000000,-110,false,-1.17
"HAG",134131,"/Date(1700548921000)/",9290,100,7273700,68031000000,-110,false,-1.17
"HAG",134131,"/Date(1700548921000)/",9290,1000,7273600,68030000000,-110,false,-1.17
"HAG",134127,"/Date(1700548918000)/",9290,2000,7272600,68021000000,-110,false,-1.17
"HAG",134111,"/Date(1700548903000)/",9290,1000,7270600,68002000000,-110,false,-1.17
"HAG",134102,"/Date(1700548895000)/",9290,1000,7269600,67993000000,-110,false,-1.17
"HAG",134102,"/Date(1700548892000)/",9290,1000,7268600,67984000000,-110,false,-1.17
"HAG",134059,"/Date(1700548889000)/",9290,3000,7267600,67974000000,-110,false,-1.17
"HAG",134049,"/Date(1700548881000)/",9290,1000,7264600,67946000000,-110,false,-1.17
"HAG",134036,"/Date(1700548867000)/",9300,6700,7263600,67937000000,-100,false,-1.06
"HAG",134036,"/Date(1700548867000)/",9290,2000,7256900,67875000000,-110,false,-1.17
"HAG",134036,"/Date(1700548867000)/",9290,2000,7254900,67856000000,-110,false,-1.17
"HAG",134036,"/Date(1700548867000)/",9290,11300,7252900,67838000000,-110,false,-1.17
"HAG",134023,"/Date(1700548856000)/",9290,500,7241600,67733000000,-110,false,-1.17
"HAG",134023,"/Date(1700548856000)/",9290,10000,7241100,67728000000,-110,false,-1.17
"HAG",134023,"/Date(1700548856000)/",9290,2000,7231100,67635000000,-110,false,-1.17
"HAG",134023,"/Date(1700548856000)/",9290,100,7229100,67616000000,-110,false,-1.17
"HAG",134023,"/Date(1700548856000)/",9290,100,7229000,67616000000,-110,false,-1.17
"HAG",134023,"/Date(1700548856000)/",9290,200,7228900,67615000000,-110,false,-1.17
"HAG",134023,"/Date(1700548856000)/",9290,100,7228700,67613000000,-110,false,-1.17
"HAG",134023,"/Date(1700548856000)/",9290,5000,7228600,67612000000,-110,false,-1.17
"HAG",134023,"/Date(1700548856000)/",9290,5000,7223600,67565000000,-110,false,-1.17
"HAG",134023,"/Date(1700548856000)/",9290,100,7218600,67519000000,-110,false,-1.17
"HAG",134023,"/Date(1700548856000)/",9290,1000,7218500,67518000000,-110,false,-1.17
"HAG",134023,"/Date(1700548856000)/",9290,2600,7217500,67509000000,-110,false,-1.17
"HAG",134014,"/Date(1700548846000)/",9300,300,7214900,67485000000,-100,false,-1.06
"HAG",134014,"/Date(1700548845000)/",9300,1000,7214600,67482000000,-100,false,-1.06
"HAG",134007,"/Date(1700548838000)/",9300,100,7213600,67472000000,-100,false,-1.06
"HAG",134004,"/Date(1700548837000)/",9290,7400,7213500,67472000000,-110,true,-1.17
"HAG",134004,"/Date(1700548837000)/",9290,100,7206100,67403000000,-110,true,-1.17
"HAG",134004,"/Date(1700548837000)/",9290,500,7206000,67402000000,-110,true,-1.17
"HAG",134004,"/Date(1700548837000)/",9290,2000,7205500,67397000000,-110,true,-1.17
"HAG",133955,"/Date(1700548827000)/",9300,500,7203500,67379000000,-100,false,-1.06
"HAG",133942,"/Date(1700548814000)/",9300,100,7203000,67374000000,-100,false,-1.06
"HAG",133942,"/Date(1700548814000)/",9300,100,7202900,67373000000,-100,false,-1.06
"HAG",133942,"/Date(1700548813000)/",9290,1000,7202800,67372000000,-110,true,-1.17
"HAG",133942,"/Date(1700548813000)/",9300,500,7201800,67363000000,-100,false,-1.06
"HAG",133935,"/Date(1700548808000)/",9300,4400,7201300,67358000000,-100,false,-1.06
"HAG",133935,"/Date(1700548808000)/",9300,600,7196900,67317000000,-100,false,-1.06
"HAG",133935,"/Date(1700548808000)/",9290,200,7196300,67312000000,-110,true,-1.17
"HAG",133935,"/Date(1700548807000)/",9290,200,7196100,67310000000,-110,true,-1.17
"HAG",133854,"/Date(1700548767000)/",9290,400,7195900,67308000000,-110,true,-1.17
"HAG",133854,"/Date(1700548767000)/",9290,2000,7195500,67304000000,-110,true,-1.17
"HAG",133854,"/Date(1700548767000)/",9290,100,7193500,67286000000,-110,true,-1.17
"HAG",133854,"/Date(1700548767000)/",9290,200,7193400,67285000000,-110,true,-1.17
"HAG",133854,"/Date(1700548767000)/",9290,300,7193200,67283000000,-110,true,-1.17
"HAG",133838,"/Date(1700548750000)/",9290,700,7192900,67280000000,-110,true,-1.17
"HAG",133831,"/Date(1700548744000)/",9300,400,7192200,67274000000,-100,false,-1.06
"HAG",133831,"/Date(1700548744000)/",9300,1600,7191800,67270000000,-100,false,-1.06
"HAG",133818,"/Date(1700548730000)/",9300,400,7190200,67255000000,-100,true,-1.06
"HAG",133815,"/Date(1700548727000)/",9310,100,7189800,67251000000,-90,false,-0.96
"HAG",133815,"/Date(1700548725000)/",9300,1600,7189700,67250000000,-100,true,-1.06
"HAG",133815,"/Date(1700548725000)/",9300,1000,7188100,67235000000,-100,true,-1.06
"HAG",133815,"/Date(1700548725000)/",9300,2000,7187100,67226000000,-100,true,-1.06
"HAG",133815,"/Date(1700548725000)/",9300,100,7185100,67208000000,-100,true,-1.06
"HAG",133815,"/Date(1700548725000)/",9300,100,7185000,67207000000,-100,true,-1.06
"HAG",133815,"/Date(1700548725000)/",9300,200,7184900,67206000000,-100,true,-1.06
"HAG",133812,"/Date(1700548722000)/",9300,1800,7184700,67204000000,-100,true,-1.06
"HAG",133812,"/Date(1700548722000)/",9300,100,7182900,67187000000,-100,true,-1.06
"HAG",133812,"/Date(1700548722000)/",9300,500,7182800,67186000000,-100,true,-1.06
"HAG",133812,"/Date(1700548722000)/",9300,2600,7182300,67182000000,-100,true,-1.06
"HAG",133809,"/Date(1700548720000)/",9300,5000,7179700,67157000000,-100,true,-1.06
"HAG",133802,"/Date(1700548715000)/",9310,900,7174700,67111000000,-90,false,-0.96
"HAG",133802,"/Date(1700548715000)/",9310,100,7173800,67102000000,-90,false,-0.96
"HAG",133756,"/Date(1700548708000)/",9300,2400,7173700,67102000000,-100,true,-1.06
"HAG",133756,"/Date(1700548708000)/",9300,500,7171300,67079000000,-100,true,-1.06
"HAG",133756,"/Date(1700548708000)/",9300,300,7170800,67075000000,-100,true,-1.06
"HAG",133756,"/Date(1700548708000)/",9300,100,7170500,67072000000,-100,true,-1.06
"HAG",133756,"/Date(1700548708000)/",9300,10000,7170400,67071000000,-100,true,-1.06
"HAG",133756,"/Date(1700548708000)/",9300,200,7160400,66978000000,-100,true,-1.06
"HAG",133756,"/Date(1700548708000)/",9300,100,7160200,66976000000,-100,true,-1.06
"HAG",133756,"/Date(1700548708000)/",9300,1400,7160100,66975000000,-100,true,-1.06
"HAG",133753,"/Date(1700548703000)/",9310,4400,7158700,66962000000,-90,false,-0.96
"HAG",133750,"/Date(1700548701000)/",9310,2000,7154300,66921000000,-90,false,-0.96
"HAG",133743,"/Date(1700548695000)/",9300,100,7152300,66902000000,-100,true,-1.06
"HAG",133740,"/Date(1700548691000)/",9310,2000,7152200,66902000000,-90,false,-0.96
"HAG",133737,"/Date(1700548687000)/",9310,100,7150200,66883000000,-90,false,-0.96
"HAG",133737,"/Date(1700548687000)/",9300,20000,7150100,66882000000,-100,true,-1.06
"HAG",133724,"/Date(1700548676000)/",9310,1900,7130100,66696000000,-90,false,-0.96
"HAG",133721,"/Date(1700548672000)/",9310,15000,7128200,66678000000,-90,false,-0.96
"HAG",133718,"/Date(1700548667000)/",9310,1000,7113200,66539000000,-90,true,-0.96
"HAG",133718,"/Date(1700548667000)/",9310,2500,7112200,66529000000,-90,true,-0.96
"HAG",133705,"/Date(1700548657000)/",9310,200,7109700,66506000000,-90,true,-0.96
"HAG",133705,"/Date(1700548657000)/",9310,300,7109500,66504000000,-90,true,-0.96
"HAG",133659,"/Date(1700548651000)/",9310,100,7109200,66501000000,-90,true,-0.96
"HAG",133659,"/Date(1700548649000)/",9310,4000,7109100,66500000000,-90,true,-0.96
"HAG",133652,"/Date(1700548642000)/",9310,5000,7105100,66463000000,-90,true,-0.96
"HAG",133636,"/Date(1700548628000)/",9320,1000,7100100,66417000000,-80,false,-0.85
"HAG",133623,"/Date(1700548616000)/",9300,2000,7099100,66407000000,-100,true,-1.06
"HAG",133611,"/Date(1700548602000)/",9300,12600,7097100,66389000000,-100,true,-1.06
"HAG",133611,"/Date(1700548602000)/",9300,100,7084500,66272000000,-100,true,-1.06
"HAG",133611,"/Date(1700548600000)/",9300,200,7084400,66271000000,-100,true,-1.06
"HAG",133500,"/Date(1700548531000)/",9300,12800,7084200,66269000000,-100,true,-1.06
"HAG",133454,"/Date(1700548524000)/",9300,1000,7071400,66150000000,-100,false,-1.06
"HAG",133454,"/Date(1700548524000)/",9300,100,7070400,66140000000,-100,false,-1.06
"HAG",133454,"/Date(1700548524000)/",9300,400,7070300,66140000000,-100,false,-1.06
"HAG",133454,"/Date(1700548524000)/",9300,10000,7069900,66136000000,-100,false,-1.06
"HAG",133454,"/Date(1700548524000)/",9300,1000,7059900,66043000000,-100,false,-1.06
"HAG",133454,"/Date(1700548524000)/",9300,1400,7058900,66034000000,-100,false,-1.06
"HAG",133454,"/Date(1700548524000)/",9300,3000,7057500,66020000000,-100,false,-1.06
"HAG",133454,"/Date(1700548524000)/",9300,5000,7054500,65993000000,-100,false,-1.06
"HAG",133454,"/Date(1700548524000)/",9300,100,7049500,65946000000,-100,false,-1.06
"HAG",133454,"/Date(1700548524000)/",9300,2000,7049400,65945000000,-100,false,-1.06
"HAG",133454,"/Date(1700548524000)/",9300,10000,7047400,65927000000,-100,false,-1.06
"HAG",133454,"/Date(1700548524000)/",9320,6900,7037400,65834000000,-80,false,-0.85
"HAG",133454,"/Date(1700548524000)/",9320,5000,7030500,65769000000,-80,false,-0.85
"HAG",133454,"/Date(1700548524000)/",9320,500,7025500,65723000000,-80,false,-0.85
"HAG",133454,"/Date(1700548524000)/",9320,25000,7025000,65718000000,-80,false,-0.85
"HAG",133454,"/Date(1700548524000)/",9320,5000,7000000,65485000000,-80,false,-0.85
"HAG",133454,"/Date(1700548524000)/",9320,300,6995000,65438000000,-80,false,-0.85
"HAG",133454,"/Date(1700548524000)/",9320,500,6994700,65436000000,-80,false,-0.85
"HAG",133454,"/Date(1700548524000)/",9320,300,6994200,65431000000,-80,false,-0.85
"HAG",133451,"/Date(1700548521000)/",9330,10000,6993900,65428000000,-70,false,-0.74
"HAG",133447,"/Date(1700548517000)/",9320,500,6983900,65335000000,-80,true,-0.85
"HAG",133444,"/Date(1700548515000)/",9330,300,6983400,65330000000,-70,false,-0.74
"HAG",133435,"/Date(1700548506000)/",9320,1000,6983100,65327000000,-80,true,-0.85
"HAG",133428,"/Date(1700548498000)/",9320,3000,6982100,65318000000,-80,true,-0.85
"HAG",133425,"/Date(1700548497000)/",9320,10000,6979100,65290000000,-80,true,-0.85
"HAG",133422,"/Date(1700548492000)/",9320,4000,6969100,65197000000,-80,true,-0.85
"HAG",133359,"/Date(1700548470000)/",9320,1000,6965100,65160000000,-80,true,-0.85
"HAG",133356,"/Date(1700548469000)/",9320,200,6964100,65150000000,-80,true,-0.85
"HAG",133356,"/Date(1700548469000)/",9320,4800,6963900,65148000000,-80,true,-0.85
"HAG",133356,"/Date(1700548466000)/",9320,200,6959100,65104000000,-80,true,-0.85
"HAG",133343,"/Date(1700548454000)/",9320,1500,6958900,65102000000,-80,true,-0.85
"HAG",133343,"/Date(1700548453000)/",9320,2400,6957400,65088000000,-80,true,-0.85
"HAG",133343,"/Date(1700548453000)/",9320,500,6955000,65065000000,-80,true,-0.85
"HAG",133343,"/Date(1700548453000)/",9320,1000,6954500,65061000000,-80,true,-0.85
"HAG",133343,"/Date(1700548453000)/",9320,300,6953500,65052000000,-80,true,-0.85
"HAG",133343,"/Date(1700548453000)/",9320,500,6953200,65049000000,-80,true,-0.85
"HAG",133343,"/Date(1700548453000)/",9320,15100,6952700,65044000000,-80,true,-0.85
"HAG",133334,"/Date(1700548446000)/",9320,1000,6937600,64903000000,-80,true,-0.85
"HAG",133324,"/Date(1700548435000)/",9330,5000,6936600,64894000000,-70,false,-0.74
"HAG",133256,"/Date(1700548406000)/",9330,1000,6931600,64847000000,-70,false,-0.74
"HAG",133249,"/Date(1700548399000)/",9330,100,6930600,64838000000,-70,false,-0.74
"HAG",133236,"/Date(1700548386000)/",9320,2000,6930500,64837000000,-80,true,-0.85
"HAG",133227,"/Date(1700548376000)/",9330,1600,6928500,64818000000,-70,false,-0.74
"HAG",133227,"/Date(1700548376000)/",9330,1400,6926900,64804000000,-70,false,-0.74
"HAG",133214,"/Date(1700548365000)/",9320,5000,6925500,64790000000,-80,true,-0.85
"HAG",133208,"/Date(1700548359000)/",9330,500,6920500,64744000000,-70,false,-0.74
"HAG",133152,"/Date(1700548341000)/",9320,300,6920000,64739000000,-80,true,-0.85
"HAG",133148,"/Date(1700548339000)/",9320,100,6919700,64736000000,-80,false,-0.85
"HAG",133148,"/Date(1700548339000)/",9320,200,6919600,64735000000,-80,false,-0.85
"HAG",133148,"/Date(1700548339000)/",9320,500,6919400,64734000000,-80,false,-0.85
"HAG",133148,"/Date(1700548339000)/",9320,4000,6918900,64729000000,-80,false,-0.85
"HAG",133148,"/Date(1700548339000)/",9320,5000,6914900,64692000000,-80,false,-0.85
"HAG",133148,"/Date(1700548339000)/",9320,1000,6909900,64645000000,-80,false,-0.85
"HAG",133148,"/Date(1700548339000)/",9320,8000,6908900,64636000000,-80,false,-0.85
"HAG",133148,"/Date(1700548339000)/",9320,1000,6900900,64561000000,-80,false,-0.85
"HAG",133148,"/Date(1700548339000)/",9320,1000,6899900,64552000000,-80,false,-0.85
"HAG",133148,"/Date(1700548339000)/",9320,3000,6898900,64543000000,-80,false,-0.85
"HAG",133148,"/Date(1700548339000)/",9320,1100,6895900,64515000000,-80,false,-0.85
"HAG",133148,"/Date(1700548339000)/",9310,5500,6894800,64504000000,-90,false,-0.96
"HAG",133148,"/Date(1700548339000)/",9310,300,6889300,64453000000,-90,false,-0.96
"HAG",133148,"/Date(1700548339000)/",9310,5900,6889000,64450000000,-90,false,-0.96
"HAG",133145,"/Date(1700548337000)/",9310,200,6883100,64395000000,-90,false,-0.96
"HAG",133139,"/Date(1700548330000)/",9310,300,6882900,64394000000,-90,false,-0.96
"HAG",133132,"/Date(1700548323000)/",9310,1600,6882600,64391000000,-90,false,-0.96
"HAG",133132,"/Date(1700548323000)/",9310,400,6881000,64376000000,-90,false,-0.96
"HAG",133129,"/Date(1700548320000)/",9310,100,6880600,64372000000,-90,false,-0.96
"HAG",133129,"/Date(1700548319000)/",9310,200,6880500,64371000000,-90,false,-0.96
"HAG",133129,"/Date(1700548319000)/",9310,800,6880300,64369000000,-90,false,-0.96
"HAG",133126,"/Date(1700548318000)/",9300,3100,6879500,64362000000,-100,true,-1.06
"HAG",133126,"/Date(1700548318000)/",9300,500,6876400,64333000000,-100,true,-1.06
"HAG",133126,"/Date(1700548318000)/",9300,1400,6875900,64328000000,-100,true,-1.06
"HAG",133123,"/Date(1700548312000)/",9300,1000,6874500,64315000000,-100,true,-1.06
"HAG",133120,"/Date(1700548310000)/",9310,200,6873500,64306000000,-90,false,-0.96
"HAG",133113,"/Date(1700548304000)/",9300,2000,6873300,64304000000,-100,true,-1.06
"HAG",133057,"/Date(1700548286000)/",9300,600,6871300,64286000000,-100,false,-1.06
"HAG",133048,"/Date(1700548278000)/",9300,900,6870700,64280000000,-100,false,-1.06
"HAG",133048,"/Date(1700548278000)/",9300,200,6869800,64272000000,-100,false,-1.06
"HAG",133048,"/Date(1700548278000)/",9300,100,6869600,64270000000,-100,false,-1.06
"HAG",133048,"/Date(1700548278000)/",9300,100,6869500,64269000000,-100,false,-1.06
"HAG",133048,"/Date(1700548278000)/",9300,3000,6869400,64268000000,-100,false,-1.06
"HAG",133048,"/Date(1700548278000)/",9300,100,6866400,64240000000,-100,false,-1.06
"HAG",133048,"/Date(1700548278000)/",9300,100,6866300,64239000000,-100,false,-1.06
"HAG",133048,"/Date(1700548278000)/",9300,500,6866200,64238000000,-100,false,-1.06
"HAG",133041,"/Date(1700548272000)/",9300,1200,6865700,64234000000,-100,false,-1.06
"HAG",133038,"/Date(1700548269000)/",9300,100,6864500,64222000000,-100,false,-1.06
"HAG",133038,"/Date(1700548268000)/",9280,1800,6864400,64221000000,-120,true,-1.28
"HAG",133038,"/Date(1700548268000)/",9290,200,6862600,64205000000,-110,true,-1.17
"HAG",133035,"/Date(1700548267000)/",9300,1200,6862400,64203000000,-100,false,-1.06
"HAG",133035,"/Date(1700548267000)/",9300,2000,6861200,64192000000,-100,false,-1.06
"HAG",133035,"/Date(1700548267000)/",9300,2000,6859200,64173000000,-100,false,-1.06
"HAG",133035,"/Date(1700548267000)/",9300,1800,6857200,64155000000,-100,false,-1.06
