"Stockcode","Package","TradingDate","Price","Vol","TotalVol","TotalVal","Change","IsBuy","PerChange"
"TLD",144427,"/Date(1700552702000)/",5740,49500,1833900,10487000000,230,false,4.17
"TLD",142907,"/Date(1700551784000)/",5710,3900,1784400,10203000000,200,false,3.63
"TLD",142832,"/Date(1700551746000)/",5710,1500,1780500,10181000000,200,true,3.63
"TLD",142819,"/Date(1700551735000)/",5710,100,1779000,10172000000,200,false,3.63
"TLD",142819,"/Date(1700551735000)/",5710,700,1778900,10172000000,200,false,3.63
"TLD",142816,"/Date(1700551730000)/",5710,800,1778200,10168000000,200,false,3.63
"TLD",142800,"/Date(1700551715000)/",5710,1000,1777400,10163000000,200,false,3.63
"TLD",142744,"/Date(1700551700000)/",5710,2000,1776400,10158000000,200,false,3.63
"TLD",142702,"/Date(1700551658000)/",5710,1000,1774400,10146000000,200,false,3.63
"TLD",142656,"/Date(1700551652000)/",5710,100,1773400,10140000000,200,false,3.63
"TLD",142652,"/Date(1700551647000)/",5710,1000,1773300,10140000000,200,false,3.63
"TLD",142649,"/Date(1700551646000)/",5710,7000,1772300,10134000000,200,false,3.63
"TLD",142614,"/Date(1700551609000)/",5710,500,1765300,10094000000,200,false,3.63
"TLD",142510,"/Date(1700551545000)/",5710,100,1764800,10091000000,200,false,3.63
"TLD",142510,"/Date(1700551545000)/",5710,1200,1764700,10091000000,200,false,3.63
"TLD",142504,"/Date(1700551540000)/",5710,5000,1763500,10084000000,200,false,3.63
"TLD",142454,"/Date(1700551530000)/",5710,2000,1758500,10055000000,200,false,3.63
"TLD",142425,"/Date(1700551501000)/",5710,300,1756500,10044000000,200,false,3.63
"TLD",142403,"/Date(1700551479000)/",5710,5000,1756200,10042000000,200,false,3.63
"TLD",142305,"/Date(1700551421000)/",5710,2100,1751200,10014000000,200,true,3.63
"TLD",142259,"/Date(1700551414000)/",5710,100,1749100,10002000000,200,false,3.63
"TLD",142259,"/Date(1700551414000)/",5710,100,1749000,10001000000,200,false,3.63
"TLD",142259,"/Date(1700551414000)/",5710,2700,1748900,10001000000,200,false,3.63
"TLD",142256,"/Date(1700551410000)/",5710,10000,1746200,9985000000,200,false,3.63
"TLD",142230,"/Date(1700551386000)/",5710,300,1736200,9928000000,200,false,3.63
"TLD",141826,"/Date(1700551141000)/",5710,500,1735900,9926000000,200,false,3.63
"TLD",141804,"/Date(1700551119000)/",5710,1800,1735400,9923000000,200,false,3.63
"TLD",141751,"/Date(1700551107000)/",5710,100,1733600,9913000000,200,false,3.63
"TLD",141748,"/Date(1700551102000)/",5710,10000,1733500,9913000000,200,true,3.63
"TLD",141748,"/Date(1700551102000)/",5710,200,1723500,9856000000,200,true,3.63
"TLD",141713,"/Date(1700551068000)/",5710,1100,1723300,9854000000,200,false,3.63
"TLD",141654,"/Date(1700551047000)/",5710,1200,1722200,9848000000,200,false,3.63
"TLD",141622,"/Date(1700551015000)/",5710,6700,1721000,9841000000,200,false,3.63
"TLD",141609,"/Date(1700551005000)/",5710,1000,1714300,9803000000,200,false,3.63
"TLD",141602,"/Date(1700550997000)/",5710,1000,1713300,9797000000,200,false,3.63
"TLD",141449,"/Date(1700550925000)/",5710,3300,1712300,9792000000,200,false,3.63
"TLD",141443,"/Date(1700550919000)/",5710,2500,1709000,9773000000,200,false,3.63
"TLD",141423,"/Date(1700550896000)/",5710,1000,1706500,9758000000,200,false,3.63
"TLD",141341,"/Date(1700550856000)/",5710,2500,1705500,9753000000,200,false,3.63
"TLD",141253,"/Date(1700550809000)/",5710,300,1703000,9738000000,200,true,3.63
"TLD",141253,"/Date(1700550807000)/",5710,1400,1702700,9737000000,200,true,3.63
"TLD",141241,"/Date(1700550794000)/",5710,8600,1701300,9729000000,200,false,3.63
"TLD",141036,"/Date(1700550671000)/",5710,100,1692700,9680000000,200,false,3.63
"TLD",140812,"/Date(1700550527000)/",5710,2000,1692600,9679000000,200,true,3.63
"TLD",140812,"/Date(1700550527000)/",5710,700,1690600,9668000000,200,true,3.63
"TLD",140812,"/Date(1700550527000)/",5710,600,1689900,9664000000,200,true,3.63
"TLD",140812,"/Date(1700550527000)/",5710,200,1689300,9660000000,200,true,3.63
"TLD",140503,"/Date(1700550336000)/",5760,100,1689100,9659000000,250,false,4.54
"TLD",140503,"/Date(1700550336000)/",5750,200,1689000,9659000000,240,false,4.36
"TLD",140344,"/Date(1700550257000)/",5750,300,1688800,9657000000,240,false,4.36
"TLD",140344,"/Date(1700550257000)/",5740,400,1688500,9656000000,230,false,4.17
"TLD",140344,"/Date(1700550257000)/",5740,1000,1688100,9653000000,230,false,4.17
"TLD",140344,"/Date(1700550257000)/",5730,300,1687100,9648000000,220,false,3.99
"TLD",140221,"/Date(1700550173000)/",5700,3200,1686800,9646000000,190,true,3.45
"TLD",140041,"/Date(1700550076000)/",5700,1000,1683600,9628000000,190,true,3.45
"TLD",135654,"/Date(1700549848000)/",5710,5000,1682600,9622000000,200,false,3.63
"TLD",135427,"/Date(1700549700000)/",5710,200,1677600,9593000000,200,false,3.63
"TLD",135408,"/Date(1700549681000)/",5710,800,1677400,9592000000,200,false,3.63
"TLD",135352,"/Date(1700549664000)/",5710,200,1676600,9588000000,200,false,3.63
"TLD",135336,"/Date(1700549649000)/",5710,100,1676400,9587000000,200,false,3.63
"TLD",135304,"/Date(1700549616000)/",5710,200,1676300,9586000000,200,false,3.63
"TLD",135251,"/Date(1700549604000)/",5710,6400,1676100,9585000000,200,true,3.63
"TLD",135232,"/Date(1700549583000)/",5710,3600,1669700,9548000000,200,true,3.63
"TLD",135219,"/Date(1700549572000)/",5710,3300,1666100,9528000000,200,false,3.63
"TLD",135157,"/Date(1700549550000)/",5710,3400,1662800,9509000000,200,false,3.63
"TLD",135119,"/Date(1700549510000)/",5710,2200,1659400,9489000000,200,false,3.63
"TLD",135102,"/Date(1700549494000)/",5730,100,1657200,9477000000,220,false,3.99
"TLD",135102,"/Date(1700549494000)/",5720,200,1657100,9476000000,210,false,3.81
"TLD",135053,"/Date(1700549486000)/",5700,8300,1656900,9475000000,190,true,3.45
"TLD",135053,"/Date(1700549486000)/",5700,1000,1648600,9428000000,190,true,3.45
"TLD",135053,"/Date(1700549486000)/",5700,500,1647600,9422000000,190,true,3.45
"TLD",135053,"/Date(1700549486000)/",5700,100,1647100,9419000000,190,true,3.45
"TLD",135053,"/Date(1700549486000)/",5700,100,1647000,9419000000,190,true,3.45
"TLD",135037,"/Date(1700549471000)/",5710,100,1646900,9418000000,200,false,3.63
"TLD",135037,"/Date(1700549471000)/",5710,2000,1646800,9418000000,200,false,3.63
"TLD",135011,"/Date(1700549442000)/",5710,1000,1644800,9406000000,200,false,3.63
"TLD",134943,"/Date(1700549416000)/",5710,2000,1643800,9400000000,200,false,3.63
"TLD",134939,"/Date(1700549412000)/",5710,1000,1641800,9389000000,200,false,3.63
"TLD",134923,"/Date(1700549395000)/",5710,200,1640800,9383000000,200,false,3.63
"TLD",134858,"/Date(1700549370000)/",5710,100,1640600,9382000000,200,false,3.63
"TLD",134851,"/Date(1700549365000)/",5710,2600,1640500,9382000000,200,false,3.63
"TLD",134848,"/Date(1700549362000)/",5710,10000,1637900,9367000000,200,false,3.63
"TLD",134823,"/Date(1700549334000)/",5710,500,1627900,9310000000,200,false,3.63
"TLD",134741,"/Date(1700549293000)/",5710,1400,1627400,9307000000,200,false,3.63
"TLD",134719,"/Date(1700549270000)/",5710,500,1626000,9299000000,200,false,3.63
"TLD",134644,"/Date(1700549235000)/",5710,900,1625500,9296000000,200,false,3.63
"TLD",134644,"/Date(1700549235000)/",5710,200,1624600,9291000000,200,false,3.63
"TLD",134644,"/Date(1700549235000)/",5720,100,1624400,9290000000,210,false,3.81
"TLD",134644,"/Date(1700549235000)/",5720,700,1624300,9289000000,210,false,3.81
"TLD",134644,"/Date(1700549235000)/",5720,300,1623600,9285000000,210,false,3.81
"TLD",134621,"/Date(1700549212000)/",5730,700,1623300,9283000000,220,false,3.99
"TLD",134621,"/Date(1700549212000)/",5730,700,1622600,9279000000,220,false,3.99
"TLD",134621,"/Date(1700549212000)/",5730,200,1621900,9275000000,220,false,3.99
"TLD",134621,"/Date(1700549212000)/",5740,200,1621700,9274000000,230,false,4.17
"TLD",134621,"/Date(1700549212000)/",5740,200,1621500,9273000000,230,false,4.17
"TLD",134621,"/Date(1700549212000)/",5740,600,1621300,9272000000,230,false,4.17
"TLD",134621,"/Date(1700549212000)/",5740,500,1620700,9269000000,230,false,4.17
"TLD",134621,"/Date(1700549212000)/",5740,600,1620200,9266000000,230,false,4.17
"TLD",134621,"/Date(1700549212000)/",5740,100,1619600,9262000000,230,false,4.17
"TLD",134621,"/Date(1700549212000)/",5740,200,1619500,9262000000,230,false,4.17
"TLD",134559,"/Date(1700549190000)/",5740,300,1619300,9260000000,230,true,4.17
"TLD",134549,"/Date(1700549181000)/",5740,500,1619000,9259000000,230,true,4.17
"TLD",134543,"/Date(1700549176000)/",5750,1500,1618500,9256000000,240,false,4.36
"TLD",134537,"/Date(1700549169000)/",5750,500,1617000,9247000000,240,false,4.36
"TLD",134521,"/Date(1700549153000)/",5750,500,1616500,9244000000,240,true,4.36
"TLD",134521,"/Date(1700549153000)/",5750,500,1616000,9242000000,240,true,4.36
"TLD",134521,"/Date(1700549153000)/",5750,500,1615500,9239000000,240,true,4.36
"TLD",134521,"/Date(1700549153000)/",5750,500,1615000,9236000000,240,true,4.36
"TLD",134455,"/Date(1700549127000)/",5760,400,1614500,9233000000,250,false,4.54
"TLD",134455,"/Date(1700549127000)/",5760,500,1614100,9231000000,250,false,4.54
"TLD",134455,"/Date(1700549127000)/",5760,400,1613600,9228000000,250,false,4.54
"TLD",134455,"/Date(1700549127000)/",5760,500,1613200,9225000000,250,false,4.54
"TLD",134455,"/Date(1700549127000)/",5760,400,1612700,9223000000,250,false,4.54
"TLD",134455,"/Date(1700549127000)/",5760,29000,1612300,9220000000,250,false,4.54
"TLD",134452,"/Date(1700549124000)/",5760,10000,1583300,9053000000,250,true,4.54
"TLD",134445,"/Date(1700549116000)/",5770,300,1573300,8996000000,260,true,4.72
"TLD",134445,"/Date(1700549116000)/",5770,500,1573000,8994000000,260,true,4.72
"TLD",134445,"/Date(1700549116000)/",5770,300,1572500,8991000000,260,true,4.72
"TLD",134430,"/Date(1700549101000)/",5770,1400,1572200,8989000000,260,true,4.72
"TLD",134430,"/Date(1700549101000)/",5770,100,1570800,8981000000,260,true,4.72
"TLD",134426,"/Date(1700549098000)/",5780,500,1570700,8981000000,270,false,4.9
"TLD",134423,"/Date(1700549095000)/",5780,200,1570200,8978000000,270,false,4.9
"TLD",134423,"/Date(1700549094000)/",5770,200,1570000,8977000000,260,true,4.72
"TLD",134423,"/Date(1700549094000)/",5770,500,1569800,8975000000,260,true,4.72
"TLD",134410,"/Date(1700549081000)/",5780,100,1569300,8972000000,270,false,4.9
"TLD",134354,"/Date(1700549066000)/",5780,3500,1569200,8972000000,270,false,4.9
"TLD",134354,"/Date(1700549066000)/",5780,100,1565700,8952000000,270,false,4.9
"TLD",134354,"/Date(1700549066000)/",5780,500,1565600,8951000000,270,false,4.9
"TLD",134354,"/Date(1700549066000)/",5780,200,1565100,8948000000,270,false,4.9
"TLD",134354,"/Date(1700549066000)/",5780,200,1564900,8947000000,270,false,4.9
"TLD",134345,"/Date(1700549055000)/",5790,400,1564700,8946000000,280,false,5.08
"TLD",134345,"/Date(1700549055000)/",5790,500,1564300,8944000000,280,false,5.08
"TLD",134345,"/Date(1700549055000)/",5790,100,1563800,8941000000,280,false,5.08
"TLD",134345,"/Date(1700549055000)/",5790,100000,1563700,8940000000,280,false,5.08
"TLD",134345,"/Date(1700549055000)/",5790,15000,1463700,8361000000,280,false,5.08
"TLD",134257,"/Date(1700549009000)/",5800,1400,1448700,8274000000,290,false,5.26
"TLD",134206,"/Date(1700548958000)/",5800,2700,1447300,8266000000,290,false,5.26
"TLD",134140,"/Date(1700548930000)/",5800,2200,1444600,8250000000,290,false,5.26
"TLD",134052,"/Date(1700548882000)/",5800,100,1442400,8238000000,290,false,5.26
"TLD",134049,"/Date(1700548882000)/",5800,600,1442300,8237000000,290,false,5.26
"TLD",134049,"/Date(1700548879000)/",5800,900,1441700,8234000000,290,false,5.26
"TLD",134039,"/Date(1700548872000)/",5800,7700,1440800,8228000000,290,false,5.26
"TLD",134039,"/Date(1700548870000)/",5800,900,1433100,8184000000,290,false,5.26
"TLD",133935,"/Date(1700548807000)/",5810,1400,1432200,8179000000,300,false,5.44
"TLD",133935,"/Date(1700548807000)/",5810,17200,1430800,8170000000,300,false,5.44
"TLD",133935,"/Date(1700548807000)/",5810,500,1413600,8070000000,300,false,5.44
"TLD",133935,"/Date(1700548807000)/",5810,1000,1413100,8068000000,300,false,5.44
"TLD",133935,"/Date(1700548807000)/",5810,1000,1412100,8062000000,300,false,5.44
"TLD",133935,"/Date(1700548807000)/",5810,100,1411100,8056000000,300,false,5.44
"TLD",133935,"/Date(1700548807000)/",5810,1000,1411000,8055000000,300,false,5.44
"TLD",133935,"/Date(1700548807000)/",5810,100,1410000,8050000000,300,false,5.44
"TLD",133935,"/Date(1700548807000)/",5810,100,1409900,8049000000,300,false,5.44
"TLD",133935,"/Date(1700548807000)/",5800,100,1409800,8048000000,290,false,5.26
"TLD",133935,"/Date(1700548807000)/",5800,100,1409700,8048000000,290,false,5.26
"TLD",133935,"/Date(1700548807000)/",5800,5000,1409600,8047000000,290,false,5.26
"TLD",133935,"/Date(1700548807000)/",5800,2400,1404600,8018000000,290,false,5.26
"TLD",133919,"/Date(1700548791000)/",5800,300,1402200,8004000000,290,false,5.26
"TLD",133910,"/Date(1700548782000)/",5800,1000,1401900,8003000000,290,false,5.26
"TLD",133906,"/Date(1700548778000)/",5800,500,1400900,7997000000,290,false,5.26
"TLD",133906,"/Date(1700548777000)/",5800,800,1400400,7994000000,290,false,5.26
"TLD",133903,"/Date(1700548774000)/",5800,1700,1399600,7989000000,290,false,5.26
"TLD",133857,"/Date(1700548769000)/",5800,200,1397900,7979000000,290,false,5.26
"TLD",133854,"/Date(1700548765000)/",5800,3000,1397700,7978000000,290,false,5.26
"TLD",133851,"/Date(1700548761000)/",5800,100,1394700,7961000000,290,false,5.26
"TLD",133851,"/Date(1700548761000)/",5800,700,1394600,7960000000,290,false,5.26
"TLD",133851,"/Date(1700548760000)/",5790,10000,1393900,7956000000,280,true,5.08
"TLD",133847,"/Date(1700548757000)/",5800,1100,1383900,7898000000,290,false,5.26
"TLD",133841,"/Date(1700548754000)/",5790,100,1382800,7892000000,280,true,5.08
"TLD",133841,"/Date(1700548753000)/",5800,500,1382700,7891000000,290,false,5.26
"TLD",133831,"/Date(1700548743000)/",5800,500,1382200,7888000000,290,false,5.26
"TLD",133828,"/Date(1700548740000)/",5800,1100,1381700,7886000000,290,false,5.26
"TLD",133828,"/Date(1700548740000)/",5790,20000,1380600,7879000000,280,true,5.08
"TLD",133822,"/Date(1700548734000)/",5800,600,1360600,7763000000,290,false,5.26
"TLD",133818,"/Date(1700548730000)/",5790,100,1360000,7760000000,280,true,5.08
"TLD",133809,"/Date(1700548720000)/",5800,500,1359900,7759000000,290,false,5.26
"TLD",133809,"/Date(1700548720000)/",5800,2500,1359400,7756000000,290,false,5.26
"TLD",133743,"/Date(1700548693000)/",5800,1000,1356900,7742000000,290,false,5.26
"TLD",133737,"/Date(1700548688000)/",5800,700,1355900,7736000000,290,false,5.26
"TLD",133731,"/Date(1700548681000)/",5800,2000,1355200,7732000000,290,false,5.26
"TLD",133731,"/Date(1700548680000)/",5800,1000,1353200,7720000000,290,false,5.26
"TLD",133721,"/Date(1700548672000)/",5800,200,1352200,7715000000,290,false,5.26
"TLD",133708,"/Date(1700548661000)/",5800,1100,1352000,7713000000,290,true,5.26
"TLD",133708,"/Date(1700548661000)/",5800,11400,1350900,7707000000,290,true,5.26
"TLD",133659,"/Date(1700548651000)/",5800,100,1339500,7641000000,290,false,5.26
"TLD",133659,"/Date(1700548651000)/",5800,5000,1339400,7640000000,290,false,5.26
"TLD",133659,"/Date(1700548651000)/",5800,500,1334400,7611000000,290,false,5.26
"TLD",133659,"/Date(1700548651000)/",5800,500,1333900,7608000000,290,false,5.26
"TLD",133659,"/Date(1700548651000)/",5800,600,1333400,7606000000,290,false,5.26
"TLD",133659,"/Date(1700548651000)/",5800,1500,1332800,7602000000,290,false,5.26
"TLD",133659,"/Date(1700548651000)/",5800,300,1331300,7593000000,290,false,5.26
"TLD",133659,"/Date(1700548651000)/",5800,1000,1331000,7592000000,290,false,5.26
"TLD",133659,"/Date(1700548651000)/",5800,200,1330000,7586000000,290,false,5.26
"TLD",133659,"/Date(1700548651000)/",5800,30000,1329800,7585000000,290,false,5.26
"TLD",133659,"/Date(1700548651000)/",5800,200,1299800,7411000000,290,false,5.26
"TLD",133659,"/Date(1700548651000)/",5800,48700,1299600,7410000000,290,false,5.26
"TLD",133659,"/Date(1700548648000)/",5800,3300,1250900,7127000000,290,false,5.26
"TLD",133659,"/Date(1700548648000)/",5800,1700,1247600,7108000000,290,false,5.26
"TLD",133655,"/Date(1700548646000)/",5800,12000,1245900,7098000000,290,false,5.26
"TLD",133652,"/Date(1700548645000)/",5800,2200,1233900,7028000000,290,false,5.26
"TLD",133649,"/Date(1700548641000)/",5800,1500,1231700,7016000000,290,false,5.26
"TLD",133646,"/Date(1700548638000)/",5800,2600,1230200,7007000000,290,false,5.26
"TLD",133646,"/Date(1700548638000)/",5800,100,1227600,6992000000,290,false,5.26
"TLD",133646,"/Date(1700548638000)/",5800,2300,1227500,6991000000,290,false,5.26
"TLD",133643,"/Date(1700548634000)/",5800,600,1225200,6978000000,290,false,5.26
"TLD",133627,"/Date(1700548618000)/",5800,2000,1224600,6975000000,290,false,5.26
"TLD",133620,"/Date(1700548613000)/",5790,100,1222600,6963000000,280,true,5.08
"TLD",133551,"/Date(1700548581000)/",5790,30000,1222500,6962000000,280,true,5.08
"TLD",133548,"/Date(1700548580000)/",5800,100,1192500,6789000000,290,false,5.26
"TLD",133539,"/Date(1700548569000)/",5790,100,1192400,6788000000,280,true,5.08
"TLD",133535,"/Date(1700548568000)/",5790,20000,1192300,6788000000,280,true,5.08
"TLD",133535,"/Date(1700548566000)/",5790,4600,1172300,6672000000,280,true,5.08
"TLD",133532,"/Date(1700548565000)/",5790,200,1167700,6645000000,280,false,5.08
"TLD",133523,"/Date(1700548552000)/",5790,200,1167500,6644000000,280,false,5.08
"TLD",133523,"/Date(1700548552000)/",5790,100,1167300,6643000000,280,false,5.08
"TLD",133523,"/Date(1700548549000)/",5780,900,1167200,6642000000,270,true,4.9
"TLD",133516,"/Date(1700548546000)/",5790,200,1166300,6637000000,280,false,5.08
"TLD",133516,"/Date(1700548546000)/",5790,100,1166100,6636000000,280,false,5.08
"TLD",133516,"/Date(1700548546000)/",5790,1400,1166000,6635000000,280,false,5.08
"TLD",133513,"/Date(1700548544000)/",5790,1100,1164600,6627000000,280,false,5.08
"TLD",133510,"/Date(1700548539000)/",5790,700,1163500,6621000000,280,false,5.08
"TLD",133503,"/Date(1700548535000)/",5790,800,1162800,6617000000,280,false,5.08
"TLD",133500,"/Date(1700548531000)/",5790,1000,1162000,6612000000,280,false,5.08
"TLD",133500,"/Date(1700548531000)/",5790,2000,1161000,6606000000,280,false,5.08
"TLD",133454,"/Date(1700548526000)/",5790,600,1159000,6595000000,280,false,5.08
"TLD",133454,"/Date(1700548525000)/",5790,2400,1158400,6591000000,280,false,5.08
"TLD",133454,"/Date(1700548525000)/",5790,1500,1156000,6577000000,280,false,5.08
"TLD",133451,"/Date(1700548523000)/",5790,100,1154500,6569000000,280,false,5.08
"TLD",133444,"/Date(1700548514000)/",5780,100,1154400,6568000000,270,true,4.9
"TLD",133422,"/Date(1700548493000)/",5790,200,1154300,6568000000,280,false,5.08
"TLD",133419,"/Date(1700548490000)/",5790,800,1154100,6566000000,280,false,5.08
"TLD",133419,"/Date(1700548488000)/",5790,2400,1153300,6562000000,280,false,5.08
"TLD",133419,"/Date(1700548488000)/",5790,2600,1150900,6548000000,280,false,5.08
"TLD",133415,"/Date(1700548486000)/",5790,500,1148300,6533000000,280,false,5.08
"TLD",133412,"/Date(1700548483000)/",5790,300,1147800,6530000000,280,false,5.08
"TLD",133406,"/Date(1700548478000)/",5790,1100,1147500,6528000000,280,false,5.08
"TLD",133343,"/Date(1700548454000)/",5780,400,1146400,6522000000,270,true,4.9
"TLD",133340,"/Date(1700548451000)/",5790,500,1146000,6519000000,280,false,5.08
"TLD",133340,"/Date(1700548451000)/",5790,500,1145500,6517000000,280,false,5.08
"TLD",133340,"/Date(1700548451000)/",5790,1400,1145000,6514000000,280,false,5.08
"TLD",133340,"/Date(1700548451000)/",5790,600,1143600,6506000000,280,false,5.08
"TLD",133324,"/Date(1700548435000)/",5790,300,1143000,6502000000,280,false,5.08
"TLD",133324,"/Date(1700548435000)/",5790,200,1142700,6500000000,280,false,5.08
"TLD",133318,"/Date(1700548427000)/",5790,900,1142500,6499000000,280,false,5.08
"TLD",133305,"/Date(1700548415000)/",5790,500,1141600,6494000000,280,false,5.08
"TLD",133224,"/Date(1700548374000)/",5790,400,1141100,6491000000,280,false,5.08
"TLD",133224,"/Date(1700548374000)/",5790,500,1140700,6489000000,280,false,5.08
"TLD",133224,"/Date(1700548374000)/",5780,100,1140200,6486000000,270,true,4.9
"TLD",133217,"/Date(1700548367000)/",5790,1200,1140100,6485000000,280,false,5.08
"TLD",133211,"/Date(1700548360000)/",5790,300,1138900,6478000000,280,false,5.08
"TLD",133129,"/Date(1700548320000)/",5780,100,1138600,6477000000,270,false,4.9
"TLD",133117,"/Date(1700548308000)/",5780,1300,1138500,6476000000,270,false,4.9
"TLD",133113,"/Date(1700548305000)/",5780,1800,1137200,6469000000,270,false,4.9
"TLD",133113,"/Date(1700548305000)/",5780,200,1135400,6458000000,270,false,4.9
"TLD",133101,"/Date(1700548292000)/",5780,4000,1135200,6457000000,270,false,4.9
"TLD",133016,"/Date(1700548246000)/",5780,200,1131200,6434000000,270,true,4.9
"TLD",133016,"/Date(1700548246000)/",5780,600,1131000,6433000000,270,true,4.9
"TLD",133013,"/Date(1700548243000)/",5780,200,1130400,6429000000,270,true,4.9
"TLD",132954,"/Date(1700548224000)/",5780,500,1130200,6428000000,270,false,4.9
"TLD",132954,"/Date(1700548224000)/",5780,500,1129700,6425000000,270,false,4.9
"TLD",132954,"/Date(1700548224000)/",5780,1300,1129200,6422000000,270,false,4.9
"TLD",132954,"/Date(1700548224000)/",5780,4900,1127900,6415000000,270,false,4.9
"TLD",132947,"/Date(1700548216000)/",5780,100,1123000,6386000000,270,false,4.9
"TLD",132947,"/Date(1700548216000)/",5780,800,1122900,6386000000,270,false,4.9
"TLD",132947,"/Date(1700548216000)/",5780,4100,1122100,6381000000,270,false,4.9
"TLD",132934,"/Date(1700548203000)/",5780,100,1118000,6358000000,270,false,4.9
"TLD",132928,"/Date(1700548198000)/",5780,5800,1117900,6357000000,270,false,4.9
"TLD",132924,"/Date(1700548195000)/",5770,5000,1112100,6323000000,260,false,4.72
"TLD",132924,"/Date(1700548195000)/",5770,500,1107100,6295000000,260,false,4.72
"TLD",132924,"/Date(1700548195000)/",5770,1200,1106600,6292000000,260,false,4.72
"TLD",132924,"/Date(1700548195000)/",5770,700,1105400,6285000000,260,false,4.72
"TLD",132924,"/Date(1700548195000)/",5770,100,1104700,6281000000,260,false,4.72
"TLD",132921,"/Date(1700548192000)/",5770,900,1104600,6280000000,260,false,4.72
"TLD",132859,"/Date(1700548169000)/",5760,1000,1103700,6275000000,250,true,4.54
"TLD",132859,"/Date(1700548169000)/",5760,100,1102700,6269000000,250,true,4.54
"TLD",132840,"/Date(1700548150000)/",5760,1000,1102600,6269000000,250,true,4.54
"TLD",132837,"/Date(1700548147000)/",5760,3900,1101600,6263000000,250,true,4.54
"TLD",132820,"/Date(1700548130000)/",5760,5000,1097700,6240000000,250,true,4.54
"TLD",132752,"/Date(1700548103000)/",5750,4800,1092700,6212000000,240,true,4.36
"TLD",132752,"/Date(1700548103000)/",5760,200,1087900,6184000000,250,false,4.54
"TLD",132752,"/Date(1700548102000)/",5770,4000,1087700,6183000000,260,false,4.72
"TLD",132749,"/Date(1700548098000)/",5760,500,1083700,6160000000,250,true,4.54
"TLD",132749,"/Date(1700548098000)/",5760,1100,1083200,6157000000,250,true,4.54
"TLD",132749,"/Date(1700548098000)/",5760,600,1082100,6151000000,250,true,4.54
"TLD",132749,"/Date(1700548098000)/",5760,5000,1081500,6147000000,250,true,4.54
"TLD",132749,"/Date(1700548098000)/",5760,100,1076500,6118000000,250,true,4.54
"TLD",132749,"/Date(1700548098000)/",5760,2500,1076400,6118000000,250,true,4.54
"TLD",132742,"/Date(1700548093000)/",5750,100,1073900,6103000000,240,true,4.36
"TLD",132742,"/Date(1700548091000)/",5750,100,1073800,6103000000,240,true,4.36
"TLD",132739,"/Date(1700548089000)/",5750,200,1073700,6102000000,240,false,4.36
"TLD",132739,"/Date(1700548089000)/",5750,10000,1073500,6101000000,240,false,4.36
"TLD",132739,"/Date(1700548089000)/",5750,500,1063500,6044000000,240,false,4.36
"TLD",132739,"/Date(1700548089000)/",5750,500,1063000,6041000000,240,false,4.36
"TLD",132739,"/Date(1700548089000)/",5750,500,1062500,6038000000,240,false,4.36
"TLD",132739,"/Date(1700548089000)/",5750,700,1062000,6035000000,240,false,4.36
"TLD",132733,"/Date(1700548082000)/",5750,4300,1061300,6031000000,240,false,4.36
"TLD",132733,"/Date(1700548082000)/",5750,2700,1057000,6006000000,240,false,4.36
"TLD",132717,"/Date(1700548068000)/",5750,400,1054300,5991000000,240,false,4.36
"TLD",132704,"/Date(1700548055000)/",5750,1900,1053900,5988000000,240,false,4.36
"TLD",132704,"/Date(1700548055000)/",5750,500,1052000,5977000000,240,false,4.36
"TLD",132704,"/Date(1700548055000)/",5750,100,1051500,5975000000,240,false,4.36
"TLD",132704,"/Date(1700548055000)/",5750,200,1051400,5974000000,240,false,4.36
"TLD",132704,"/Date(1700548055000)/",5750,100,1051200,5973000000,240,false,4.36
"TLD",132701,"/Date(1700548052000)/",5750,600,1051100,5972000000,240,false,4.36
"TLD",132619,"/Date(1700548010000)/",5750,100,1050500,5969000000,240,false,4.36
"TLD",132619,"/Date(1700548010000)/",5750,700,1050400,5968000000,240,false,4.36
"TLD",132619,"/Date(1700548009000)/",5750,800,1049700,5964000000,240,false,4.36
"TLD",132613,"/Date(1700548003000)/",5750,300,1048900,5960000000,240,false,4.36
"TLD",132609,"/Date(1700547999000)/",5750,2400,1048600,5958000000,240,false,4.36
"TLD",132557,"/Date(1700547988000)/",5750,800,1046200,5944000000,240,false,4.36
"TLD",132557,"/Date(1700547988000)/",5750,100,1045400,5939000000,240,false,4.36
"TLD",132553,"/Date(1700547984000)/",5750,1100,1045300,5939000000,240,false,4.36
"TLD",132550,"/Date(1700547980000)/",5750,800,1044200,5933000000,240,false,4.36
"TLD",132544,"/Date(1700547975000)/",5750,600,1043400,5928000000,240,false,4.36
"TLD",132518,"/Date(1700547948000)/",5740,100,1042800,5925000000,230,false,4.17
"TLD",132518,"/Date(1700547948000)/",5740,500,1042700,5924000000,230,false,4.17
"TLD",132518,"/Date(1700547948000)/",5740,2400,1042200,5921000000,230,false,4.17
"TLD",132450,"/Date(1700547920000)/",5740,500,1039800,5907000000,230,false,4.17
"TLD",132437,"/Date(1700547906000)/",5740,5000,1039300,5904000000,230,false,4.17
"TLD",132408,"/Date(1700547879000)/",5730,100,1034300,5876000000,220,true,3.99
"TLD",132320,"/Date(1700547829000)/",5740,700,1034200,5875000000,230,false,4.17
"TLD",132314,"/Date(1700547825000)/",5740,1300,1033500,5871000000,230,false,4.17
"TLD",132314,"/Date(1700547825000)/",5740,400,1032200,5864000000,230,false,4.17
"TLD",132314,"/Date(1700547823000)/",5740,300,1031800,5861000000,230,false,4.17
"TLD",132311,"/Date(1700547820000)/",5740,600,1031500,5860000000,230,false,4.17
"TLD",132307,"/Date(1700547816000)/",5740,1000,1030900,5856000000,230,false,4.17
"TLD",132304,"/Date(1700547813000)/",5740,1200,1029900,5850000000,230,false,4.17
"TLD",132239,"/Date(1700547787000)/",5740,300,1028700,5844000000,230,false,4.17
"TLD",132239,"/Date(1700547787000)/",5740,1300,1028400,5842000000,230,false,4.17
"TLD",132239,"/Date(1700547787000)/",5740,500,1027100,5834000000,230,false,4.17
"TLD",132239,"/Date(1700547787000)/",5740,400,1026600,5832000000,230,false,4.17
"TLD",132239,"/Date(1700547787000)/",5740,100,1026200,5829000000,230,false,4.17
"TLD",132239,"/Date(1700547787000)/",5740,5000,1026100,5829000000,230,false,4.17
"TLD",132239,"/Date(1700547787000)/",5740,400,1021100,5800000000,230,false,4.17
"TLD",132239,"/Date(1700547787000)/",5740,300,1020700,5798000000,230,false,4.17
"TLD",132232,"/Date(1700547783000)/",5740,2200,1020400,5796000000,230,false,4.17
"TLD",132229,"/Date(1700547779000)/",5740,2200,1018200,5783000000,230,false,4.17
"TLD",132219,"/Date(1700547770000)/",5740,300,1016000,5771000000,230,false,4.17
"TLD",132207,"/Date(1700547756000)/",5730,100,1015700,5769000000,220,false,3.99
"TLD",132207,"/Date(1700547756000)/",5730,100,1015600,5768000000,220,false,3.99
"TLD",132207,"/Date(1700547756000)/",5730,100,1015500,5768000000,220,false,3.99
"TLD",132207,"/Date(1700547756000)/",5730,100,1015400,5767000000,220,false,3.99
"TLD",132207,"/Date(1700547756000)/",5730,1500,1015300,5767000000,220,false,3.99
"TLD",132207,"/Date(1700547756000)/",5730,1000,1013800,5758000000,220,false,3.99
"TLD",132103,"/Date(1700547693000)/",5730,1000,1012800,5752000000,220,false,3.99
"TLD",132047,"/Date(1700547676000)/",5720,100,1011800,5747000000,210,false,3.81
"TLD",132031,"/Date(1700547659000)/",5720,4900,1011700,5746000000,210,false,3.81
"TLD",132031,"/Date(1700547659000)/",5720,3100,1006800,5718000000,210,false,3.81
"TLD",131959,"/Date(1700547630000)/",5710,1000,1003700,5700000000,200,false,3.63
"TLD",131959,"/Date(1700547630000)/",5710,100,1002700,5695000000,200,false,3.63
"TLD",131959,"/Date(1700547630000)/",5710,100,1002600,5694000000,200,false,3.63
"TLD",131959,"/Date(1700547630000)/",5710,500,1002500,5693000000,200,false,3.63
"TLD",131745,"/Date(1700547494000)/",5700,2400,1002000,5691000000,190,true,3.45
"TLD",131745,"/Date(1700547494000)/",5700,1000,999600,5677000000,190,true,3.45
"TLD",131726,"/Date(1700547475000)/",5700,2500,998600,5671000000,190,true,3.45
"TLD",131628,"/Date(1700547416000)/",5700,100,996100,5657000000,190,true,3.45
"TLD",131625,"/Date(1700547414000)/",5700,100,996000,5656000000,190,true,3.45
"TLD",131622,"/Date(1700547411000)/",5700,100,995900,5656000000,190,true,3.45
"TLD",131622,"/Date(1700547410000)/",5700,100,995800,5655000000,190,true,3.45
"TLD",131619,"/Date(1700547408000)/",5700,100,995700,5655000000,190,true,3.45
"TLD",131521,"/Date(1700547351000)/",5700,100,995600,5654000000,190,true,3.45
"TLD",131508,"/Date(1700547337000)/",5710,9000,995500,5654000000,200,false,3.63
"TLD",131424,"/Date(1700547292000)/",5710,300,986500,5602000000,200,true,3.63
"TLD",131424,"/Date(1700547292000)/",5710,1600,986200,5600000000,200,true,3.63
"TLD",131424,"/Date(1700547292000)/",5710,100,984600,5591000000,200,true,3.63
"TLD",131424,"/Date(1700547292000)/",5710,500,984500,5591000000,200,true,3.63
"TLD",131245,"/Date(1700547193000)/",5710,5000,984000,5588000000,200,true,3.63
"TLD",131241,"/Date(1700547191000)/",5720,300,979000,5559000000,210,false,3.81
"TLD",131229,"/Date(1700547177000)/",5720,2600,978700,5558000000,210,true,3.81
"TLD",131222,"/Date(1700547171000)/",5730,500,976100,5543000000,220,false,3.99
"TLD",131213,"/Date(1700547163000)/",5730,2500,975600,5540000000,220,false,3.99
"TLD",131213,"/Date(1700547163000)/",5730,500,973100,5526000000,220,false,3.99
"TLD",131213,"/Date(1700547163000)/",5730,100,972600,5523000000,220,false,3.99
"TLD",131213,"/Date(1700547163000)/",5730,500,972500,5522000000,220,false,3.99
"TLD",131213,"/Date(1700547163000)/",5730,300,972000,5519000000,220,false,3.99
"TLD",131213,"/Date(1700547163000)/",5730,300,971700,5517000000,220,false,3.99
"TLD",131213,"/Date(1700547163000)/",5730,800,971400,5516000000,220,false,3.99
"TLD",131150,"/Date(1700547139000)/",5720,2400,970600,5511000000,210,false,3.81
"TLD",131147,"/Date(1700547136000)/",5720,200,968200,5497000000,210,false,3.81
"TLD",131141,"/Date(1700547129000)/",5720,2400,968000,5496000000,210,false,3.81
"TLD",131141,"/Date(1700547129000)/",5720,500,965600,5483000000,210,false,3.81
"TLD",131141,"/Date(1700547129000)/",5720,100,965100,5480000000,210,false,3.81
"TLD",131141,"/Date(1700547129000)/",5720,100,965000,5479000000,210,false,3.81
"TLD",131141,"/Date(1700547129000)/",5720,200,964900,5479000000,210,false,3.81
"TLD",131125,"/Date(1700547115000)/",5720,300,964700,5477000000,210,false,3.81
"TLD",131047,"/Date(1700547077000)/",5720,200,964400,5476000000,210,false,3.81
"TLD",131047,"/Date(1700547077000)/",5720,200,964200,5475000000,210,false,3.81
"TLD",131047,"/Date(1700547077000)/",5720,500,964000,5473000000,210,false,3.81
"TLD",131047,"/Date(1700547077000)/",5710,500,963500,5471000000,200,false,3.63
"TLD",131047,"/Date(1700547077000)/",5710,2000,963000,5468000000,200,false,3.63
"TLD",131047,"/Date(1700547077000)/",5710,100,961000,5456000000,200,false,3.63
"TLD",131047,"/Date(1700547077000)/",5710,500,960900,5456000000,200,false,3.63
"TLD",131047,"/Date(1700547077000)/",5710,500,960400,5453000000,200,false,3.63
"TLD",131047,"/Date(1700547077000)/",5710,100,959900,5450000000,200,false,3.63
"TLD",131047,"/Date(1700547077000)/",5710,100,959800,5449000000,200,false,3.63
"TLD",131047,"/Date(1700547077000)/",5710,5300,959700,5449000000,200,false,3.63
"TLD",131018,"/Date(1700547047000)/",5710,3000,954400,5419000000,200,false,3.63
"TLD",131008,"/Date(1700547037000)/",5700,1500,951400,5401000000,190,true,3.45
"TLD",131008,"/Date(1700547036000)/",5710,400,949900,5393000000,200,false,3.63
"TLD",131005,"/Date(1700547032000)/",5700,5000,949500,5391000000,190,true,3.45
"TLD",130952,"/Date(1700547019000)/",5700,5000,944500,5362000000,190,true,3.45
"TLD",130940,"/Date(1700547009000)/",5700,2900,939500,5334000000,190,true,3.45
"TLD",130848,"/Date(1700546955000)/",5700,2100,936600,5317000000,190,false,3.45
"TLD",130848,"/Date(1700546955000)/",5700,500,934500,5305000000,190,false,3.45
"TLD",130848,"/Date(1700546955000)/",5700,100,934000,5302000000,190,false,3.45
"TLD",130848,"/Date(1700546955000)/",5700,400,933900,5302000000,190,false,3.45
"TLD",130848,"/Date(1700546955000)/",5700,500,933500,5299000000,190,false,3.45
"TLD",130848,"/Date(1700546955000)/",5700,2500,933000,5297000000,190,false,3.45
"TLD",130848,"/Date(1700546955000)/",5700,500,930500,5282000000,190,false,3.45
"TLD",130848,"/Date(1700546955000)/",5700,100,930000,5280000000,190,false,3.45
"TLD",130848,"/Date(1700546955000)/",5700,600,929900,5279000000,190,false,3.45
"TLD",130848,"/Date(1700546955000)/",5700,2700,929300,5276000000,190,false,3.45
"TLD",130817,"/Date(1700546924000)/",5700,300,926600,5260000000,190,false,3.45
"TLD",130745,"/Date(1700546894000)/",5690,400,926300,5258000000,180,false,3.27
"TLD",130745,"/Date(1700546894000)/",5690,1800,925900,5256000000,180,false,3.27
"TLD",130745,"/Date(1700546894000)/",5690,100,924100,5246000000,180,false,3.27
"TLD",130738,"/Date(1700546888000)/",5680,300,924000,5245000000,170,false,3.09
"TLD",130732,"/Date(1700546880000)/",5670,200,923700,5244000000,160,true,2.9
"TLD",130657,"/Date(1700546846000)/",5670,200,923500,5242000000,160,true,2.9
"TLD",130657,"/Date(1700546846000)/",5670,300,923300,5241000000,160,true,2.9
"TLD",130641,"/Date(1700546828000)/",5670,1000,923000,5240000000,160,false,2.9
"TLD",130619,"/Date(1700546806000)/",5670,1000,922000,5234000000,160,false,2.9
"TLD",130547,"/Date(1700546776000)/",5670,200,921000,5228000000,160,false,2.9
"TLD",130534,"/Date(1700546761000)/",5670,1000,920800,5227000000,160,false,2.9
"TLD",130518,"/Date(1700546745000)/",5660,100,919800,5222000000,150,false,2.72
"TLD",130518,"/Date(1700546745000)/",5660,100,919700,5221000000,150,false,2.72
"TLD",130502,"/Date(1700546729000)/",5660,3000,919600,5220000000,150,false,2.72
"TLD",130433,"/Date(1700546702000)/",5660,2800,916600,5203000000,150,false,2.72
"TLD",130245,"/Date(1700546591000)/",5650,800,913800,5188000000,140,true,2.54
"TLD",130245,"/Date(1700546591000)/",5650,100,913000,5183000000,140,true,2.54
"TLD",130245,"/Date(1700546591000)/",5650,500,912900,5182000000,140,true,2.54
"TLD",130245,"/Date(1700546591000)/",5650,1000,912400,5180000000,140,true,2.54
"TLD",130245,"/Date(1700546591000)/",5650,1000,911400,5174000000,140,true,2.54
"TLD",130031,"/Date(1700546453000)/",5660,3000,910400,5168000000,150,false,2.72
"TLD",130031,"/Date(1700546453000)/",5660,100,907400,5151000000,150,false,2.72
"TLD",130031,"/Date(1700546453000)/",5660,1000,907300,5151000000,150,false,2.72
"TLD",130027,"/Date(1700546451000)/",5670,200,906300,5145000000,160,false,2.9
"TLD",130027,"/Date(1700546451000)/",5670,5000,906100,5144000000,160,false,2.9
"TLD",130027,"/Date(1700546451000)/",5670,100,901100,5116000000,160,false,2.9
"TLD",130027,"/Date(1700546451000)/",5670,1000,901000,5115000000,160,false,2.9
"TLD",130027,"/Date(1700546451000)/",5680,200,900000,5109000000,170,false,3.09
"TLD",112856,"/Date(1700540956000)/",5690,4300,899800,5108000000,180,false,3.27
"TLD",112856,"/Date(1700540956000)/",5690,200,895500,5084000000,180,false,3.27
"TLD",112856,"/Date(1700540956000)/",5690,500,895300,5083000000,180,false,3.27
"TLD",112856,"/Date(1700540956000)/",5690,200,894800,5080000000,180,false,3.27
"TLD",112856,"/Date(1700540956000)/",5690,4800,894600,5079000000,180,false,3.27
"TLD",112039,"/Date(1700540457000)/",5690,200,889800,5051000000,180,false,3.27
"TLD",112039,"/Date(1700540457000)/",5680,100,889600,5050000000,170,false,3.09
"TLD",112039,"/Date(1700540457000)/",5680,1000,889500,5050000000,170,false,3.09
"TLD",112039,"/Date(1700540457000)/",5680,3700,888500,5044000000,170,false,3.09
"TLD",112036,"/Date(1700540456000)/",5680,500,884800,5023000000,170,false,3.09
"TLD",111803,"/Date(1700540302000)/",5680,500,884300,5020000000,170,false,3.09
"TLD",111708,"/Date(1700540248000)/",5680,500,883800,5017000000,170,false,3.09
"TLD",111646,"/Date(1700540226000)/",5680,3000,883300,5014000000,170,false,3.09
"TLD",110948,"/Date(1700539805000)/",5680,100,880300,4997000000,170,false,3.09
"TLD",110659,"/Date(1700539638000)/",5680,3800,880200,4997000000,170,true,3.09
"TLD",110659,"/Date(1700539638000)/",5680,400,876400,4975000000,170,true,3.09
"TLD",110533,"/Date(1700539551000)/",5680,1200,876000,4973000000,170,false,3.09
"TLD",110319,"/Date(1700539418000)/",5680,200,874800,4966000000,170,false,3.09
"TLD",110319,"/Date(1700539418000)/",5680,1600,874600,4965000000,170,false,3.09
"TLD",110105,"/Date(1700539281000)/",5680,900,873000,4956000000,170,false,3.09
"TLD",110027,"/Date(1700539244000)/",5680,300,872100,4951000000,170,false,3.09
"TLD",110027,"/Date(1700539244000)/",5680,100,871800,4949000000,170,false,3.09
"TLD",110027,"/Date(1700539244000)/",5680,8700,871700,4949000000,170,false,3.09
"TLD",105848,"/Date(1700539146000)/",5680,1000,863000,4899000000,170,false,3.09
"TLD",105838,"/Date(1700539136000)/",5680,5000,862000,4893000000,170,true,3.09
"TLD",105838,"/Date(1700539136000)/",5680,10000,857000,4865000000,170,true,3.09
"TLD",105838,"/Date(1700539136000)/",5680,300,847000,4808000000,170,true,3.09
"TLD",105838,"/Date(1700539136000)/",5690,5000,846700,4807000000,180,true,3.27
"TLD",105823,"/Date(1700539120000)/",5690,100,841700,4778000000,180,false,3.27
"TLD",105823,"/Date(1700539120000)/",5690,400,841600,4778000000,180,false,3.27
"TLD",105823,"/Date(1700539120000)/",5690,100,841200,4775000000,180,false,3.27
"TLD",105823,"/Date(1700539120000)/",5690,4400,841100,4775000000,180,false,3.27
"TLD",105816,"/Date(1700539112000)/",5680,2000,836700,4750000000,170,true,3.09
"TLD",105816,"/Date(1700539112000)/",5680,500,834700,4738000000,170,true,3.09
"TLD",105807,"/Date(1700539103000)/",5680,5000,834200,4735000000,170,true,3.09
"TLD",105754,"/Date(1700539089000)/",5680,15000,829200,4707000000,170,true,3.09
"TLD",105722,"/Date(1700539060000)/",5680,4500,814200,4622000000,170,true,3.09
"TLD",105722,"/Date(1700539060000)/",5680,500,809700,4596000000,170,true,3.09
"TLD",105530,"/Date(1700538946000)/",5690,1000,809200,4593000000,180,false,3.27
"TLD",105452,"/Date(1700538907000)/",5690,500,808200,4588000000,180,false,3.27
"TLD",105329,"/Date(1700538826000)/",5690,500,807700,4585000000,180,false,3.27
"TLD",105329,"/Date(1700538824000)/",5680,100,807200,4582000000,170,true,3.09
"TLD",105245,"/Date(1700538782000)/",5680,600,807100,4582000000,170,false,3.09
"TLD",105242,"/Date(1700538777000)/",5680,200,806500,4578000000,170,true,3.09
"TLD",105203,"/Date(1700538739000)/",5680,300,806300,4577000000,170,false,3.09
"TLD",105203,"/Date(1700538739000)/",5680,100,806000,4575000000,170,false,3.09
"TLD",105203,"/Date(1700538739000)/",5680,4900,805900,4575000000,170,false,3.09
"TLD",105200,"/Date(1700538737000)/",5680,200,801000,4547000000,170,false,3.09
"TLD",105059,"/Date(1700538676000)/",5680,300,800800,4546000000,170,false,3.09
"TLD",105034,"/Date(1700538652000)/",5670,200,800500,4544000000,160,false,2.9
"TLD",105002,"/Date(1700538619000)/",5660,5500,800300,4543000000,150,false,2.72
"TLD",105002,"/Date(1700538619000)/",5660,2200,794800,4512000000,150,false,2.72
"TLD",104849,"/Date(1700538544000)/",5660,200,792600,4499000000,150,false,2.72
"TLD",104707,"/Date(1700538441000)/",5660,3100,792400,4498000000,150,false,2.72
"TLD",104707,"/Date(1700538441000)/",5660,2500,789300,4481000000,150,false,2.72
"TLD",104540,"/Date(1700538354000)/",5660,1100,786800,4466000000,150,false,2.72
"TLD",103758,"/Date(1700537892000)/",5660,1500,785700,4460000000,150,false,2.72
"TLD",103758,"/Date(1700537892000)/",5660,400,784200,4452000000,150,false,2.72
"TLD",103641,"/Date(1700537815000)/",5660,100,783800,4450000000,150,false,2.72
"TLD",103641,"/Date(1700537815000)/",5660,1000,783700,4449000000,150,false,2.72
"TLD",103534,"/Date(1700537749000)/",5660,500,782700,4443000000,150,false,2.72
"TLD",103450,"/Date(1700537706000)/",5660,1300,782200,4440000000,150,false,2.72
"TLD",103327,"/Date(1700537620000)/",5650,5800,780900,4433000000,140,false,2.54
"TLD",103119,"/Date(1700537493000)/",5650,300,775100,4400000000,140,false,2.54
"TLD",102928,"/Date(1700537382000)/",5650,500,774800,4399000000,140,false,2.54
"TLD",102918,"/Date(1700537372000)/",5650,1500,774300,4396000000,140,false,2.54
"TLD",102853,"/Date(1700537347000)/",5650,1000,772800,4387000000,140,false,2.54
"TLD",102837,"/Date(1700537329000)/",5650,2800,771800,4382000000,140,false,2.54
"TLD",102834,"/Date(1700537326000)/",5650,1500,769000,4366000000,140,false,2.54
"TLD",102818,"/Date(1700537313000)/",5650,1000,767500,4357000000,140,false,2.54
"TLD",102811,"/Date(1700537305000)/",5650,1000,766500,4352000000,140,false,2.54
"TLD",102755,"/Date(1700537288000)/",5650,3000,765500,4346000000,140,false,2.54
"TLD",102720,"/Date(1700537253000)/",5650,100,762500,4329000000,140,false,2.54
"TLD",102701,"/Date(1700537234000)/",5660,3800,762400,4329000000,150,true,2.72
"TLD",102601,"/Date(1700537174000)/",5680,100,758600,4307000000,170,false,3.09
"TLD",102545,"/Date(1700537158000)/",5680,200,758500,4306000000,170,true,3.09
"TLD",102545,"/Date(1700537158000)/",5680,900,758300,4305000000,170,true,3.09
"TLD",102457,"/Date(1700537112000)/",5690,100,757400,4300000000,180,true,3.27
"TLD",102457,"/Date(1700537112000)/",5690,100,757300,4300000000,180,true,3.27
"TLD",102337,"/Date(1700537030000)/",5690,1000,757200,4299000000,180,true,3.27
"TLD",102240,"/Date(1700536974000)/",5690,1000,756200,4293000000,180,true,3.27
"TLD",102208,"/Date(1700536941000)/",5700,100,755200,4288000000,190,false,3.45
"TLD",102010,"/Date(1700536824000)/",5700,500,755100,4287000000,190,false,3.45
"TLD",101948,"/Date(1700536802000)/",5700,3600,754600,4284000000,190,false,3.45
"TLD",101835,"/Date(1700536727000)/",5700,100,751000,4264000000,190,false,3.45
"TLD",101835,"/Date(1700536727000)/",5700,3000,750900,4263000000,190,false,3.45
"TLD",101835,"/Date(1700536727000)/",5700,7200,747900,4246000000,190,false,3.45
"TLD",101813,"/Date(1700536698000)/",5700,100,740700,4205000000,190,true,3.45
"TLD",101800,"/Date(1700536693000)/",5700,100,740600,4205000000,190,true,3.45
"TLD",101647,"/Date(1700536618000)/",5700,100,740500,4204000000,190,true,3.45
"TLD",101631,"/Date(1700536603000)/",5700,200,740400,4203000000,190,true,3.45
"TLD",101125,"/Date(1700536298000)/",5710,300,740200,4202000000,200,false,3.63
"TLD",101102,"/Date(1700536274000)/",5710,5500,739900,4201000000,200,false,3.63
"TLD",101053,"/Date(1700536265000)/",5710,12800,734400,4169000000,200,false,3.63
"TLD",101040,"/Date(1700536253000)/",5710,4700,721600,4096000000,200,false,3.63
"TLD",101037,"/Date(1700536248000)/",5710,1000,716900,4069000000,200,false,3.63
"TLD",101034,"/Date(1700536247000)/",5710,2000,715900,4063000000,200,false,3.63
"TLD",101015,"/Date(1700536227000)/",5710,1000,713900,4052000000,200,false,3.63
"TLD",101015,"/Date(1700536227000)/",5710,300,712900,4046000000,200,false,3.63
"TLD",101008,"/Date(1700536222000)/",5710,3500,712600,4045000000,200,false,3.63
"TLD",101005,"/Date(1700536217000)/",5710,1100,709100,4025000000,200,false,3.63
"TLD",100952,"/Date(1700536205000)/",5700,3000,708000,4018000000,190,true,3.45
"TLD",100949,"/Date(1700536201000)/",5700,3500,705000,4001000000,190,true,3.45
"TLD",100920,"/Date(1700536172000)/",5700,8300,701500,3981000000,190,true,3.45
"TLD",100920,"/Date(1700536172000)/",5700,1700,693200,3934000000,190,true,3.45
"TLD",100848,"/Date(1700536142000)/",5710,7500,691500,3924000000,200,false,3.63
"TLD",100754,"/Date(1700536087000)/",5710,400,684000,3881000000,200,false,3.63
"TLD",100738,"/Date(1700536070000)/",5710,3000,683600,3879000000,200,false,3.63
"TLD",100723,"/Date(1700536054000)/",5710,100,680600,3862000000,200,false,3.63
"TLD",100723,"/Date(1700536054000)/",5710,2200,680500,3862000000,200,false,3.63
"TLD",100713,"/Date(1700536044000)/",5710,500,678300,3849000000,200,false,3.63
"TLD",100710,"/Date(1700536043000)/",5700,18100,677800,3846000000,190,true,3.45
"TLD",100710,"/Date(1700536043000)/",5710,1900,659700,3743000000,200,true,3.63
"TLD",100700,"/Date(1700536031000)/",5710,300,657800,3732000000,200,true,3.63
"TLD",100700,"/Date(1700536031000)/",5710,100,657500,3730000000,200,true,3.63
"TLD",100700,"/Date(1700536031000)/",5710,2000,657400,3730000000,200,true,3.63
"TLD",100700,"/Date(1700536031000)/",5710,10700,655400,3718000000,200,true,3.63
"TLD",100657,"/Date(1700536028000)/",5710,1200,644700,3657000000,200,false,3.63
"TLD",100654,"/Date(1700536027000)/",5700,2700,643500,3650000000,190,true,3.45
"TLD",100654,"/Date(1700536027000)/",5700,2000,640800,3635000000,190,true,3.45
"TLD",100654,"/Date(1700536027000)/",5700,300,638800,3624000000,190,true,3.45
"TLD",100547,"/Date(1700535958000)/",5700,2000,638500,3622000000,190,false,3.45
"TLD",100547,"/Date(1700535958000)/",5700,1800,636500,3611000000,190,false,3.45
"TLD",100531,"/Date(1700535944000)/",5700,1100,634700,3600000000,190,false,3.45
"TLD",100528,"/Date(1700535939000)/",5700,600,633600,3594000000,190,false,3.45
"TLD",100405,"/Date(1700535858000)/",5690,2300,633000,3591000000,180,false,3.27
"TLD",100356,"/Date(1700535849000)/",5690,10000,630700,3577000000,180,false,3.27
"TLD",100305,"/Date(1700535796000)/",5690,800,620700,3521000000,180,false,3.27
"TLD",100258,"/Date(1700535791000)/",5690,3000,619900,3516000000,180,false,3.27
"TLD",100207,"/Date(1700535709000)/",5690,1000,616900,3499000000,180,false,3.27
"TLD",100129,"/Date(1700535700000)/",5690,35200,615900,3493000000,180,false,3.27
"TLD",100107,"/Date(1700535679000)/",5700,1000,580700,3293000000,190,false,3.45
"TLD",100107,"/Date(1700535679000)/",5700,12700,579700,3287000000,190,false,3.45
"TLD",100104,"/Date(1700535676000)/",5700,700,567000,3215000000,190,true,3.45
"TLD",100104,"/Date(1700535675000)/",5700,2200,566300,3211000000,190,true,3.45
"TLD",100104,"/Date(1700535675000)/",5700,800,564100,3198000000,190,true,3.45
"TLD",100101,"/Date(1700535672000)/",5700,9200,563300,3194000000,190,true,3.45
"TLD",100101,"/Date(1700535672000)/",5700,8000,554100,3141000000,190,true,3.45
"TLD",100057,"/Date(1700535670000)/",5700,5000,546100,3096000000,190,true,3.45
"TLD",100057,"/Date(1700535668000)/",5700,8500,541100,3067000000,190,true,3.45
"TLD",100054,"/Date(1700535665000)/",5700,12000,532600,3019000000,190,true,3.45
"TLD",100051,"/Date(1700535663000)/",5710,100,520600,2950000000,200,false,3.63
"TLD",100045,"/Date(1700535658000)/",5700,5000,520500,2950000000,190,true,3.45
"TLD",100035,"/Date(1700535647000)/",5700,5000,515500,2921000000,190,true,3.45
"TLD",100035,"/Date(1700535645000)/",5700,2500,510500,2893000000,190,true,3.45
"TLD",100016,"/Date(1700535628000)/",5700,100,508000,2879000000,190,true,3.45
"TLD",100010,"/Date(1700535621000)/",5700,5000,507900,2878000000,190,true,3.45
"TLD",95941,"/Date(1700535591000)/",5700,5000,502900,2850000000,190,true,3.45
"TLD",95909,"/Date(1700535560000)/",5700,1500,497900,2821000000,190,true,3.45
"TLD",95617,"/Date(1700535388000)/",5710,300,496400,2812000000,200,true,3.63
"TLD",95451,"/Date(1700535302000)/",5720,4600,496100,2811000000,210,true,3.81
"TLD",95451,"/Date(1700535302000)/",5720,2400,491500,2784000000,210,true,3.81
"TLD",95351,"/Date(1700535242000)/",5730,1000,489100,2771000000,220,false,3.99
"TLD",95225,"/Date(1700535156000)/",5730,2200,488100,2765000000,220,false,3.99
"TLD",95225,"/Date(1700535156000)/",5730,7800,485900,2752000000,220,false,3.99
"TLD",95137,"/Date(1700535107000)/",5730,4200,478100,2708000000,220,false,3.99
"TLD",95124,"/Date(1700535095000)/",5730,1100,473900,2684000000,220,true,3.99
"TLD",95121,"/Date(1700535092000)/",5730,1400,472800,2677000000,220,false,3.99
"TLD",95056,"/Date(1700535065000)/",5720,5000,471400,2669000000,210,true,3.81
"TLD",95040,"/Date(1700535051000)/",5720,2600,466400,2641000000,210,false,3.81
"TLD",95008,"/Date(1700535020000)/",5720,14900,463800,2626000000,210,true,3.81
"TLD",94926,"/Date(1700534975000)/",5720,5000,448900,2541000000,210,true,3.81
"TLD",94851,"/Date(1700534943000)/",5710,500,443900,2512000000,200,false,3.63
"TLD",94741,"/Date(1700534872000)/",5710,500,443400,2509000000,200,false,3.63
"TLD",94729,"/Date(1700534859000)/",5710,800,442900,2506000000,200,false,3.63
"TLD",94709,"/Date(1700534840000)/",5710,5000,442100,2502000000,200,false,3.63
"TLD",94650,"/Date(1700534820000)/",5710,2200,437100,2473000000,200,false,3.63
"TLD",94634,"/Date(1700534804000)/",5710,3000,434900,2461000000,200,false,3.63
"TLD",94631,"/Date(1700534800000)/",5710,800,431900,2443000000,200,false,3.63
"TLD",94622,"/Date(1700534790000)/",5700,1000,431100,2439000000,190,true,3.45
"TLD",94619,"/Date(1700534788000)/",5710,5000,430100,2433000000,200,false,3.63
"TLD",94612,"/Date(1700534784000)/",5710,1100,425100,2405000000,200,false,3.63
"TLD",94540,"/Date(1700534749000)/",5700,5000,424000,2398000000,190,true,3.45
"TLD",94515,"/Date(1700534726000)/",5710,500,419000,2370000000,200,false,3.63
"TLD",94440,"/Date(1700534690000)/",5710,100,418500,2367000000,200,false,3.63
"TLD",94433,"/Date(1700534683000)/",5710,3100,418400,2366000000,200,false,3.63
"TLD",94417,"/Date(1700534667000)/",5710,2000,415300,2349000000,200,false,3.63
"TLD",94411,"/Date(1700534662000)/",5710,2100,413300,2337000000,200,true,3.63
"TLD",94411,"/Date(1700534661000)/",5710,100,411200,2325000000,200,true,3.63
"TLD",94411,"/Date(1700534660000)/",5710,400,411100,2325000000,200,true,3.63
"TLD",94411,"/Date(1700534660000)/",5710,5800,410700,2322000000,200,true,3.63
"TLD",94408,"/Date(1700534659000)/",5710,500,404900,2289000000,200,true,3.63
"TLD",94401,"/Date(1700534650000)/",5710,1500,404400,2287000000,200,true,3.63
"TLD",94358,"/Date(1700534647000)/",5710,5000,402900,2278000000,200,false,3.63
"TLD",94345,"/Date(1700534634000)/",5710,3000,397900,2249000000,200,false,3.63
"TLD",94339,"/Date(1700534627000)/",5710,10000,394900,2232000000,200,false,3.63
"TLD",94323,"/Date(1700534613000)/",5710,3000,384900,2175000000,200,false,3.63
"TLD",94304,"/Date(1700534595000)/",5710,2000,381900,2158000000,200,false,3.63
"TLD",94245,"/Date(1700534574000)/",5710,700,379900,2147000000,200,false,3.63
"TLD",94229,"/Date(1700534560000)/",5710,1300,379200,2143000000,200,false,3.63
"TLD",94226,"/Date(1700534556000)/",5710,1000,377900,2135000000,200,false,3.63
"TLD",94223,"/Date(1700534553000)/",5710,5000,376900,2129000000,200,false,3.63
"TLD",94200,"/Date(1700534532000)/",5710,10000,371900,2101000000,200,false,3.63
"TLD",94157,"/Date(1700534528000)/",5710,3000,361900,2044000000,200,false,3.63
"TLD",94148,"/Date(1700534516000)/",5700,2400,358900,2027000000,190,true,3.45
"TLD",94148,"/Date(1700534516000)/",5700,100,356500,2013000000,190,true,3.45
"TLD",94135,"/Date(1700534505000)/",5710,3500,356400,2012000000,200,false,3.63
"TLD",94135,"/Date(1700534505000)/",5750,1400,352900,1992000000,240,false,4.36
"TLD",94135,"/Date(1700534505000)/",5750,5000,351500,1984000000,240,false,4.36
"TLD",94135,"/Date(1700534505000)/",5740,100,346500,1956000000,230,false,4.17
"TLD",94119,"/Date(1700534489000)/",5710,1500,346400,1955000000,200,false,3.63
"TLD",94110,"/Date(1700534478000)/",5710,1000,344900,1947000000,200,false,3.63
"TLD",94103,"/Date(1700534472000)/",5700,3500,343900,1941000000,190,false,3.45
"TLD",94100,"/Date(1700534468000)/",5700,10000,340400,1921000000,190,false,3.45
"TLD",94057,"/Date(1700534465000)/",5700,2800,330400,1864000000,190,false,3.45
"TLD",94047,"/Date(1700534458000)/",5700,5000,327600,1848000000,190,false,3.45
"TLD",94047,"/Date(1700534458000)/",5690,5000,322600,1819000000,180,false,3.27
"TLD",94038,"/Date(1700534446000)/",5700,18200,317600,1791000000,190,false,3.45
"TLD",94038,"/Date(1700534446000)/",5700,300,299400,1687000000,190,false,3.45
"TLD",94038,"/Date(1700534446000)/",5700,300,299100,1686000000,190,false,3.45
"TLD",94038,"/Date(1700534446000)/",5700,5000,298800,1684000000,190,false,3.45
"TLD",94038,"/Date(1700534446000)/",5690,3200,293800,1655000000,180,false,3.27
"TLD",94035,"/Date(1700534443000)/",5680,500,290600,1637000000,170,true,3.09
"TLD",94035,"/Date(1700534443000)/",5690,1500,290100,1634000000,180,false,3.27
"TLD",94028,"/Date(1700534437000)/",5690,300,288600,1626000000,180,false,3.27
"TLD",94028,"/Date(1700534437000)/",5690,2500,288300,1624000000,180,false,3.27
"TLD",94028,"/Date(1700534437000)/",5690,2200,285800,1610000000,180,false,3.27
"TLD",94025,"/Date(1700534434000)/",5690,300,283600,1597000000,180,false,3.27
"TLD",94009,"/Date(1700534418000)/",5680,14600,283300,1596000000,170,false,3.09
"TLD",94006,"/Date(1700534415000)/",5680,600,268700,1513000000,170,false,3.09
"TLD",94006,"/Date(1700534415000)/",5680,500,268100,1509000000,170,false,3.09
"TLD",94000,"/Date(1700534410000)/",5680,2000,267600,1506000000,170,false,3.09
"TLD",93947,"/Date(1700534397000)/",5670,1000,265600,1495000000,160,true,2.9
"TLD",93940,"/Date(1700534391000)/",5670,2500,264600,1489000000,160,true,2.9
"TLD",93934,"/Date(1700534382000)/",5670,100,262100,1475000000,160,true,2.9
"TLD",93915,"/Date(1700534364000)/",5670,50000,262000,1475000000,160,true,2.9
"TLD",93902,"/Date(1700534352000)/",5670,5000,212000,1191000000,160,false,2.9
"TLD",93902,"/Date(1700534352000)/",5670,2500,207000,1163000000,160,false,2.9
"TLD",93902,"/Date(1700534352000)/",5660,5000,204500,1149000000,150,false,2.72
"TLD",93859,"/Date(1700534349000)/",5650,2500,199500,1120000000,140,true,2.54
"TLD",93846,"/Date(1700534336000)/",5650,7500,197000,1106000000,140,true,2.54
"TLD",93821,"/Date(1700534312000)/",5650,2500,189500,1064000000,140,true,2.54
"TLD",93808,"/Date(1700534299000)/",5650,100,187000,1050000000,140,true,2.54
"TLD",93802,"/Date(1700534291000)/",5650,50000,186900,1049000000,140,true,2.54
"TLD",93721,"/Date(1700534249000)/",5650,5000,136900,767000000,140,true,2.54
"TLD",93717,"/Date(1700534246000)/",5650,1400,131900,738000000,140,false,2.54
"TLD",93714,"/Date(1700534242000)/",5640,5000,130500,730000000,130,false,2.36
"TLD",93714,"/Date(1700534242000)/",5640,2500,125500,702000000,130,false,2.36
"TLD",93705,"/Date(1700534235000)/",5630,2500,123000,688000000,120,true,2.18
"TLD",93705,"/Date(1700534235000)/",5630,2500,120500,674000000,120,true,2.18
"TLD",93702,"/Date(1700534229000)/",5620,2000,118000,660000000,110,true,2
"TLD",93702,"/Date(1700534229000)/",5620,2500,116000,649000000,110,true,2
"TLD",93658,"/Date(1700534228000)/",5610,2500,113500,635000000,100,true,1.81
"TLD",93652,"/Date(1700534222000)/",5610,2500,111000,621000000,100,true,1.81
"TLD",93652,"/Date(1700534222000)/",5610,200,108500,607000000,100,true,1.81
"TLD",93652,"/Date(1700534222000)/",5610,200,108300,606000000,100,true,1.81
"TLD",93626,"/Date(1700534194000)/",5610,1800,108100,604000000,100,false,1.81
"TLD",93617,"/Date(1700534187000)/",5600,2400,106300,594000000,90,true,1.63
"TLD",93617,"/Date(1700534187000)/",5600,100,103900,581000000,90,true,1.63
"TLD",93607,"/Date(1700534176000)/",5600,100,103800,580000000,90,true,1.63
"TLD",93604,"/Date(1700534173000)/",5600,2500,103700,580000000,90,true,1.63
"TLD",93517,"/Date(1700534125000)/",5600,2300,101200,566000000,90,true,1.63
"TLD",93517,"/Date(1700534125000)/",5600,200,98900,553000000,90,true,1.63
"TLD",93423,"/Date(1700534071000)/",5600,3000,98700,552000000,90,true,1.63
"TLD",93423,"/Date(1700534071000)/",5600,6800,95700,535000000,90,true,1.63
"TLD",93357,"/Date(1700534047000)/",5600,2400,88900,497000000,90,false,1.63
"TLD",93357,"/Date(1700534045000)/",5600,500,86500,483000000,90,false,1.63
"TLD",93351,"/Date(1700534041000)/",5600,200,86000,481000000,90,false,1.63
"TLD",93254,"/Date(1700533983000)/",5600,1600,85800,480000000,90,false,1.63
"TLD",93219,"/Date(1700533948000)/",5600,600,84200,471000000,90,false,1.63
"TLD",93150,"/Date(1700533920000)/",5600,2000,83600,467000000,90,false,1.63
"TLD",93141,"/Date(1700533909000)/",5600,200,81600,456000000,90,false,1.63
"TLD",93118,"/Date(1700533886000)/",5600,3000,81400,455000000,90,false,1.63
"TLD",93115,"/Date(1700533883000)/",5600,7900,78400,438000000,90,false,1.63
"TLD",93115,"/Date(1700533883000)/",5600,100,70500,394000000,90,false,1.63
"TLD",93050,"/Date(1700533859000)/",5600,2000,70400,393000000,90,false,1.63
"TLD",93031,"/Date(1700533841000)/",5600,100,68400,382000000,90,false,1.63
"TLD",92924,"/Date(1700533773000)/",5590,27500,68300,382000000,80,false,1.45
"TLD",92924,"/Date(1700533773000)/",5600,100,40800,228000000,90,false,1.63
"TLD",92843,"/Date(1700533732000)/",5590,5000,40700,227000000,80,true,1.45
"TLD",92814,"/Date(1700533702000)/",5590,2500,35700,199000000,80,true,1.45
"TLD",92805,"/Date(1700533692000)/",5550,1300,33200,185000000,40,false,0.73
"TLD",92805,"/Date(1700533692000)/",5550,12000,31900,178000000,40,false,0.73
"TLD",92746,"/Date(1700533674000)/",5550,100,19900,111000000,40,false,0.73
"TLD",92714,"/Date(1700533641000)/",5550,800,19800,111000000,40,false,0.73
"TLD",92328,"/Date(1700533416000)/",5550,100,19000,106000000,40,false,0.73
"TLD",92309,"/Date(1700533398000)/",5550,3000,18900,106000000,40,false,0.73
"TLD",92241,"/Date(1700533369000)/",5540,100,15900,89000000,30,true,0.54
"TLD",91940,"/Date(1700533187000)/",5540,300,15800,89000000,30,true,0.54
"TLD",91556,"/Date(1700532964000)/",5600,200,15500,87000000,90,true,1.63
"TLD",91456,"/Date(1700532901000)/",5650,15300,15300,86000000,140,false,2.54
