"Stockcode","Package","TradingDate","Price","Vol","TotalVol","TotalVal","Change","IsBuy","PerChange"
"VHM",144427,"/Date(1700552702000)/",39100,248000,4789100,187632000000,150,true,0.39
"VHM",142923,"/Date(1700551798000)/",39050,100,4541100,177935000000,100,false,0.26
"VHM",142920,"/Date(1700551796000)/",39000,200,4541000,177931000000,50,true,0.13
"VHM",142920,"/Date(1700551796000)/",39000,100,4540800,177923000000,50,true,0.13
"VHM",142913,"/Date(1700551791000)/",39050,100,4540700,177919000000,100,false,0.26
"VHM",142904,"/Date(1700551778000)/",39000,400,4540600,177915000000,50,true,0.13
"VHM",142901,"/Date(1700551777000)/",39050,500,4540200,177900000000,100,false,0.26
"VHM",142901,"/Date(1700551775000)/",39000,20000,4539700,177880000000,50,true,0.13
"VHM",142857,"/Date(1700551772000)/",39000,1000,4519700,177100000000,50,true,0.13
"VHM",142857,"/Date(1700551772000)/",39000,1000,4518700,177061000000,50,true,0.13
"VHM",142857,"/Date(1700551772000)/",39000,100,4517700,177022000000,50,true,0.13
"VHM",142857,"/Date(1700551772000)/",39000,200,4517600,177018000000,50,true,0.13
"VHM",142857,"/Date(1700551772000)/",39000,1000,4517400,177011000000,50,true,0.13
"VHM",142857,"/Date(1700551772000)/",39000,200,4516400,176972000000,50,true,0.13
"VHM",142857,"/Date(1700551772000)/",39000,1000,4516200,176964000000,50,true,0.13
"VHM",142857,"/Date(1700551772000)/",39000,1000,4515200,176925000000,50,true,0.13
"VHM",142857,"/Date(1700551772000)/",39000,100,4514200,176886000000,50,true,0.13
"VHM",142857,"/Date(1700551772000)/",39000,300,4514100,176882000000,50,true,0.13
"VHM",142857,"/Date(1700551772000)/",39000,1000,4513800,176870000000,50,true,0.13
"VHM",142857,"/Date(1700551772000)/",39000,5200,4512800,176831000000,50,true,0.13
"VHM",142857,"/Date(1700551772000)/",39050,1000,4507600,176628000000,100,true,0.26
"VHM",142857,"/Date(1700551772000)/",39050,3900,4506600,176589000000,100,true,0.26
"VHM",142857,"/Date(1700551772000)/",39050,1000,4502700,176437000000,100,true,0.26
"VHM",142854,"/Date(1700551771000)/",39100,100,4501700,176398000000,150,false,0.39
"VHM",142854,"/Date(1700551770000)/",39050,600,4501600,176394000000,100,false,0.26
"VHM",142854,"/Date(1700551770000)/",39050,100,4501000,176371000000,100,false,0.26
"VHM",142854,"/Date(1700551770000)/",39050,2000,4500900,176367000000,100,false,0.26
"VHM",142854,"/Date(1700551770000)/",39050,200,4498900,176289000000,100,false,0.26
"VHM",142854,"/Date(1700551770000)/",39050,1000,4498700,176281000000,100,false,0.26
"VHM",142854,"/Date(1700551770000)/",39050,2000,4497700,176242000000,100,false,0.26
"VHM",142854,"/Date(1700551770000)/",39050,600,4495700,176164000000,100,false,0.26
"VHM",142854,"/Date(1700551770000)/",39050,200,4495100,176140000000,100,false,0.26
"VHM",142854,"/Date(1700551770000)/",39050,8400,4494900,176133000000,100,false,0.26
"VHM",142851,"/Date(1700551768000)/",39050,300,4486500,175804000000,100,false,0.26
"VHM",142851,"/Date(1700551768000)/",39000,2100,4486200,175793000000,50,true,0.13
"VHM",142841,"/Date(1700551758000)/",39050,300,4484100,175711000000,100,false,0.26
"VHM",142841,"/Date(1700551756000)/",39050,100,4483800,175699000000,100,false,0.26
"VHM",142838,"/Date(1700551754000)/",39000,2700,4483700,175695000000,50,true,0.13
"VHM",142838,"/Date(1700551754000)/",39000,9000,4481000,175590000000,50,true,0.13
"VHM",142822,"/Date(1700551738000)/",39050,900,4472000,175239000000,100,false,0.26
"VHM",142822,"/Date(1700551738000)/",39050,1000,4471100,175204000000,100,false,0.26
"VHM",142822,"/Date(1700551738000)/",39050,900,4470100,175165000000,100,false,0.26
"VHM",142822,"/Date(1700551737000)/",39000,1200,4469200,175130000000,50,true,0.13
"VHM",142800,"/Date(1700551716000)/",39050,100,4468000,175083000000,100,false,0.26
"VHM",142756,"/Date(1700551713000)/",39050,1000,4467900,175079000000,100,false,0.26
"VHM",142756,"/Date(1700551713000)/",39050,300,4466900,175040000000,100,false,0.26
"VHM",142756,"/Date(1700551713000)/",39050,300,4466600,175028000000,100,false,0.26
"VHM",142756,"/Date(1700551713000)/",39050,400,4466300,175016000000,100,false,0.26
"VHM",142753,"/Date(1700551710000)/",39050,500,4465900,175001000000,100,false,0.26
"VHM",142747,"/Date(1700551704000)/",39000,1800,4465400,174981000000,50,true,0.13
"VHM",142747,"/Date(1700551704000)/",39000,200,4463600,174911000000,50,true,0.13
"VHM",142747,"/Date(1700551704000)/",39000,3500,4463400,174903000000,50,true,0.13
"VHM",142737,"/Date(1700551692000)/",39000,2000,4459900,174767000000,50,true,0.13
"VHM",142721,"/Date(1700551677000)/",39000,200,4457900,174689000000,50,true,0.13
"VHM",142708,"/Date(1700551665000)/",39000,400,4457700,174681000000,50,true,0.13
"VHM",142708,"/Date(1700551665000)/",39000,13500,4457300,174665000000,50,true,0.13
"VHM",142708,"/Date(1700551663000)/",39000,200,4443800,174139000000,50,true,0.13
"VHM",142705,"/Date(1700551661000)/",39000,500,4443600,174131000000,50,false,0.13
"VHM",142702,"/Date(1700551658000)/",39000,300,4443100,174112000000,50,false,0.13
"VHM",142702,"/Date(1700551657000)/",39000,300,4442800,174100000000,50,false,0.13
"VHM",142656,"/Date(1700551650000)/",39000,500,4442500,174088000000,50,false,0.13
"VHM",142649,"/Date(1700551644000)/",39000,100,4442000,174069000000,50,false,0.13
"VHM",142646,"/Date(1700551642000)/",39000,2800,4441900,174065000000,50,false,0.13
"VHM",142646,"/Date(1700551642000)/",39000,1000,4439100,173956000000,50,false,0.13
"VHM",142646,"/Date(1700551642000)/",39000,1200,4438100,173917000000,50,false,0.13
"VHM",142646,"/Date(1700551642000)/",39000,800,4436900,173870000000,50,false,0.13
"VHM",142646,"/Date(1700551642000)/",39000,2900,4436100,173839000000,50,false,0.13
"VHM",142643,"/Date(1700551640000)/",39000,100,4433200,173725000000,50,false,0.13
"VHM",142636,"/Date(1700551633000)/",39000,200,4433100,173722000000,50,false,0.13
"VHM",142630,"/Date(1700551626000)/",39000,2300,4432900,173714000000,50,false,0.13
"VHM",142630,"/Date(1700551626000)/",39000,1000,4430600,173624000000,50,false,0.13
"VHM",142630,"/Date(1700551626000)/",39000,2700,4429600,173585000000,50,false,0.13
"VHM",142620,"/Date(1700551618000)/",39000,1000,4426900,173480000000,50,false,0.13
"VHM",142617,"/Date(1700551612000)/",39000,100,4425900,173441000000,50,false,0.13
"VHM",142608,"/Date(1700551605000)/",39000,200,4425800,173437000000,50,false,0.13
"VHM",142608,"/Date(1700551605000)/",39000,100,4425600,173429000000,50,false,0.13
"VHM",142608,"/Date(1700551605000)/",39000,100,4425500,173425000000,50,false,0.13
"VHM",142608,"/Date(1700551605000)/",39000,600,4425400,173421000000,50,false,0.13
"VHM",142604,"/Date(1700551601000)/",39000,500,4424800,173398000000,50,false,0.13
"VHM",142552,"/Date(1700551589000)/",39000,500,4424300,173378000000,50,false,0.13
"VHM",142552,"/Date(1700551586000)/",38950,500,4423800,173359000000,0,true,0
"VHM",142536,"/Date(1700551570000)/",39000,2000,4423300,173339000000,50,false,0.13
"VHM",142523,"/Date(1700551557000)/",39000,100,4421300,173261000000,50,false,0.13
"VHM",142507,"/Date(1700551541000)/",38950,100,4421200,173258000000,0,true,0
"VHM",142504,"/Date(1700551538000)/",38950,100,4421100,173254000000,0,true,0
"VHM",142501,"/Date(1700551535000)/",38950,100,4421000,173250000000,0,true,0
"VHM",142454,"/Date(1700551528000)/",38950,100,4420900,173246000000,0,true,0
"VHM",142451,"/Date(1700551526000)/",38950,100,4420800,173242000000,0,true,0
"VHM",142448,"/Date(1700551523000)/",38950,100,4420700,173238000000,0,true,0
"VHM",142445,"/Date(1700551520000)/",38950,100,4420600,173234000000,0,true,0
"VHM",142445,"/Date(1700551520000)/",39000,1000,4420500,173230000000,50,false,0.13
"VHM",142441,"/Date(1700551517000)/",39000,100,4419500,173191000000,50,false,0.13
"VHM",142441,"/Date(1700551516000)/",39000,1000,4419400,173187000000,50,false,0.13
"VHM",142441,"/Date(1700551516000)/",39000,100,4418400,173148000000,50,false,0.13
"VHM",142441,"/Date(1700551516000)/",39000,4000,4418300,173144000000,50,false,0.13
"VHM",142441,"/Date(1700551516000)/",39000,4000,4414300,172988000000,50,false,0.13
"VHM",142441,"/Date(1700551516000)/",39000,6100,4410300,172832000000,50,false,0.13
"VHM",142435,"/Date(1700551511000)/",39000,500,4404200,172595000000,50,true,0.13
"VHM",142432,"/Date(1700551506000)/",39000,200,4403700,172575000000,50,true,0.13
"VHM",142403,"/Date(1700551479000)/",39000,100,4403500,172567000000,50,true,0.13
"VHM",142353,"/Date(1700551469000)/",39050,200,4403400,172563000000,100,false,0.26
"VHM",142328,"/Date(1700551443000)/",39000,4500,4403200,172556000000,50,false,0.13
"VHM",142328,"/Date(1700551442000)/",39000,600,4398700,172380000000,50,false,0.13
"VHM",142328,"/Date(1700551442000)/",39000,2300,4398100,172357000000,50,false,0.13
"VHM",142328,"/Date(1700551442000)/",39000,800,4395800,172267000000,50,false,0.13
"VHM",142328,"/Date(1700551442000)/",39000,5200,4395000,172236000000,50,false,0.13
"VHM",142324,"/Date(1700551438000)/",38950,1000,4389800,172033000000,0,true,0
"VHM",142324,"/Date(1700551438000)/",38950,100,4388800,171994000000,0,true,0
"VHM",142324,"/Date(1700551438000)/",38950,500,4388700,171990000000,0,true,0
"VHM",142324,"/Date(1700551438000)/",38950,200,4388200,171971000000,0,true,0
"VHM",142324,"/Date(1700551438000)/",38950,500,4388000,171963000000,0,true,0
"VHM",142324,"/Date(1700551438000)/",38950,1700,4387500,171943000000,0,true,0
"VHM",142321,"/Date(1700551435000)/",38950,1300,4385800,171877000000,0,true,0
"VHM",142321,"/Date(1700551435000)/",38950,100,4384500,171827000000,0,true,0
"VHM",142321,"/Date(1700551435000)/",38950,800,4384400,171823000000,0,true,0
"VHM",142315,"/Date(1700551432000)/",38950,400,4383600,171791000000,0,true,0
"VHM",142315,"/Date(1700551432000)/",38950,100,4383200,171776000000,0,true,0
"VHM",142315,"/Date(1700551432000)/",38950,100,4383100,171772000000,0,true,0
"VHM",142315,"/Date(1700551432000)/",38950,100,4383000,171768000000,0,true,0
"VHM",142315,"/Date(1700551432000)/",38950,100,4382900,171764000000,0,true,0
"VHM",142315,"/Date(1700551432000)/",38950,1000,4382800,171760000000,0,true,0
"VHM",142308,"/Date(1700551424000)/",38950,100,4381800,171721000000,0,true,0
"VHM",142305,"/Date(1700551421000)/",38950,100,4381700,171717000000,0,true,0
"VHM",142302,"/Date(1700551417000)/",38950,300,4381600,171714000000,0,true,0
"VHM",142302,"/Date(1700551417000)/",38950,100,4381300,171702000000,0,true,0
"VHM",142259,"/Date(1700551414000)/",38950,100,4381200,171698000000,0,true,0
"VHM",142259,"/Date(1700551414000)/",38950,200,4381100,171694000000,0,true,0
"VHM",142259,"/Date(1700551414000)/",38950,100,4380900,171686000000,0,true,0
"VHM",142259,"/Date(1700551414000)/",38950,100,4380800,171682000000,0,true,0
"VHM",142259,"/Date(1700551414000)/",38950,100,4380700,171678000000,0,true,0
"VHM",142259,"/Date(1700551414000)/",38950,100,4380600,171675000000,0,true,0
"VHM",142256,"/Date(1700551410000)/",38950,600,4380500,171671000000,0,true,0
"VHM",142256,"/Date(1700551410000)/",38950,300,4379900,171647000000,0,true,0
"VHM",142252,"/Date(1700551408000)/",38950,200,4379600,171636000000,0,true,0
"VHM",142252,"/Date(1700551408000)/",38950,1800,4379400,171628000000,0,true,0
"VHM",142249,"/Date(1700551403000)/",38950,1100,4377600,171558000000,0,true,0
"VHM",142243,"/Date(1700551400000)/",38950,1300,4376500,171515000000,0,true,0
"VHM",142240,"/Date(1700551395000)/",38950,800,4375200,171464000000,0,true,0
"VHM",142240,"/Date(1700551395000)/",38950,100,4374400,171433000000,0,true,0
"VHM",142240,"/Date(1700551395000)/",38950,100,4374300,171429000000,0,true,0
"VHM",142240,"/Date(1700551395000)/",38950,400,4374200,171425000000,0,true,0
"VHM",142236,"/Date(1700551391000)/",39000,500,4373800,171410000000,50,false,0.13
"VHM",142233,"/Date(1700551390000)/",39000,100,4373300,171390000000,50,false,0.13
"VHM",142233,"/Date(1700551389000)/",38950,1400,4373200,171386000000,0,true,0
"VHM",142233,"/Date(1700551387000)/",38950,200,4371800,171332000000,0,true,0
"VHM",142233,"/Date(1700551387000)/",38950,100,4371600,171324000000,0,true,0
"VHM",142233,"/Date(1700551387000)/",38950,500,4371500,171320000000,0,true,0
"VHM",142233,"/Date(1700551387000)/",38950,500,4371000,171301000000,0,true,0
"VHM",142233,"/Date(1700551387000)/",38950,100,4370500,171281000000,0,true,0
"VHM",142230,"/Date(1700551385000)/",38950,1300,4370400,171277000000,0,true,0
"VHM",142227,"/Date(1700551382000)/",38950,600,4369100,171227000000,0,true,0
"VHM",142227,"/Date(1700551382000)/",38950,500,4368500,171203000000,0,true,0
"VHM",142224,"/Date(1700551379000)/",38950,900,4368000,171184000000,0,true,0
"VHM",142217,"/Date(1700551373000)/",39000,4000,4367100,171149000000,50,true,0.13
"VHM",142217,"/Date(1700551373000)/",39000,200,4363100,170993000000,50,true,0.13
"VHM",142214,"/Date(1700551371000)/",39000,400,4362900,170985000000,50,true,0.13
"VHM",142214,"/Date(1700551370000)/",39000,100,4362500,170969000000,50,true,0.13
"VHM",142211,"/Date(1700551366000)/",39000,700,4362400,170965000000,50,true,0.13
"VHM",142211,"/Date(1700551365000)/",39050,900,4361700,170938000000,100,false,0.26
"VHM",142211,"/Date(1700551365000)/",39050,100,4360800,170903000000,100,false,0.26
"VHM",142208,"/Date(1700551362000)/",39000,400,4360700,170899000000,50,true,0.13
"VHM",142201,"/Date(1700551357000)/",39000,700,4360300,170883000000,50,true,0.13
"VHM",142157,"/Date(1700551352000)/",39000,900,4359600,170856000000,50,true,0.13
"VHM",142157,"/Date(1700551351000)/",39000,10000,4358700,170821000000,50,true,0.13
"VHM",142151,"/Date(1700551348000)/",39000,1000,4348700,170431000000,50,true,0.13
"VHM",142151,"/Date(1700551346000)/",39000,2000,4347700,170392000000,50,true,0.13
"VHM",142148,"/Date(1700551344000)/",39000,2200,4345700,170314000000,50,true,0.13
"VHM",142141,"/Date(1700551335000)/",39000,700,4343500,170228000000,50,true,0.13
"VHM",142138,"/Date(1700551333000)/",39000,900,4342800,170201000000,50,true,0.13
"VHM",142135,"/Date(1700551331000)/",38950,400,4341900,170166000000,0,true,0
"VHM",142135,"/Date(1700551331000)/",38950,700,4341500,170150000000,0,true,0
"VHM",142132,"/Date(1700551328000)/",38950,2000,4340800,170123000000,0,true,0
"VHM",142129,"/Date(1700551325000)/",38950,1300,4338800,170045000000,0,true,0
"VHM",142129,"/Date(1700551325000)/",38950,500,4337500,169995000000,0,true,0
"VHM",142129,"/Date(1700551325000)/",38950,100,4337000,169975000000,0,true,0
"VHM",142129,"/Date(1700551325000)/",39000,300,4336900,169971000000,50,false,0.13
"VHM",142129,"/Date(1700551324000)/",39000,200,4336600,169959000000,50,false,0.13
"VHM",142125,"/Date(1700551320000)/",39000,100,4336400,169952000000,50,false,0.13
"VHM",142122,"/Date(1700551318000)/",39000,200,4336300,169948000000,50,true,0.13
"VHM",142106,"/Date(1700551302000)/",39000,100,4336100,169940000000,50,false,0.13
"VHM",142106,"/Date(1700551302000)/",39000,200,4336000,169936000000,50,false,0.13
"VHM",142100,"/Date(1700551296000)/",39000,1000,4335800,169928000000,50,false,0.13
"VHM",142053,"/Date(1700551287000)/",39000,200,4334800,169889000000,50,false,0.13
"VHM",142044,"/Date(1700551278000)/",38950,800,4334600,169881000000,0,true,0
"VHM",142041,"/Date(1700551276000)/",39000,100,4333800,169850000000,50,false,0.13
"VHM",142034,"/Date(1700551268000)/",39000,600,4333700,169846000000,50,false,0.13
"VHM",142034,"/Date(1700551268000)/",39000,500,4333100,169823000000,50,false,0.13
"VHM",142034,"/Date(1700551268000)/",39000,200,4332600,169803000000,50,false,0.13
"VHM",142034,"/Date(1700551268000)/",39000,200,4332400,169796000000,50,false,0.13
"VHM",142034,"/Date(1700551268000)/",39000,200,4332200,169788000000,50,false,0.13
"VHM",142009,"/Date(1700551245000)/",39000,500,4332000,169780000000,50,false,0.13
"VHM",142005,"/Date(1700551239000)/",38950,1200,4331500,169761000000,0,false,0
"VHM",142002,"/Date(1700551238000)/",38950,200,4330300,169714000000,0,false,0
"VHM",141956,"/Date(1700551231000)/",38950,1000,4330100,169706000000,0,false,0
"VHM",141949,"/Date(1700551225000)/",38950,100,4329100,169667000000,0,false,0
"VHM",141940,"/Date(1700551214000)/",38900,200,4329000,169663000000,-50,true,-0.13
"VHM",141940,"/Date(1700551213000)/",38950,5000,4328800,169655000000,0,true,0
"VHM",141940,"/Date(1700551213000)/",38950,2500,4323800,169461000000,0,true,0
"VHM",141937,"/Date(1700551212000)/",38950,300,4321300,169363000000,0,true,0
"VHM",141933,"/Date(1700551209000)/",38950,400,4321000,169352000000,0,true,0
"VHM",141930,"/Date(1700551206000)/",38950,500,4320600,169336000000,0,true,0
"VHM",141921,"/Date(1700551197000)/",38900,500,4320100,169317000000,-50,true,-0.13
"VHM",141921,"/Date(1700551197000)/",38900,100,4319600,169297000000,-50,true,-0.13
"VHM",141917,"/Date(1700551192000)/",38950,700,4319500,169293000000,0,true,0
"VHM",141914,"/Date(1700551190000)/",38950,700,4318800,169266000000,0,false,0
"VHM",141911,"/Date(1700551187000)/",38900,400,4318100,169239000000,-50,true,-0.13
"VHM",141911,"/Date(1700551187000)/",38900,500,4317700,169223000000,-50,true,-0.13
"VHM",141908,"/Date(1700551183000)/",38900,1100,4317200,169204000000,-50,true,-0.13
"VHM",141901,"/Date(1700551177000)/",38900,300,4316100,169161000000,-50,true,-0.13
"VHM",141901,"/Date(1700551177000)/",38950,200,4315800,169149000000,0,true,0
"VHM",141901,"/Date(1700551177000)/",38950,1500,4315600,169141000000,0,true,0
"VHM",141901,"/Date(1700551175000)/",38950,500,4314100,169083000000,0,true,0
"VHM",141901,"/Date(1700551175000)/",38950,100,4313600,169064000000,0,true,0
"VHM",141901,"/Date(1700551175000)/",38950,500,4313500,169060000000,0,true,0
"VHM",141901,"/Date(1700551175000)/",38950,1100,4313000,169040000000,0,true,0
"VHM",141849,"/Date(1700551163000)/",38950,500,4311900,168997000000,0,true,0
"VHM",141849,"/Date(1700551163000)/",38950,500,4311400,168978000000,0,true,0
"VHM",141849,"/Date(1700551163000)/",38950,100,4310900,168958000000,0,true,0
"VHM",141849,"/Date(1700551163000)/",38950,1000,4310800,168954000000,0,true,0
"VHM",141849,"/Date(1700551163000)/",38950,100,4309800,168916000000,0,true,0
"VHM",141849,"/Date(1700551163000)/",38950,1800,4309700,168912000000,0,true,0
"VHM",141849,"/Date(1700551163000)/",38950,400,4307900,168842000000,0,true,0
"VHM",141839,"/Date(1700551154000)/",39050,400,4307500,168826000000,100,false,0.26
"VHM",141839,"/Date(1700551154000)/",39050,2500,4307100,168810000000,100,false,0.26
"VHM",141839,"/Date(1700551154000)/",39000,2000,4304600,168713000000,50,false,0.13
"VHM",141839,"/Date(1700551154000)/",39000,100,4302600,168635000000,50,false,0.13
"VHM",141839,"/Date(1700551154000)/",39000,500,4302500,168631000000,50,false,0.13
"VHM",141839,"/Date(1700551154000)/",39000,1000,4302000,168611000000,50,false,0.13
"VHM",141839,"/Date(1700551154000)/",39000,500,4301000,168572000000,50,false,0.13
"VHM",141833,"/Date(1700551148000)/",38950,500,4300500,168553000000,0,true,0
"VHM",141833,"/Date(1700551148000)/",38950,900,4300000,168533000000,0,true,0
"VHM",141823,"/Date(1700551138000)/",38950,1000,4299100,168498000000,0,true,0
"VHM",141820,"/Date(1700551135000)/",38950,400,4298100,168459000000,0,true,0
"VHM",141817,"/Date(1700551132000)/",38950,700,4297700,168444000000,0,true,0
"VHM",141817,"/Date(1700551132000)/",38950,100,4297000,168416000000,0,true,0
"VHM",141817,"/Date(1700551132000)/",38950,100,4296900,168413000000,0,true,0
"VHM",141817,"/Date(1700551132000)/",38950,1100,4296800,168409000000,0,true,0
"VHM",141817,"/Date(1700551131000)/",38950,300,4295700,168366000000,0,true,0
"VHM",141814,"/Date(1700551129000)/",38950,200,4295400,168354000000,0,true,0
"VHM",141810,"/Date(1700551125000)/",38950,200,4295200,168346000000,0,true,0
"VHM",141807,"/Date(1700551122000)/",38950,100,4295000,168339000000,0,true,0
"VHM",141804,"/Date(1700551119000)/",38950,200,4294900,168335000000,0,true,0
"VHM",141801,"/Date(1700551114000)/",38950,100,4294700,168327000000,0,true,0
"VHM",141758,"/Date(1700551114000)/",39000,300,4294600,168323000000,50,false,0.13
"VHM",141758,"/Date(1700551114000)/",39000,100,4294300,168311000000,50,false,0.13
"VHM",141758,"/Date(1700551114000)/",39000,400,4294200,168307000000,50,false,0.13
"VHM",141758,"/Date(1700551114000)/",39000,200,4293800,168292000000,50,false,0.13
"VHM",141754,"/Date(1700551109000)/",38950,100,4293600,168284000000,0,true,0
"VHM",141748,"/Date(1700551103000)/",39000,600,4293500,168280000000,50,false,0.13
"VHM",141748,"/Date(1700551103000)/",39000,400,4292900,168257000000,50,false,0.13
"VHM",141748,"/Date(1700551102000)/",38950,100,4292500,168241000000,0,true,0
"VHM",141748,"/Date(1700551102000)/",38950,100,4292400,168237000000,0,true,0
"VHM",141748,"/Date(1700551102000)/",38950,200,4292300,168233000000,0,true,0
"VHM",141748,"/Date(1700551102000)/",38950,200,4292100,168226000000,0,true,0
"VHM",141748,"/Date(1700551102000)/",38950,200,4291900,168218000000,0,true,0
"VHM",141748,"/Date(1700551102000)/",38950,100,4291700,168210000000,0,true,0
"VHM",141748,"/Date(1700551102000)/",38950,100,4291600,168206000000,0,true,0
"VHM",141735,"/Date(1700551090000)/",38950,100,4291500,168202000000,0,true,0
"VHM",141735,"/Date(1700551090000)/",38950,4500,4291400,168198000000,0,true,0
"VHM",141735,"/Date(1700551090000)/",38950,300,4286900,168023000000,0,true,0
"VHM",141735,"/Date(1700551090000)/",38950,3000,4286600,168011000000,0,true,0
"VHM",141735,"/Date(1700551090000)/",38950,500,4283600,167894000000,0,true,0
"VHM",141735,"/Date(1700551090000)/",38950,100,4283100,167875000000,0,true,0
"VHM",141735,"/Date(1700551090000)/",38950,1500,4283000,167871000000,0,true,0
"VHM",141735,"/Date(1700551089000)/",38950,2200,4281500,167813000000,0,true,0
"VHM",141732,"/Date(1700551087000)/",38950,6300,4279300,167727000000,0,true,0
"VHM",141732,"/Date(1700551087000)/",38950,100,4273000,167482000000,0,true,0
"VHM",141732,"/Date(1700551087000)/",38950,200,4272900,167478000000,0,true,0
"VHM",141732,"/Date(1700551087000)/",38950,300,4272700,167470000000,0,true,0
"VHM",141732,"/Date(1700551087000)/",38950,1000,4272400,167458000000,0,true,0
"VHM",141732,"/Date(1700551087000)/",38950,300,4271400,167419000000,0,true,0
"VHM",141732,"/Date(1700551087000)/",38950,100,4271100,167408000000,0,true,0
"VHM",141732,"/Date(1700551087000)/",38950,100,4271000,167404000000,0,true,0
"VHM",141732,"/Date(1700551087000)/",38950,800,4270900,167400000000,0,true,0
"VHM",141732,"/Date(1700551087000)/",38950,100,4270100,167369000000,0,true,0
"VHM",141732,"/Date(1700551087000)/",38950,500,4270000,167365000000,0,true,0
"VHM",141732,"/Date(1700551087000)/",38950,200,4269500,167345000000,0,true,0
"VHM",141732,"/Date(1700551087000)/",38950,1000,4269300,167337000000,0,true,0
"VHM",141732,"/Date(1700551087000)/",38950,100,4268300,167299000000,0,true,0
"VHM",141732,"/Date(1700551087000)/",38950,100,4268200,167295000000,0,true,0
"VHM",141732,"/Date(1700551087000)/",38950,100,4268100,167291000000,0,true,0
"VHM",141732,"/Date(1700551087000)/",38950,4200,4268000,167287000000,0,true,0
"VHM",141732,"/Date(1700551087000)/",38950,800,4263800,167123000000,0,true,0
"VHM",141732,"/Date(1700551086000)/",39000,500,4263000,167092000000,50,false,0.13
"VHM",141729,"/Date(1700551085000)/",38950,2000,4262500,167073000000,0,true,0
"VHM",141729,"/Date(1700551082000)/",38950,400,4260500,166995000000,0,true,0
"VHM",141729,"/Date(1700551082000)/",38950,500,4260100,166979000000,0,true,0
"VHM",141729,"/Date(1700551082000)/",38950,200,4259600,166960000000,0,true,0
"VHM",141722,"/Date(1700551078000)/",38950,1100,4259400,166952000000,0,true,0
"VHM",141719,"/Date(1700551073000)/",38950,900,4258300,166909000000,0,true,0
"VHM",141716,"/Date(1700551069000)/",38950,700,4257400,166874000000,0,true,0
"VHM",141713,"/Date(1700551066000)/",38950,700,4256700,166847000000,0,true,0
"VHM",141706,"/Date(1700551062000)/",38950,100,4256000,166819000000,0,true,0
"VHM",141703,"/Date(1700551059000)/",38950,6600,4255900,166816000000,0,true,0
"VHM",141703,"/Date(1700551058000)/",38950,100,4249300,166558000000,0,true,0
"VHM",141703,"/Date(1700551057000)/",39000,100,4249200,166555000000,50,false,0.13
"VHM",141703,"/Date(1700551057000)/",39000,100,4249100,166551000000,50,false,0.13
"VHM",141700,"/Date(1700551055000)/",38950,100,4249000,166547000000,0,true,0
"VHM",141657,"/Date(1700551052000)/",38950,500,4248900,166543000000,0,true,0
"VHM",141654,"/Date(1700551048000)/",38950,400,4248400,166523000000,0,true,0
"VHM",141650,"/Date(1700551044000)/",38950,300,4248000,166508000000,0,true,0
"VHM",141647,"/Date(1700551042000)/",38950,200,4247700,166496000000,0,true,0
"VHM",141628,"/Date(1700551024000)/",39000,400,4247500,166488000000,50,false,0.13
"VHM",141628,"/Date(1700551024000)/",39000,500,4247100,166473000000,50,false,0.13
"VHM",141615,"/Date(1700551010000)/",39000,100,4246600,166453000000,50,false,0.13
"VHM",141612,"/Date(1700551006000)/",39000,100,4246500,166449000000,50,false,0.13
"VHM",141609,"/Date(1700551003000)/",39000,100,4246400,166445000000,50,false,0.13
"VHM",141556,"/Date(1700550992000)/",39000,100,4246300,166442000000,50,false,0.13
"VHM",141550,"/Date(1700550985000)/",39000,100,4246200,166438000000,50,false,0.13
"VHM",141550,"/Date(1700550984000)/",39000,200,4246100,166434000000,50,false,0.13
"VHM",141527,"/Date(1700550961000)/",39000,100,4245900,166426000000,50,false,0.13
"VHM",141527,"/Date(1700550961000)/",39000,100,4245800,166422000000,50,false,0.13
"VHM",141521,"/Date(1700550955000)/",38950,700,4245700,166418000000,0,true,0
"VHM",141518,"/Date(1700550952000)/",38950,400,4245000,166391000000,0,true,0
"VHM",141518,"/Date(1700550952000)/",38950,400,4244600,166375000000,0,true,0
"VHM",141511,"/Date(1700550945000)/",38950,200,4244200,166360000000,0,true,0
"VHM",141508,"/Date(1700550942000)/",38950,200,4244000,166352000000,0,true,0
"VHM",141505,"/Date(1700550939000)/",38950,100,4243800,166344000000,0,true,0
"VHM",141502,"/Date(1700550937000)/",39000,100,4243700,166340000000,50,false,0.13
"VHM",141455,"/Date(1700550932000)/",39000,500,4243600,166336000000,50,false,0.13
"VHM",141455,"/Date(1700550931000)/",38950,100,4243100,166317000000,0,true,0
"VHM",141439,"/Date(1700550914000)/",38950,6000,4243000,166313000000,0,true,0
"VHM",141439,"/Date(1700550914000)/",38950,500,4237000,166079000000,0,true,0
"VHM",141439,"/Date(1700550914000)/",38950,800,4236500,166060000000,0,true,0
"VHM",141439,"/Date(1700550914000)/",38950,500,4235700,166029000000,0,true,0
"VHM",141439,"/Date(1700550914000)/",38950,2200,4235200,166009000000,0,true,0
"VHM",141436,"/Date(1700550912000)/",39000,100,4233000,165923000000,50,false,0.13
"VHM",141423,"/Date(1700550898000)/",39000,100,4232900,165920000000,50,false,0.13
"VHM",141416,"/Date(1700550891000)/",38950,100,4232800,165916000000,0,true,0
"VHM",141413,"/Date(1700550888000)/",38950,100,4232700,165912000000,0,true,0
"VHM",141410,"/Date(1700550883000)/",38950,500,4232600,165908000000,0,true,0
"VHM",141404,"/Date(1700550879000)/",38950,100,4232100,165888000000,0,true,0
"VHM",141400,"/Date(1700550874000)/",38950,100,4232000,165884000000,0,true,0
"VHM",141354,"/Date(1700550868000)/",39000,800,4231900,165881000000,50,false,0.13
"VHM",141354,"/Date(1700550868000)/",39000,100,4231100,165849000000,50,false,0.13
"VHM",141354,"/Date(1700550868000)/",39000,100,4231000,165845000000,50,false,0.13
"VHM",141351,"/Date(1700550865000)/",39000,500,4230900,165842000000,50,false,0.13
"VHM",141344,"/Date(1700550860000)/",39000,400,4230400,165822000000,50,false,0.13
"VHM",141328,"/Date(1700550844000)/",39000,100,4230000,165806000000,50,false,0.13
"VHM",141322,"/Date(1700550835000)/",39000,100,4229900,165803000000,50,false,0.13
"VHM",141253,"/Date(1700550809000)/",39000,100,4229800,165799000000,50,false,0.13
"VHM",141247,"/Date(1700550803000)/",39000,100,4229700,165795000000,50,false,0.13
"VHM",141247,"/Date(1700550803000)/",39000,100,4229600,165791000000,50,false,0.13
"VHM",141237,"/Date(1700550793000)/",38950,1900,4229500,165787000000,0,true,0
"VHM",141237,"/Date(1700550793000)/",38950,3700,4227600,165713000000,0,true,0
"VHM",141237,"/Date(1700550793000)/",38950,100,4223900,165569000000,0,true,0
"VHM",141237,"/Date(1700550793000)/",38950,100,4223800,165565000000,0,true,0
"VHM",141237,"/Date(1700550793000)/",38950,300,4223700,165561000000,0,true,0
"VHM",141237,"/Date(1700550793000)/",38950,3900,4223400,165549000000,0,true,0
"VHM",141225,"/Date(1700550780000)/",38950,1100,4219500,165397000000,0,true,0
"VHM",141225,"/Date(1700550780000)/",38950,500,4218400,165355000000,0,true,0
"VHM",141225,"/Date(1700550780000)/",38950,100,4217900,165335000000,0,true,0
"VHM",141225,"/Date(1700550780000)/",39000,200,4217800,165331000000,50,false,0.13
"VHM",141225,"/Date(1700550780000)/",39000,100,4217600,165323000000,50,false,0.13
"VHM",141215,"/Date(1700550768000)/",39050,5000,4217500,165320000000,100,false,0.26
"VHM",141205,"/Date(1700550758000)/",39050,5000,4212500,165124000000,100,false,0.26
"VHM",141159,"/Date(1700550754000)/",39050,5800,4207500,164929000000,100,false,0.26
"VHM",141159,"/Date(1700550754000)/",39050,4200,4201700,164703000000,100,false,0.26
"VHM",141156,"/Date(1700550751000)/",39050,800,4197500,164539000000,100,false,0.26
"VHM",141156,"/Date(1700550751000)/",39050,1000,4196700,164507000000,100,false,0.26
"VHM",141156,"/Date(1700550751000)/",39050,4000,4195700,164468000000,100,false,0.26
"VHM",141156,"/Date(1700550751000)/",39050,4200,4191700,164312000000,100,false,0.26
"VHM",141152,"/Date(1700550746000)/",39050,300,4187500,164148000000,100,false,0.26
"VHM",141152,"/Date(1700550746000)/",39050,4000,4187200,164136000000,100,false,0.26
"VHM",141152,"/Date(1700550746000)/",39050,2200,4183200,163980000000,100,false,0.26
"VHM",141152,"/Date(1700550746000)/",39050,1900,4181000,163894000000,100,false,0.26
"VHM",141152,"/Date(1700550746000)/",39050,1400,4179100,163820000000,100,false,0.26
"VHM",141152,"/Date(1700550746000)/",39050,200,4177700,163765000000,100,false,0.26
"VHM",141149,"/Date(1700550743000)/",39000,1500,4177500,163758000000,50,true,0.13
"VHM",141149,"/Date(1700550743000)/",39050,1200,4176000,163699000000,100,false,0.26
"VHM",141149,"/Date(1700550743000)/",39050,1300,4174800,163652000000,100,false,0.26
"VHM",141149,"/Date(1700550743000)/",39050,1100,4173500,163601000000,100,false,0.26
"VHM",141149,"/Date(1700550743000)/",39050,900,4172400,163558000000,100,false,0.26
"VHM",141149,"/Date(1700550743000)/",39050,700,4171500,163523000000,100,false,0.26
"VHM",141149,"/Date(1700550743000)/",39050,400,4170800,163496000000,100,false,0.26
"VHM",141149,"/Date(1700550743000)/",39050,800,4170400,163480000000,100,false,0.26
"VHM",141149,"/Date(1700550743000)/",39050,200,4169600,163449000000,100,false,0.26
"VHM",141149,"/Date(1700550743000)/",39050,100,4169400,163441000000,100,false,0.26
"VHM",141149,"/Date(1700550743000)/",39050,100,4169300,163437000000,100,false,0.26
"VHM",141149,"/Date(1700550743000)/",39050,100,4169200,163434000000,100,false,0.26
"VHM",141149,"/Date(1700550743000)/",39050,1500,4169100,163430000000,100,false,0.26
"VHM",141149,"/Date(1700550743000)/",39050,1600,4167600,163371000000,100,false,0.26
"VHM",141146,"/Date(1700550740000)/",39050,1000,4166000,163309000000,100,false,0.26
"VHM",141146,"/Date(1700550739000)/",39000,200,4165000,163269000000,50,true,0.13
"VHM",141140,"/Date(1700550735000)/",39000,300,4164800,163262000000,50,true,0.13
"VHM",141136,"/Date(1700550730000)/",39000,100,4164500,163250000000,50,false,0.13
"VHM",141136,"/Date(1700550730000)/",39000,100,4164400,163246000000,50,false,0.13
"VHM",141136,"/Date(1700550730000)/",39000,700,4164300,163242000000,50,false,0.13
"VHM",141136,"/Date(1700550730000)/",39000,100,4163600,163215000000,50,false,0.13
"VHM",141133,"/Date(1700550729000)/",39000,1800,4163500,163211000000,50,false,0.13
"VHM",141133,"/Date(1700550729000)/",39000,500,4161700,163141000000,50,false,0.13
"VHM",141133,"/Date(1700550729000)/",39000,400,4161200,163121000000,50,false,0.13
"VHM",141133,"/Date(1700550729000)/",39000,2300,4160800,163106000000,50,false,0.13
"VHM",141133,"/Date(1700550726000)/",38900,2000,4158500,163016000000,-50,true,-0.13
"VHM",141130,"/Date(1700550724000)/",39000,2200,4156500,162938000000,50,false,0.13
"VHM",141130,"/Date(1700550724000)/",39000,4000,4154300,162852000000,50,false,0.13
"VHM",141130,"/Date(1700550724000)/",39000,2200,4150300,162696000000,50,false,0.13
"VHM",141130,"/Date(1700550724000)/",39000,1600,4148100,162611000000,50,false,0.13
"VHM",141127,"/Date(1700550721000)/",39000,300,4146500,162548000000,50,false,0.13
"VHM",141127,"/Date(1700550721000)/",39000,1400,4146200,162536000000,50,false,0.13
"VHM",141127,"/Date(1700550721000)/",39000,1400,4144800,162482000000,50,false,0.13
"VHM",141127,"/Date(1700550721000)/",39000,1300,4143400,162427000000,50,false,0.13
"VHM",141127,"/Date(1700550721000)/",39000,600,4142100,162377000000,50,false,0.13
"VHM",141124,"/Date(1700550717000)/",38900,1100,4141500,162353000000,-50,true,-0.13
"VHM",141124,"/Date(1700550717000)/",38900,100,4140400,162310000000,-50,true,-0.13
"VHM",141124,"/Date(1700550717000)/",38900,100,4140300,162307000000,-50,true,-0.13
"VHM",141124,"/Date(1700550717000)/",38900,100,4140200,162303000000,-50,true,-0.13
"VHM",141124,"/Date(1700550717000)/",38900,100,4140100,162299000000,-50,true,-0.13
"VHM",141124,"/Date(1700550717000)/",38900,200,4140000,162295000000,-50,true,-0.13
"VHM",141124,"/Date(1700550717000)/",38900,100,4139800,162287000000,-50,true,-0.13
"VHM",141124,"/Date(1700550717000)/",38900,400,4139700,162283000000,-50,true,-0.13
"VHM",141124,"/Date(1700550717000)/",39000,500,4139300,162268000000,50,false,0.13
"VHM",141124,"/Date(1700550717000)/",39000,900,4138800,162248000000,50,false,0.13
"VHM",141124,"/Date(1700550717000)/",39000,600,4137900,162213000000,50,false,0.13
"VHM",141120,"/Date(1700550714000)/",39000,100,4137300,162190000000,50,false,0.13
"VHM",141120,"/Date(1700550714000)/",39000,400,4137200,162186000000,50,false,0.13
"VHM",141120,"/Date(1700550714000)/",39000,500,4136800,162170000000,50,false,0.13
"VHM",141120,"/Date(1700550714000)/",39000,3500,4136300,162151000000,50,false,0.13
"VHM",141120,"/Date(1700550714000)/",38950,500,4132800,162014000000,0,false,0
"VHM",141117,"/Date(1700550710000)/",39000,5000,4132300,161995000000,50,false,0.13
"VHM",141117,"/Date(1700550710000)/",38900,3800,4127300,161800000000,-50,true,-0.13
"VHM",141114,"/Date(1700550708000)/",38900,2200,4123500,161652000000,-50,true,-0.13
"VHM",141114,"/Date(1700550707000)/",39000,1500,4121300,161566000000,50,false,0.13
"VHM",141114,"/Date(1700550707000)/",39000,500,4119800,161508000000,50,false,0.13
"VHM",141108,"/Date(1700550703000)/",39000,2000,4119300,161488000000,50,false,0.13
"VHM",141108,"/Date(1700550702000)/",38900,2200,4117300,161410000000,-50,true,-0.13
"VHM",141108,"/Date(1700550701000)/",38900,1400,4115100,161325000000,-50,true,-0.13
"VHM",141108,"/Date(1700550701000)/",38900,1000,4113700,161270000000,-50,true,-0.13
"VHM",141108,"/Date(1700550701000)/",38900,200,4112700,161231000000,-50,true,-0.13
"VHM",141108,"/Date(1700550701000)/",38900,100,4112500,161224000000,-50,true,-0.13
"VHM",141108,"/Date(1700550701000)/",38900,400,4112400,161220000000,-50,true,-0.13
"VHM",141108,"/Date(1700550701000)/",38900,700,4112000,161204000000,-50,true,-0.13
"VHM",141104,"/Date(1700550698000)/",38900,4300,4111300,161177000000,-50,true,-0.13
"VHM",141104,"/Date(1700550698000)/",38900,300,4107000,161010000000,-50,true,-0.13
"VHM",141104,"/Date(1700550698000)/",38900,300,4106700,160998000000,-50,true,-0.13
"VHM",141104,"/Date(1700550698000)/",38950,1700,4106400,160986000000,0,false,0
"VHM",141101,"/Date(1700550695000)/",38950,1000,4104700,160920000000,0,true,0
"VHM",141101,"/Date(1700550695000)/",39000,5000,4103700,160881000000,50,false,0.13
"VHM",141058,"/Date(1700550691000)/",38900,200,4098700,160686000000,-50,true,-0.13
"VHM",141058,"/Date(1700550691000)/",38950,100,4098500,160678000000,0,true,0
"VHM",141058,"/Date(1700550691000)/",38950,100,4098400,160674000000,0,true,0
"VHM",141058,"/Date(1700550691000)/",38950,100,4098300,160670000000,0,true,0
"VHM",141058,"/Date(1700550691000)/",38950,2000,4098200,160667000000,0,true,0
"VHM",141058,"/Date(1700550691000)/",38950,200,4096200,160589000000,0,true,0
"VHM",141058,"/Date(1700550691000)/",38950,100,4096000,160581000000,0,true,0
"VHM",141058,"/Date(1700550691000)/",38950,1100,4095900,160577000000,0,true,0
"VHM",141058,"/Date(1700550691000)/",38950,300,4094800,160534000000,0,true,0
"VHM",141055,"/Date(1700550690000)/",39000,2000,4094500,160522000000,50,false,0.13
"VHM",141055,"/Date(1700550689000)/",38950,200,4092500,160444000000,0,true,0
"VHM",141055,"/Date(1700550689000)/",38950,500,4092300,160437000000,0,true,0
"VHM",141055,"/Date(1700550689000)/",38950,100,4091800,160417000000,0,true,0
"VHM",141055,"/Date(1700550689000)/",38950,500,4091700,160413000000,0,true,0
"VHM",141055,"/Date(1700550689000)/",38950,400,4091200,160394000000,0,true,0
"VHM",141055,"/Date(1700550689000)/",38950,400,4090800,160378000000,0,true,0
"VHM",141045,"/Date(1700550681000)/",38950,500,4090400,160363000000,0,true,0
"VHM",141036,"/Date(1700550668000)/",38950,1000,4089900,160343000000,0,true,0
"VHM",141023,"/Date(1700550656000)/",38950,600,4088900,160304000000,0,true,0
"VHM",141000,"/Date(1700550633000)/",38950,200,4088300,160281000000,0,false,0
"VHM",141000,"/Date(1700550633000)/",38950,1000,4088100,160273000000,0,false,0
"VHM",141000,"/Date(1700550633000)/",38950,1300,4087100,160234000000,0,false,0
"VHM",140957,"/Date(1700550633000)/",38950,1100,4085800,160184000000,0,false,0
"VHM",140954,"/Date(1700550629000)/",38950,2600,4084700,160141000000,0,false,0
"VHM",140954,"/Date(1700550629000)/",38950,500,4082100,160039000000,0,false,0
"VHM",140954,"/Date(1700550629000)/",38950,1900,4081600,160020000000,0,false,0
"VHM",140945,"/Date(1700550620000)/",38950,100,4079700,159946000000,0,false,0
"VHM",140941,"/Date(1700550616000)/",38950,300,4079600,159942000000,0,false,0
"VHM",140929,"/Date(1700550604000)/",38950,700,4079300,159930000000,0,false,0
"VHM",140913,"/Date(1700550587000)/",38950,100,4078600,159903000000,0,false,0
"VHM",140906,"/Date(1700550581000)/",38900,300,4078500,159899000000,-50,true,-0.13
"VHM",140906,"/Date(1700550581000)/",38900,100,4078200,159888000000,-50,true,-0.13
"VHM",140906,"/Date(1700550581000)/",38900,100,4078100,159884000000,-50,true,-0.13
"VHM",140906,"/Date(1700550581000)/",38900,300,4078000,159880000000,-50,true,-0.13
"VHM",140906,"/Date(1700550581000)/",38900,2000,4077700,159868000000,-50,true,-0.13
"VHM",140906,"/Date(1700550581000)/",38900,5000,4075700,159790000000,-50,true,-0.13
"VHM",140906,"/Date(1700550581000)/",38900,2200,4070700,159596000000,-50,true,-0.13
"VHM",140900,"/Date(1700550575000)/",38950,1900,4068500,159510000000,0,false,0
"VHM",140900,"/Date(1700550575000)/",38950,500,4066600,159436000000,0,false,0
"VHM",140900,"/Date(1700550575000)/",38950,100,4066100,159417000000,0,false,0
"VHM",140857,"/Date(1700550572000)/",38900,600,4066000,159413000000,-50,false,-0.13
"VHM",140857,"/Date(1700550572000)/",38900,900,4065400,159389000000,-50,false,-0.13
"VHM",140857,"/Date(1700550572000)/",38900,100,4064500,159354000000,-50,false,-0.13
"VHM",140857,"/Date(1700550572000)/",38900,500,4064400,159351000000,-50,false,-0.13
"VHM",140857,"/Date(1700550570000)/",38900,800,4063900,159331000000,-50,false,-0.13
"VHM",140857,"/Date(1700550569000)/",38900,300,4063100,159300000000,-50,false,-0.13
"VHM",140853,"/Date(1700550568000)/",38900,1000,4062800,159288000000,-50,false,-0.13
"VHM",140853,"/Date(1700550568000)/",38900,200,4061800,159249000000,-50,false,-0.13
"VHM",140853,"/Date(1700550568000)/",38900,300,4061600,159242000000,-50,false,-0.13
"VHM",140850,"/Date(1700550566000)/",38900,100,4061300,159230000000,-50,false,-0.13
"VHM",140850,"/Date(1700550565000)/",38900,300,4061200,159226000000,-50,false,-0.13
"VHM",140850,"/Date(1700550565000)/",38900,200,4060900,159214000000,-50,false,-0.13
"VHM",140850,"/Date(1700550565000)/",38900,100,4060700,159207000000,-50,false,-0.13
"VHM",140850,"/Date(1700550564000)/",38900,100,4060600,159203000000,-50,false,-0.13
"VHM",140850,"/Date(1700550564000)/",38900,1000,4060500,159199000000,-50,false,-0.13
"VHM",140847,"/Date(1700550562000)/",38900,100,4059500,159160000000,-50,false,-0.13
"VHM",140844,"/Date(1700550559000)/",38900,2000,4059400,159156000000,-50,false,-0.13
"VHM",140844,"/Date(1700550557000)/",38900,100,4057400,159078000000,-50,false,-0.13
"VHM",140841,"/Date(1700550553000)/",38900,100,4057300,159074000000,-50,false,-0.13
"VHM",140841,"/Date(1700550553000)/",38900,100,4057200,159070000000,-50,false,-0.13
"VHM",140834,"/Date(1700550550000)/",38900,200,4057100,159067000000,-50,false,-0.13
"VHM",140834,"/Date(1700550549000)/",38900,100,4056900,159059000000,-50,false,-0.13
"VHM",140831,"/Date(1700550546000)/",38900,100,4056800,159055000000,-50,false,-0.13
"VHM",140831,"/Date(1700550546000)/",38900,1000,4056700,159051000000,-50,false,-0.13
"VHM",140831,"/Date(1700550544000)/",38900,100,4055700,159012000000,-50,false,-0.13
"VHM",140821,"/Date(1700550537000)/",38900,100,4055600,159008000000,-50,false,-0.13
"VHM",140821,"/Date(1700550536000)/",38900,100,4055500,159004000000,-50,false,-0.13
"VHM",140815,"/Date(1700550528000)/",38900,1000,4055400,159000000000,-50,true,-0.13
"VHM",140815,"/Date(1700550528000)/",38900,100,4054400,158962000000,-50,true,-0.13
"VHM",140815,"/Date(1700550528000)/",38900,200,4054300,158958000000,-50,true,-0.13
"VHM",140815,"/Date(1700550528000)/",38900,100,4054100,158950000000,-50,true,-0.13
"VHM",140815,"/Date(1700550528000)/",38900,100,4054000,158946000000,-50,true,-0.13
"VHM",140815,"/Date(1700550528000)/",38900,100,4053900,158942000000,-50,true,-0.13
"VHM",140815,"/Date(1700550528000)/",38900,100,4053800,158938000000,-50,true,-0.13
"VHM",140815,"/Date(1700550528000)/",38900,1400,4053700,158934000000,-50,true,-0.13
"VHM",140815,"/Date(1700550528000)/",38900,500,4052300,158880000000,-50,true,-0.13
"VHM",140815,"/Date(1700550528000)/",38900,300,4051800,158860000000,-50,true,-0.13
"VHM",140815,"/Date(1700550528000)/",38900,300,4051500,158849000000,-50,true,-0.13
"VHM",140815,"/Date(1700550528000)/",38900,100,4051200,158837000000,-50,true,-0.13
"VHM",140815,"/Date(1700550528000)/",38900,200,4051100,158833000000,-50,true,-0.13
"VHM",140815,"/Date(1700550528000)/",38900,100,4050900,158825000000,-50,true,-0.13
"VHM",140815,"/Date(1700550528000)/",38900,100,4050800,158822000000,-50,true,-0.13
"VHM",140815,"/Date(1700550528000)/",38900,500,4050700,158818000000,-50,true,-0.13
"VHM",140815,"/Date(1700550528000)/",38900,100,4050200,158798000000,-50,true,-0.13
"VHM",140815,"/Date(1700550528000)/",38900,100,4050100,158794000000,-50,true,-0.13
"VHM",140815,"/Date(1700550528000)/",38900,100,4050000,158790000000,-50,true,-0.13
"VHM",140815,"/Date(1700550528000)/",38900,1000,4049900,158787000000,-50,true,-0.13
"VHM",140815,"/Date(1700550528000)/",38900,200,4048900,158748000000,-50,true,-0.13
"VHM",140815,"/Date(1700550528000)/",38900,1000,4048700,158740000000,-50,true,-0.13
"VHM",140815,"/Date(1700550528000)/",38900,500,4047700,158701000000,-50,true,-0.13
"VHM",140815,"/Date(1700550528000)/",38900,100,4047200,158681000000,-50,true,-0.13
"VHM",140815,"/Date(1700550528000)/",38900,500,4047100,158678000000,-50,true,-0.13
"VHM",140815,"/Date(1700550528000)/",38900,100,4046600,158658000000,-50,true,-0.13
"VHM",140815,"/Date(1700550528000)/",38900,200,4046500,158654000000,-50,true,-0.13
"VHM",140815,"/Date(1700550528000)/",38900,1500,4046300,158646000000,-50,true,-0.13
"VHM",140815,"/Date(1700550528000)/",38900,100,4044800,158588000000,-50,true,-0.13
"VHM",140815,"/Date(1700550528000)/",38900,100,4044700,158584000000,-50,true,-0.13
"VHM",140815,"/Date(1700550528000)/",38900,3000,4044600,158580000000,-50,true,-0.13
"VHM",140815,"/Date(1700550528000)/",38900,100,4041600,158464000000,-50,true,-0.13
"VHM",140815,"/Date(1700550528000)/",38900,100,4041500,158460000000,-50,true,-0.13
"VHM",140815,"/Date(1700550528000)/",38900,100,4041400,158456000000,-50,true,-0.13
"VHM",140815,"/Date(1700550528000)/",38900,100,4041300,158452000000,-50,true,-0.13
"VHM",140815,"/Date(1700550528000)/",38900,200,4041200,158448000000,-50,true,-0.13
"VHM",140815,"/Date(1700550528000)/",38900,100,4041000,158440000000,-50,true,-0.13
"VHM",140815,"/Date(1700550528000)/",38900,100,4040900,158436000000,-50,true,-0.13
"VHM",140815,"/Date(1700550528000)/",38900,300,4040800,158433000000,-50,true,-0.13
"VHM",140815,"/Date(1700550528000)/",38900,500,4040500,158421000000,-50,true,-0.13
"VHM",140815,"/Date(1700550528000)/",38900,100,4040000,158401000000,-50,true,-0.13
"VHM",140815,"/Date(1700550528000)/",38900,200,4039900,158398000000,-50,true,-0.13
"VHM",140815,"/Date(1700550528000)/",38900,100,4039700,158390000000,-50,true,-0.13
"VHM",140815,"/Date(1700550528000)/",38900,100,4039600,158386000000,-50,true,-0.13
"VHM",140815,"/Date(1700550528000)/",38900,100,4039500,158382000000,-50,true,-0.13
"VHM",140815,"/Date(1700550528000)/",38900,100,4039400,158378000000,-50,true,-0.13
"VHM",140815,"/Date(1700550528000)/",38900,100,4039300,158374000000,-50,true,-0.13
"VHM",140815,"/Date(1700550528000)/",38900,3000,4039200,158370000000,-50,true,-0.13
"VHM",140815,"/Date(1700550528000)/",38900,100,4036200,158254000000,-50,true,-0.13
"VHM",140815,"/Date(1700550528000)/",38900,100,4036100,158250000000,-50,true,-0.13
"VHM",140815,"/Date(1700550528000)/",38900,500,4036000,158246000000,-50,true,-0.13
"VHM",140815,"/Date(1700550528000)/",38900,400,4035500,158226000000,-50,true,-0.13
"VHM",140815,"/Date(1700550528000)/",38900,1000,4035100,158211000000,-50,true,-0.13
"VHM",140815,"/Date(1700550528000)/",38900,1600,4034100,158172000000,-50,true,-0.13
"VHM",140812,"/Date(1700550525000)/",38900,8400,4032500,158110000000,-50,true,-0.13
"VHM",140812,"/Date(1700550525000)/",38900,100,4024100,157783000000,-50,true,-0.13
"VHM",140812,"/Date(1700550525000)/",38900,500,4024000,157779000000,-50,true,-0.13
"VHM",140812,"/Date(1700550525000)/",38900,200,4023500,157760000000,-50,true,-0.13
"VHM",140812,"/Date(1700550525000)/",38900,2000,4023300,157752000000,-50,true,-0.13
"VHM",140812,"/Date(1700550525000)/",38900,200,4021300,157674000000,-50,true,-0.13
"VHM",140812,"/Date(1700550525000)/",38900,1100,4021100,157666000000,-50,true,-0.13
"VHM",140812,"/Date(1700550525000)/",38900,100,4020000,157623000000,-50,true,-0.13
"VHM",140812,"/Date(1700550525000)/",38900,100,4019900,157620000000,-50,true,-0.13
"VHM",140812,"/Date(1700550525000)/",38900,1000,4019800,157616000000,-50,true,-0.13
"VHM",140812,"/Date(1700550525000)/",38900,500,4018800,157577000000,-50,true,-0.13
"VHM",140812,"/Date(1700550525000)/",38900,5000,4018300,157557000000,-50,true,-0.13
"VHM",140812,"/Date(1700550525000)/",38900,100,4013300,157363000000,-50,true,-0.13
"VHM",140812,"/Date(1700550525000)/",38900,200,4013200,157359000000,-50,true,-0.13
"VHM",140812,"/Date(1700550525000)/",38900,100,4013000,157351000000,-50,true,-0.13
"VHM",140812,"/Date(1700550525000)/",38900,100,4012900,157347000000,-50,true,-0.13
"VHM",140812,"/Date(1700550525000)/",38900,300,4012800,157343000000,-50,true,-0.13
"VHM",140809,"/Date(1700550523000)/",38900,500,4012500,157332000000,-50,true,-0.13
"VHM",140805,"/Date(1700550521000)/",38900,500,4012000,157312000000,-50,true,-0.13
"VHM",140805,"/Date(1700550518000)/",38900,500,4011500,157293000000,-50,true,-0.13
"VHM",140802,"/Date(1700550516000)/",38900,200,4011000,157273000000,-50,true,-0.13
"VHM",140802,"/Date(1700550516000)/",38900,300,4010800,157266000000,-50,true,-0.13
"VHM",140759,"/Date(1700550513000)/",38900,100,4010500,157254000000,-50,true,-0.13
"VHM",140759,"/Date(1700550513000)/",38900,100,4010400,157250000000,-50,true,-0.13
"VHM",140756,"/Date(1700550510000)/",38900,400,4010300,157246000000,-50,true,-0.13
"VHM",140756,"/Date(1700550510000)/",38900,500,4009900,157231000000,-50,true,-0.13
"VHM",140756,"/Date(1700550510000)/",38900,500,4009400,157211000000,-50,true,-0.13
"VHM",140756,"/Date(1700550510000)/",38900,3000,4008900,157192000000,-50,true,-0.13
"VHM",140756,"/Date(1700550510000)/",38900,100,4005900,157075000000,-50,true,-0.13
"VHM",140753,"/Date(1700550507000)/",38900,100,4005800,157071000000,-50,true,-0.13
"VHM",140753,"/Date(1700550507000)/",38900,1000,4005700,157067000000,-50,true,-0.13
"VHM",140753,"/Date(1700550507000)/",38900,1000,4004700,157028000000,-50,true,-0.13
"VHM",140753,"/Date(1700550507000)/",38900,500,4003700,156989000000,-50,true,-0.13
"VHM",140753,"/Date(1700550507000)/",38900,100,4003200,156970000000,-50,true,-0.13
"VHM",140753,"/Date(1700550507000)/",38900,100,4003100,156966000000,-50,true,-0.13
"VHM",140753,"/Date(1700550507000)/",38900,500,4003000,156962000000,-50,true,-0.13
"VHM",140753,"/Date(1700550507000)/",38900,300,4002500,156943000000,-50,true,-0.13
"VHM",140753,"/Date(1700550507000)/",38900,1000,4002200,156931000000,-50,true,-0.13
"VHM",140753,"/Date(1700550507000)/",38900,100,4001200,156892000000,-50,true,-0.13
"VHM",140753,"/Date(1700550507000)/",38900,300,4001100,156888000000,-50,true,-0.13
"VHM",140753,"/Date(1700550506000)/",38900,200,4000800,156877000000,-50,true,-0.13
"VHM",140749,"/Date(1700550504000)/",38900,100,4000600,156869000000,-50,true,-0.13
"VHM",140749,"/Date(1700550504000)/",38900,100,4000500,156865000000,-50,true,-0.13
"VHM",140746,"/Date(1700550501000)/",38900,600,4000400,156861000000,-50,true,-0.13
"VHM",140743,"/Date(1700550497000)/",38900,100,3999800,156838000000,-50,true,-0.13
"VHM",140743,"/Date(1700550497000)/",38900,1200,3999700,156834000000,-50,true,-0.13
"VHM",140743,"/Date(1700550497000)/",38900,1000,3998500,156787000000,-50,true,-0.13
"VHM",140743,"/Date(1700550497000)/",38900,300,3997500,156748000000,-50,true,-0.13
"VHM",140743,"/Date(1700550497000)/",38900,500,3997200,156736000000,-50,true,-0.13
"VHM",140743,"/Date(1700550497000)/",38900,100,3996700,156717000000,-50,true,-0.13
"VHM",140743,"/Date(1700550497000)/",38900,100,3996600,156713000000,-50,true,-0.13
"VHM",140743,"/Date(1700550497000)/",38900,1000,3996500,156709000000,-50,true,-0.13
"VHM",140743,"/Date(1700550497000)/",38900,700,3995500,156670000000,-50,true,-0.13
"VHM",140740,"/Date(1700550495000)/",38900,4000,3994800,156643000000,-50,true,-0.13
"VHM",140737,"/Date(1700550491000)/",38900,300,3990800,156488000000,-50,true,-0.13
"VHM",140737,"/Date(1700550491000)/",38900,200,3990500,156476000000,-50,true,-0.13
"VHM",140737,"/Date(1700550491000)/",38900,100,3990300,156468000000,-50,true,-0.13
"VHM",140737,"/Date(1700550491000)/",38900,1000,3990200,156464000000,-50,true,-0.13
"VHM",140737,"/Date(1700550491000)/",38900,200,3989200,156425000000,-50,true,-0.13
"VHM",140737,"/Date(1700550491000)/",38900,100,3989000,156418000000,-50,true,-0.13
"VHM",140737,"/Date(1700550491000)/",38900,100,3988900,156414000000,-50,true,-0.13
"VHM",140737,"/Date(1700550491000)/",38900,200,3988800,156410000000,-50,true,-0.13
"VHM",140733,"/Date(1700550488000)/",38900,1900,3988600,156402000000,-50,true,-0.13
"VHM",140733,"/Date(1700550486000)/",38900,300,3986700,156328000000,-50,true,-0.13
"VHM",140730,"/Date(1700550485000)/",38950,1000,3986400,156316000000,0,false,0
"VHM",140730,"/Date(1700550484000)/",38900,1400,3985400,156277000000,-50,true,-0.13
"VHM",140727,"/Date(1700550480000)/",38900,1400,3984000,156223000000,-50,true,-0.13
"VHM",140724,"/Date(1700550478000)/",38950,200,3982600,156169000000,0,false,0
"VHM",140724,"/Date(1700550478000)/",38900,800,3982400,156161000000,-50,true,-0.13
"VHM",140724,"/Date(1700550478000)/",38900,100,3981600,156130000000,-50,true,-0.13
"VHM",140724,"/Date(1700550478000)/",38900,100,3981500,156126000000,-50,true,-0.13
"VHM",140724,"/Date(1700550478000)/",38900,100,3981400,156122000000,-50,true,-0.13
"VHM",140724,"/Date(1700550478000)/",38900,200,3981300,156118000000,-50,true,-0.13
"VHM",140721,"/Date(1700550475000)/",38900,300,3981100,156110000000,-50,true,-0.13
"VHM",140721,"/Date(1700550475000)/",38900,100,3980800,156098000000,-50,true,-0.13
"VHM",140721,"/Date(1700550475000)/",38900,500,3980700,156095000000,-50,true,-0.13
"VHM",140721,"/Date(1700550475000)/",38900,100,3980200,156075000000,-50,true,-0.13
"VHM",140721,"/Date(1700550475000)/",38900,100,3980100,156071000000,-50,true,-0.13
"VHM",140717,"/Date(1700550472000)/",38900,100,3980000,156067000000,-50,true,-0.13
"VHM",140717,"/Date(1700550472000)/",38900,100,3979900,156063000000,-50,true,-0.13
"VHM",140717,"/Date(1700550472000)/",38900,100,3979800,156060000000,-50,true,-0.13
"VHM",140717,"/Date(1700550472000)/",38900,100,3979700,156056000000,-50,true,-0.13
"VHM",140717,"/Date(1700550472000)/",38900,100,3979600,156052000000,-50,true,-0.13
"VHM",140717,"/Date(1700550472000)/",38900,100,3979500,156048000000,-50,true,-0.13
"VHM",140717,"/Date(1700550472000)/",38900,300,3979400,156044000000,-50,true,-0.13
"VHM",140714,"/Date(1700550468000)/",38900,700,3979100,156032000000,-50,true,-0.13
"VHM",140711,"/Date(1700550465000)/",38900,100,3978400,156005000000,-50,true,-0.13
"VHM",140708,"/Date(1700550462000)/",38900,400,3978300,156001000000,-50,true,-0.13
"VHM",140708,"/Date(1700550461000)/",38950,100,3977900,155986000000,0,false,0
"VHM",140701,"/Date(1700550454000)/",38950,200,3977800,155982000000,0,false,0
"VHM",140652,"/Date(1700550445000)/",38950,100,3977600,155974000000,0,false,0
"VHM",140645,"/Date(1700550440000)/",38950,100,3977500,155970000000,0,false,0
"VHM",140639,"/Date(1700550432000)/",38950,100,3977400,155966000000,0,false,0
"VHM",140636,"/Date(1700550430000)/",38950,500,3977300,155962000000,0,false,0
"VHM",140633,"/Date(1700550425000)/",38950,100,3976800,155943000000,0,false,0
"VHM",140630,"/Date(1700550424000)/",38950,100,3976700,155939000000,0,false,0
"VHM",140630,"/Date(1700550423000)/",38900,500,3976600,155935000000,-50,true,-0.13
"VHM",140626,"/Date(1700550421000)/",38950,400,3976100,155916000000,0,false,0
"VHM",140620,"/Date(1700550415000)/",38950,100,3975700,155900000000,0,false,0
"VHM",140620,"/Date(1700550415000)/",38950,400,3975600,155896000000,0,false,0
"VHM",140620,"/Date(1700550415000)/",38950,800,3975200,155881000000,0,false,0
"VHM",140617,"/Date(1700550412000)/",38950,4200,3974400,155849000000,0,false,0
"VHM",140617,"/Date(1700550412000)/",38950,3000,3970200,155686000000,0,false,0
"VHM",140617,"/Date(1700550412000)/",38950,3200,3967200,155569000000,0,false,0
"VHM",140617,"/Date(1700550412000)/",38950,4400,3964000,155444000000,0,false,0
"VHM",140617,"/Date(1700550410000)/",38950,800,3959600,155273000000,0,false,0
"VHM",140610,"/Date(1700550404000)/",38950,100,3958800,155242000000,0,false,0
"VHM",140607,"/Date(1700550402000)/",38950,1300,3958700,155238000000,0,false,0
"VHM",140607,"/Date(1700550401000)/",38950,100,3957400,155187000000,0,false,0
"VHM",140604,"/Date(1700550398000)/",38950,200,3957300,155183000000,0,false,0
"VHM",140604,"/Date(1700550397000)/",38950,3100,3957100,155176000000,0,false,0
"VHM",140604,"/Date(1700550397000)/",38950,700,3954000,155055000000,0,false,0
"VHM",140558,"/Date(1700550392000)/",38950,100,3953300,155028000000,0,false,0
"VHM",140554,"/Date(1700550387000)/",38950,300,3953200,155024000000,0,false,0
"VHM",140548,"/Date(1700550383000)/",38950,100,3952900,155012000000,0,false,0
"VHM",140542,"/Date(1700550374000)/",38950,100,3952800,155008000000,0,false,0
"VHM",140538,"/Date(1700550373000)/",38950,200,3952700,155004000000,0,false,0
"VHM",140535,"/Date(1700550369000)/",38950,100,3952500,154996000000,0,false,0
"VHM",140532,"/Date(1700550367000)/",38950,300,3952400,154992000000,0,false,0
"VHM",140532,"/Date(1700550365000)/",38950,100,3952100,154981000000,0,false,0
"VHM",140532,"/Date(1700550365000)/",38950,500,3952000,154977000000,0,false,0
"VHM",140532,"/Date(1700550365000)/",38950,200,3951500,154957000000,0,false,0
"VHM",140526,"/Date(1700550359000)/",38950,100,3951300,154950000000,0,false,0
"VHM",140526,"/Date(1700550359000)/",38950,5700,3951200,154946000000,0,false,0
"VHM",140526,"/Date(1700550359000)/",38950,2300,3945500,154724000000,0,false,0
"VHM",140523,"/Date(1700550356000)/",38950,1000,3943200,154634000000,0,false,0
"VHM",140519,"/Date(1700550355000)/",38900,100,3942200,154595000000,-50,true,-0.13
"VHM",140519,"/Date(1700550355000)/",38900,100,3942100,154591000000,-50,true,-0.13
"VHM",140519,"/Date(1700550354000)/",38950,500,3942000,154587000000,0,true,0
"VHM",140519,"/Date(1700550354000)/",38950,200,3941500,154568000000,0,true,0
"VHM",140519,"/Date(1700550353000)/",38950,200,3941300,154560000000,0,true,0
"VHM",140519,"/Date(1700550353000)/",38950,100,3941100,154552000000,0,true,0
"VHM",140519,"/Date(1700550353000)/",38950,100,3941000,154548000000,0,true,0
"VHM",140513,"/Date(1700550347000)/",38950,100,3940900,154545000000,0,false,0
"VHM",140513,"/Date(1700550347000)/",38950,4900,3940800,154541000000,0,false,0
"VHM",140513,"/Date(1700550347000)/",38950,100,3935900,154350000000,0,false,0
"VHM",140513,"/Date(1700550345000)/",38950,200,3935800,154346000000,0,false,0
"VHM",140510,"/Date(1700550345000)/",38950,100,3935600,154338000000,0,false,0
"VHM",140510,"/Date(1700550344000)/",38950,100,3935500,154334000000,0,false,0
"VHM",140510,"/Date(1700550343000)/",38950,500,3935400,154330000000,0,false,0
"VHM",140500,"/Date(1700550334000)/",38950,500,3934900,154311000000,0,false,0
"VHM",140457,"/Date(1700550332000)/",38950,200,3934400,154291000000,0,false,0
"VHM",140454,"/Date(1700550329000)/",38950,500,3934200,154284000000,0,false,0
"VHM",140454,"/Date(1700550328000)/",38950,700,3933700,154264000000,0,false,0
"VHM",140454,"/Date(1700550327000)/",38950,15000,3933000,154237000000,0,false,0
"VHM",140451,"/Date(1700550324000)/",38950,100,3918000,153653000000,0,false,0
"VHM",140447,"/Date(1700550320000)/",38950,300,3917900,153649000000,0,false,0
"VHM",140441,"/Date(1700550315000)/",38950,100,3917600,153637000000,0,true,0
"VHM",140441,"/Date(1700550315000)/",38950,500,3917500,153633000000,0,true,0
"VHM",140441,"/Date(1700550315000)/",38950,300,3917000,153614000000,0,true,0
"VHM",140441,"/Date(1700550315000)/",38950,100,3916700,153602000000,0,true,0
"VHM",140441,"/Date(1700550315000)/",38950,2000,3916600,153598000000,0,true,0
"VHM",140441,"/Date(1700550315000)/",38950,100,3914600,153520000000,0,true,0
"VHM",140441,"/Date(1700550315000)/",38950,3000,3914500,153516000000,0,true,0
"VHM",140441,"/Date(1700550315000)/",38950,100,3911500,153399000000,0,true,0
"VHM",140441,"/Date(1700550315000)/",38950,100,3911400,153396000000,0,true,0
"VHM",140441,"/Date(1700550315000)/",38950,100,3911300,153392000000,0,true,0
"VHM",140441,"/Date(1700550315000)/",38950,100,3911200,153388000000,0,true,0
"VHM",140441,"/Date(1700550315000)/",38950,100,3911100,153384000000,0,true,0
"VHM",140441,"/Date(1700550315000)/",38950,400,3911000,153380000000,0,true,0
"VHM",140441,"/Date(1700550315000)/",38950,1000,3910600,153364000000,0,true,0
"VHM",140441,"/Date(1700550315000)/",38950,600,3909600,153325000000,0,true,0
"VHM",140441,"/Date(1700550315000)/",38950,1000,3909000,153302000000,0,true,0
"VHM",140441,"/Date(1700550315000)/",38950,200,3908000,153263000000,0,true,0
"VHM",140441,"/Date(1700550315000)/",38950,500,3907800,153255000000,0,true,0
"VHM",140441,"/Date(1700550315000)/",38950,200,3907300,153236000000,0,true,0
"VHM",140441,"/Date(1700550315000)/",38950,100,3907100,153228000000,0,true,0
"VHM",140441,"/Date(1700550315000)/",38950,5000,3907000,153224000000,0,true,0
"VHM",140441,"/Date(1700550315000)/",38950,3700,3902000,153029000000,0,true,0
"VHM",140441,"/Date(1700550315000)/",38950,100,3898300,152885000000,0,true,0
"VHM",140441,"/Date(1700550315000)/",38950,1000,3898200,152881000000,0,true,0
"VHM",140441,"/Date(1700550315000)/",38950,1000,3897200,152842000000,0,true,0
"VHM",140441,"/Date(1700550315000)/",38950,300,3896200,152803000000,0,true,0
"VHM",140441,"/Date(1700550315000)/",38950,100,3895900,152792000000,0,true,0
"VHM",140441,"/Date(1700550315000)/",38950,400,3895800,152788000000,0,true,0
"VHM",140441,"/Date(1700550315000)/",38950,200,3895400,152772000000,0,true,0
"VHM",140441,"/Date(1700550315000)/",38950,100,3895200,152765000000,0,true,0
"VHM",140441,"/Date(1700550315000)/",38950,100,3895100,152761000000,0,true,0
"VHM",140441,"/Date(1700550315000)/",38950,1000,3895000,152757000000,0,true,0
"VHM",140441,"/Date(1700550315000)/",38950,100,3894000,152718000000,0,true,0
"VHM",140441,"/Date(1700550315000)/",38950,100,3893900,152714000000,0,true,0
"VHM",140441,"/Date(1700550315000)/",38950,200,3893800,152710000000,0,true,0
"VHM",140441,"/Date(1700550315000)/",38950,100,3893600,152702000000,0,true,0
"VHM",140441,"/Date(1700550315000)/",38950,100,3893500,152698000000,0,true,0
"VHM",140441,"/Date(1700550315000)/",38950,900,3893400,152694000000,0,true,0
"VHM",140441,"/Date(1700550315000)/",38950,1000,3892500,152659000000,0,true,0
"VHM",140441,"/Date(1700550315000)/",38950,100,3891500,152620000000,0,true,0
"VHM",140441,"/Date(1700550315000)/",38950,100,3891400,152617000000,0,true,0
"VHM",140441,"/Date(1700550315000)/",38950,100,3891300,152613000000,0,true,0
"VHM",140441,"/Date(1700550315000)/",38950,100,3891200,152609000000,0,true,0
"VHM",140441,"/Date(1700550315000)/",38950,200,3891100,152605000000,0,true,0
"VHM",140441,"/Date(1700550315000)/",38950,500,3890900,152597000000,0,true,0
"VHM",140441,"/Date(1700550315000)/",38950,100,3890400,152578000000,0,true,0
"VHM",140441,"/Date(1700550315000)/",38950,4400,3890300,152574000000,0,true,0
"VHM",140441,"/Date(1700550315000)/",38950,100,3885900,152402000000,0,true,0
"VHM",140441,"/Date(1700550315000)/",38950,200,3885800,152398000000,0,true,0
"VHM",140441,"/Date(1700550315000)/",38950,100,3885600,152391000000,0,true,0
"VHM",140441,"/Date(1700550315000)/",38950,100,3885500,152387000000,0,true,0
"VHM",140441,"/Date(1700550315000)/",38950,100,3885400,152383000000,0,true,0
"VHM",140441,"/Date(1700550315000)/",38950,11200,3885300,152379000000,0,true,0
"VHM",140441,"/Date(1700550315000)/",38950,100,3874100,151943000000,0,true,0
"VHM",140441,"/Date(1700550315000)/",38950,500,3874000,151939000000,0,true,0
"VHM",140441,"/Date(1700550315000)/",38950,5000,3873500,151919000000,0,true,0
"VHM",140441,"/Date(1700550315000)/",38950,100,3868500,151725000000,0,true,0
"VHM",140441,"/Date(1700550315000)/",38950,200,3868400,151721000000,0,true,0
"VHM",140441,"/Date(1700550315000)/",38950,100,3868200,151713000000,0,true,0
"VHM",140441,"/Date(1700550315000)/",38950,100,3868100,151709000000,0,true,0
"VHM",140441,"/Date(1700550315000)/",38950,100,3868000,151705000000,0,true,0
"VHM",140441,"/Date(1700550315000)/",38950,1000,3867900,151701000000,0,true,0
"VHM",140441,"/Date(1700550315000)/",38950,10000,3866900,151662000000,0,true,0
"VHM",140441,"/Date(1700550315000)/",38950,500,3856900,151273000000,0,true,0
"VHM",140441,"/Date(1700550315000)/",38950,100,3856400,151253000000,0,true,0
"VHM",140441,"/Date(1700550315000)/",38950,100,3856300,151249000000,0,true,0
"VHM",140441,"/Date(1700550315000)/",38950,300,3856200,151245000000,0,true,0
"VHM",140441,"/Date(1700550315000)/",38950,100,3855900,151234000000,0,true,0
"VHM",140441,"/Date(1700550315000)/",38950,35000,3855800,151230000000,0,true,0
"VHM",140441,"/Date(1700550315000)/",38950,100,3820800,149867000000,0,true,0
"VHM",140441,"/Date(1700550315000)/",38950,300,3820700,149863000000,0,true,0
"VHM",140441,"/Date(1700550315000)/",38950,100,3820400,149851000000,0,true,0
"VHM",140441,"/Date(1700550315000)/",38950,2000,3820300,149847000000,0,true,0
"VHM",140441,"/Date(1700550315000)/",38950,2500,3818300,149769000000,0,true,0
"VHM",140441,"/Date(1700550315000)/",38950,400,3815800,149672000000,0,true,0
"VHM",140441,"/Date(1700550315000)/",38950,500,3815400,149656000000,0,true,0
"VHM",140441,"/Date(1700550313000)/",39000,500,3814900,149637000000,50,false,0.13
"VHM",140441,"/Date(1700550313000)/",39000,300,3814400,149617000000,50,false,0.13
"VHM",140441,"/Date(1700550313000)/",39000,200,3814100,149606000000,50,false,0.13
"VHM",140425,"/Date(1700550299000)/",39000,100,3813900,149598000000,50,false,0.13
"VHM",140422,"/Date(1700550296000)/",39000,700,3813800,149594000000,50,false,0.13
"VHM",140422,"/Date(1700550296000)/",39000,200,3813100,149567000000,50,false,0.13
"VHM",140416,"/Date(1700550289000)/",39000,100,3812900,149559000000,50,false,0.13
"VHM",140412,"/Date(1700550285000)/",39000,500,3812800,149555000000,50,false,0.13
"VHM",140412,"/Date(1700550284000)/",39000,100,3812300,149535000000,50,false,0.13
"VHM",140409,"/Date(1700550283000)/",39000,1500,3812200,149532000000,50,false,0.13
"VHM",140409,"/Date(1700550282000)/",39000,100,3810700,149473000000,50,false,0.13
"VHM",140409,"/Date(1700550282000)/",39000,200,3810600,149469000000,50,false,0.13
"VHM",140406,"/Date(1700550281000)/",39000,2300,3810400,149461000000,50,false,0.13
"VHM",140406,"/Date(1700550278000)/",39000,400,3808100,149372000000,50,false,0.13
"VHM",140403,"/Date(1700550277000)/",39000,200,3807700,149356000000,50,false,0.13
"VHM",140403,"/Date(1700550277000)/",39000,100,3807500,149348000000,50,false,0.13
"VHM",140359,"/Date(1700550274000)/",39000,1200,3807400,149344000000,50,false,0.13
"VHM",140356,"/Date(1700550271000)/",39000,2000,3806200,149298000000,50,false,0.13
"VHM",140344,"/Date(1700550256000)/",39000,400,3804200,149220000000,50,true,0.13
"VHM",140344,"/Date(1700550256000)/",39000,100,3803800,149204000000,50,true,0.13
"VHM",140344,"/Date(1700550256000)/",39000,100,3803700,149200000000,50,true,0.13
"VHM",140344,"/Date(1700550256000)/",39000,100,3803600,149196000000,50,true,0.13
"VHM",140344,"/Date(1700550256000)/",39000,100,3803500,149192000000,50,true,0.13
"VHM",140344,"/Date(1700550256000)/",39000,200,3803400,149188000000,50,true,0.13
"VHM",140344,"/Date(1700550256000)/",39000,100,3803200,149181000000,50,true,0.13
"VHM",140324,"/Date(1700550239000)/",39000,500,3803100,149177000000,50,true,0.13
"VHM",140312,"/Date(1700550224000)/",39000,100,3802600,149157000000,50,true,0.13
"VHM",140305,"/Date(1700550218000)/",39000,1300,3802500,149153000000,50,false,0.13
"VHM",140256,"/Date(1700550209000)/",39000,200,3801200,149103000000,50,true,0.13
"VHM",140256,"/Date(1700550209000)/",39000,200,3801000,149095000000,50,true,0.13
"VHM",140252,"/Date(1700550205000)/",39000,1000,3800800,149087000000,50,true,0.13
"VHM",140252,"/Date(1700550205000)/",39000,500,3799800,149048000000,50,true,0.13
"VHM",140252,"/Date(1700550205000)/",39000,100,3799300,149028000000,50,true,0.13
"VHM",140252,"/Date(1700550205000)/",39000,100,3799200,149025000000,50,true,0.13
"VHM",140252,"/Date(1700550205000)/",39000,500,3799100,149021000000,50,true,0.13
"VHM",140252,"/Date(1700550205000)/",39000,100,3798600,149001000000,50,true,0.13
"VHM",140252,"/Date(1700550205000)/",39000,100,3798500,148997000000,50,true,0.13
"VHM",140252,"/Date(1700550205000)/",39000,900,3798400,148993000000,50,true,0.13
"VHM",140252,"/Date(1700550205000)/",39000,100,3797500,148958000000,50,true,0.13
"VHM",140252,"/Date(1700550205000)/",39000,500,3797400,148954000000,50,true,0.13
"VHM",140252,"/Date(1700550205000)/",39000,200,3796900,148935000000,50,true,0.13
"VHM",140252,"/Date(1700550205000)/",39000,200,3796700,148927000000,50,true,0.13
"VHM",140252,"/Date(1700550205000)/",39000,500,3796500,148919000000,50,true,0.13
"VHM",140252,"/Date(1700550205000)/",39000,100,3796000,148900000000,50,true,0.13
"VHM",140252,"/Date(1700550205000)/",39000,100,3795900,148896000000,50,true,0.13
"VHM",140249,"/Date(1700550203000)/",39050,2200,3795800,148892000000,100,false,0.26
"VHM",140236,"/Date(1700550189000)/",39050,100,3793600,148806000000,100,false,0.26
"VHM",140230,"/Date(1700550184000)/",39050,100,3793500,148802000000,100,false,0.26
"VHM",140221,"/Date(1700550173000)/",39050,500,3793400,148798000000,100,false,0.26
"VHM",140205,"/Date(1700550157000)/",39050,200,3792900,148779000000,100,false,0.26
"VHM",140155,"/Date(1700550149000)/",39050,2200,3792700,148771000000,100,false,0.26
"VHM",140155,"/Date(1700550148000)/",39000,300,3790500,148685000000,50,true,0.13
"VHM",140136,"/Date(1700550130000)/",39000,100,3790200,148673000000,50,true,0.13
"VHM",140133,"/Date(1700550126000)/",39000,200,3790100,148669000000,50,true,0.13
"VHM",140133,"/Date(1700550126000)/",39000,800,3789900,148662000000,50,true,0.13
"VHM",140126,"/Date(1700550119000)/",39000,200,3789100,148630000000,50,true,0.13
"VHM",140126,"/Date(1700550119000)/",39000,1000,3788900,148623000000,50,true,0.13
"VHM",140126,"/Date(1700550119000)/",39000,800,3787900,148584000000,50,true,0.13
"VHM",140117,"/Date(1700550109000)/",39000,200,3787100,148552000000,50,true,0.13
"VHM",140117,"/Date(1700550109000)/",39000,200,3786900,148545000000,50,true,0.13
"VHM",140113,"/Date(1700550105000)/",39000,800,3786700,148537000000,50,true,0.13
"VHM",140113,"/Date(1700550105000)/",39000,100,3785900,148506000000,50,true,0.13
"VHM",140113,"/Date(1700550105000)/",39000,500,3785800,148502000000,50,true,0.13
"VHM",140113,"/Date(1700550105000)/",39000,900,3785300,148482000000,50,true,0.13
"VHM",140113,"/Date(1700550105000)/",39000,100,3784400,148447000000,50,true,0.13
"VHM",140113,"/Date(1700550105000)/",39000,100,3784300,148443000000,50,true,0.13
"VHM",140113,"/Date(1700550105000)/",39000,100,3784200,148439000000,50,true,0.13
"VHM",140113,"/Date(1700550105000)/",39000,100,3784100,148435000000,50,true,0.13
"VHM",140113,"/Date(1700550105000)/",39000,800,3784000,148431000000,50,true,0.13
"VHM",140113,"/Date(1700550105000)/",39000,100,3783200,148400000000,50,true,0.13
"VHM",140113,"/Date(1700550105000)/",39000,100,3783100,148396000000,50,true,0.13
"VHM",140113,"/Date(1700550105000)/",39000,1000,3783000,148392000000,50,true,0.13
"VHM",140113,"/Date(1700550105000)/",39000,100,3782000,148353000000,50,true,0.13
"VHM",140113,"/Date(1700550105000)/",39000,100,3781900,148350000000,50,true,0.13
"VHM",140113,"/Date(1700550105000)/",39000,200,3781800,148346000000,50,true,0.13
"VHM",140113,"/Date(1700550105000)/",39000,100,3781600,148338000000,50,true,0.13
"VHM",140113,"/Date(1700550105000)/",39000,1000,3781500,148334000000,50,true,0.13
"VHM",140113,"/Date(1700550105000)/",39000,400,3780500,148295000000,50,true,0.13
"VHM",140113,"/Date(1700550105000)/",39000,100,3780100,148279000000,50,true,0.13
"VHM",140113,"/Date(1700550105000)/",39000,500,3780000,148275000000,50,true,0.13
"VHM",140113,"/Date(1700550105000)/",39000,100,3779500,148256000000,50,true,0.13
"VHM",140113,"/Date(1700550105000)/",39000,100,3779400,148252000000,50,true,0.13
"VHM",140113,"/Date(1700550105000)/",39000,500,3779300,148248000000,50,true,0.13
"VHM",140113,"/Date(1700550105000)/",39000,500,3778800,148229000000,50,true,0.13
"VHM",140113,"/Date(1700550105000)/",39000,500,3778300,148209000000,50,true,0.13
"VHM",140113,"/Date(1700550105000)/",39000,200,3777800,148190000000,50,true,0.13
"VHM",140113,"/Date(1700550105000)/",39000,6900,3777600,148182000000,50,true,0.13
"VHM",140104,"/Date(1700550097000)/",39000,200,3770700,147913000000,50,true,0.13
"VHM",140045,"/Date(1700550079000)/",39000,100,3770500,147905000000,50,true,0.13
"VHM",140045,"/Date(1700550077000)/",39050,1400,3770400,147901000000,100,false,0.26
"VHM",140041,"/Date(1700550074000)/",39000,200,3769000,147846000000,50,true,0.13
"VHM",140022,"/Date(1700550056000)/",39000,1000,3768800,147839000000,50,true,0.13
"VHM",140022,"/Date(1700550056000)/",39000,2000,3767800,147800000000,50,true,0.13
"VHM",140022,"/Date(1700550056000)/",39000,300,3765800,147722000000,50,true,0.13
"VHM",140022,"/Date(1700550056000)/",39000,2500,3765500,147710000000,50,true,0.13
"VHM",140022,"/Date(1700550056000)/",39000,100,3763000,147612000000,50,true,0.13
"VHM",140022,"/Date(1700550056000)/",39000,1100,3762900,147609000000,50,true,0.13
"VHM",135957,"/Date(1700550030000)/",39050,700,3761800,147566000000,100,false,0.26
"VHM",135957,"/Date(1700550030000)/",39050,1000,3761100,147538000000,100,false,0.26
"VHM",135957,"/Date(1700550030000)/",39050,600,3760100,147499000000,100,false,0.26
"VHM",135957,"/Date(1700550030000)/",39050,300,3759500,147476000000,100,false,0.26
"VHM",135953,"/Date(1700550026000)/",39050,100,3759200,147464000000,100,false,0.26
"VHM",135937,"/Date(1700550012000)/",39050,100,3759100,147460000000,100,false,0.26
"VHM",135931,"/Date(1700550003000)/",39050,800,3759000,147456000000,100,true,0.26
"VHM",135928,"/Date(1700550002000)/",39050,500,3758200,147425000000,100,true,0.26
"VHM",135928,"/Date(1700550001000)/",39050,1700,3757700,147406000000,100,true,0.26
"VHM",135928,"/Date(1700550001000)/",39050,300,3756000,147339000000,100,true,0.26
"VHM",135925,"/Date(1700549998000)/",39050,200,3755700,147327000000,100,true,0.26
"VHM",135925,"/Date(1700549998000)/",39050,100,3755500,147320000000,100,true,0.26
"VHM",135925,"/Date(1700549998000)/",39050,1000,3755400,147316000000,100,true,0.26
"VHM",135925,"/Date(1700549998000)/",39050,200,3754400,147277000000,100,true,0.26
"VHM",135918,"/Date(1700549992000)/",39050,600,3754200,147269000000,100,true,0.26
"VHM",135918,"/Date(1700549992000)/",39050,500,3753600,147245000000,100,true,0.26
"VHM",135849,"/Date(1700549963000)/",39050,100,3753100,147226000000,100,true,0.26
"VHM",135843,"/Date(1700549957000)/",39100,500,3753000,147222000000,150,false,0.39
"VHM",135843,"/Date(1700549955000)/",39050,300,3752500,147202000000,100,true,0.26
"VHM",135840,"/Date(1700549952000)/",39050,1000,3752200,147191000000,100,true,0.26
"VHM",135840,"/Date(1700549952000)/",39100,100,3751200,147152000000,150,false,0.39
"VHM",135836,"/Date(1700549950000)/",39050,8100,3751100,147148000000,100,true,0.26
"VHM",135836,"/Date(1700549950000)/",39050,100,3743000,146831000000,100,true,0.26
"VHM",135836,"/Date(1700549950000)/",39050,1800,3742900,146828000000,100,true,0.26
"VHM",135836,"/Date(1700549949000)/",39050,100,3741100,146757000000,100,true,0.26
"VHM",135833,"/Date(1700549947000)/",39050,2000,3741000,146753000000,100,true,0.26
"VHM",135833,"/Date(1700549946000)/",39050,3900,3739000,146675000000,100,true,0.26
"VHM",135833,"/Date(1700549946000)/",39050,500,3735100,146523000000,100,true,0.26
"VHM",135833,"/Date(1700549946000)/",39050,300,3734600,146503000000,100,true,0.26
"VHM",135833,"/Date(1700549946000)/",39050,5000,3734300,146492000000,100,true,0.26
"VHM",135833,"/Date(1700549946000)/",39050,300,3729300,146296000000,100,true,0.26
"VHM",135833,"/Date(1700549946000)/",39050,300,3729000,146285000000,100,true,0.26
"VHM",135833,"/Date(1700549946000)/",39050,100,3728700,146273000000,100,true,0.26
"VHM",135830,"/Date(1700549943000)/",39050,100,3728600,146269000000,100,true,0.26
"VHM",135821,"/Date(1700549934000)/",39050,100,3728500,146265000000,100,true,0.26
"VHM",135817,"/Date(1700549931000)/",39050,100,3728400,146261000000,100,true,0.26
"VHM",135817,"/Date(1700549930000)/",39100,100,3728300,146257000000,150,false,0.39
"VHM",135817,"/Date(1700549929000)/",39050,100,3728200,146253000000,100,true,0.26
"VHM",135814,"/Date(1700549927000)/",39050,100,3728100,146250000000,100,true,0.26
"VHM",135811,"/Date(1700549924000)/",39050,100,3728000,146246000000,100,true,0.26
"VHM",135808,"/Date(1700549921000)/",39050,100,3727900,146242000000,100,true,0.26
"VHM",135808,"/Date(1700549920000)/",39050,1900,3727800,146238000000,100,true,0.26
"VHM",135755,"/Date(1700549907000)/",39100,900,3725900,146164000000,150,false,0.39
"VHM",135755,"/Date(1700549907000)/",39100,900,3725000,146128000000,150,false,0.39
"VHM",135755,"/Date(1700549907000)/",39100,200,3724100,146093000000,150,false,0.39
"VHM",135755,"/Date(1700549907000)/",39100,700,3723900,146085000000,150,false,0.39
"VHM",135755,"/Date(1700549907000)/",39100,700,3723200,146058000000,150,false,0.39
"VHM",135755,"/Date(1700549907000)/",39100,1600,3722500,146031000000,150,false,0.39
"VHM",135749,"/Date(1700549903000)/",39100,2000,3720900,145968000000,150,false,0.39
"VHM",135733,"/Date(1700549885000)/",39050,400,3718900,145890000000,100,true,0.26
"VHM",135733,"/Date(1700549885000)/",39050,1600,3718500,145874000000,100,true,0.26
"VHM",135729,"/Date(1700549882000)/",39100,4400,3716900,145812000000,150,false,0.39
"VHM",135726,"/Date(1700549880000)/",39050,500,3712500,145640000000,100,true,0.26
"VHM",135726,"/Date(1700549880000)/",39050,500,3712000,145620000000,100,true,0.26
"VHM",135713,"/Date(1700549868000)/",39050,100,3711500,145601000000,100,true,0.26
"VHM",135713,"/Date(1700549868000)/",39050,400,3711400,145597000000,100,true,0.26
"VHM",135713,"/Date(1700549868000)/",39050,900,3711000,145581000000,100,true,0.26
"VHM",135710,"/Date(1700549863000)/",39100,100,3710100,145546000000,150,false,0.39
"VHM",135701,"/Date(1700549853000)/",39050,4100,3710000,145542000000,100,true,0.26
"VHM",135701,"/Date(1700549853000)/",39050,2200,3705900,145382000000,100,true,0.26
"VHM",135701,"/Date(1700549853000)/",39050,500,3703700,145296000000,100,true,0.26
"VHM",135701,"/Date(1700549853000)/",39050,2000,3703200,145277000000,100,true,0.26
"VHM",135701,"/Date(1700549853000)/",39050,1000,3701200,145199000000,100,true,0.26
"VHM",135701,"/Date(1700549853000)/",39050,200,3700200,145160000000,100,true,0.26
"VHM",135635,"/Date(1700549827000)/",39100,1300,3700000,145152000000,150,false,0.39
"VHM",135635,"/Date(1700549827000)/",39100,100,3698700,145101000000,150,false,0.39
"VHM",135635,"/Date(1700549827000)/",39100,600,3698600,145097000000,150,false,0.39
"VHM",135629,"/Date(1700549822000)/",39100,400,3698000,145074000000,150,false,0.39
"VHM",135629,"/Date(1700549822000)/",39100,100,3697600,145058000000,150,false,0.39
"VHM",135606,"/Date(1700549800000)/",39100,500,3697500,145054000000,150,false,0.39
"VHM",135606,"/Date(1700549799000)/",39100,500,3697000,145034000000,150,false,0.39
"VHM",135600,"/Date(1700549793000)/",39100,300,3696500,145015000000,150,true,0.39
"VHM",135557,"/Date(1700549790000)/",39100,400,3696200,145003000000,150,true,0.39
"VHM",135557,"/Date(1700549789000)/",39100,1300,3695800,144987000000,150,true,0.39
"VHM",135557,"/Date(1700549789000)/",39100,500,3694500,144937000000,150,true,0.39
"VHM",135557,"/Date(1700549789000)/",39100,5700,3694000,144917000000,150,true,0.39
"VHM",135557,"/Date(1700549789000)/",39100,500,3688300,144694000000,150,true,0.39
"VHM",135557,"/Date(1700549789000)/",39100,500,3687800,144675000000,150,true,0.39
"VHM",135557,"/Date(1700549789000)/",39100,1500,3687300,144655000000,150,true,0.39
"VHM",135553,"/Date(1700549788000)/",39100,700,3685800,144596000000,150,true,0.39
"VHM",135553,"/Date(1700549788000)/",39100,300,3685100,144569000000,150,true,0.39
"VHM",135550,"/Date(1700549785000)/",39150,100,3684800,144557000000,200,false,0.51
"VHM",135550,"/Date(1700549785000)/",39150,100,3684700,144553000000,200,false,0.51
"VHM",135550,"/Date(1700549784000)/",39100,200,3684600,144550000000,150,true,0.39
"VHM",135547,"/Date(1700549781000)/",39100,1300,3684400,144542000000,150,true,0.39
"VHM",135547,"/Date(1700549781000)/",39100,200,3683100,144491000000,150,true,0.39
"VHM",135547,"/Date(1700549781000)/",39100,1000,3682900,144483000000,150,true,0.39
"VHM",135547,"/Date(1700549781000)/",39100,500,3681900,144444000000,150,true,0.39
"VHM",135547,"/Date(1700549781000)/",39100,500,3681400,144424000000,150,true,0.39
"VHM",135547,"/Date(1700549781000)/",39100,6500,3680900,144405000000,150,true,0.39
"VHM",135521,"/Date(1700549755000)/",39150,1000,3674400,144151000000,200,false,0.51
"VHM",135509,"/Date(1700549741000)/",39150,500,3673400,144112000000,200,false,0.51
"VHM",135459,"/Date(1700549732000)/",39150,100,3672900,144092000000,200,false,0.51
"VHM",135459,"/Date(1700549728000)/",39150,100,3672800,144088000000,200,false,0.51
"VHM",135430,"/Date(1700549704000)/",39150,2000,3672700,144084000000,200,false,0.51
"VHM",135414,"/Date(1700549686000)/",39100,100,3670700,144006000000,150,true,0.39
"VHM",135355,"/Date(1700549668000)/",39150,100,3670600,144002000000,200,false,0.51
"VHM",135342,"/Date(1700549654000)/",39150,4400,3670500,143998000000,200,false,0.51
"VHM",135336,"/Date(1700549649000)/",39100,3500,3666100,143826000000,150,true,0.39
"VHM",135330,"/Date(1700549641000)/",39100,500,3662600,143689000000,150,false,0.39
"VHM",135330,"/Date(1700549641000)/",39100,100,3662100,143669000000,150,false,0.39
"VHM",135330,"/Date(1700549641000)/",39100,1000,3662000,143665000000,150,false,0.39
"VHM",135330,"/Date(1700549641000)/",39100,400,3661000,143626000000,150,false,0.39
"VHM",135330,"/Date(1700549641000)/",39100,2100,3660600,143611000000,150,false,0.39
"VHM",135330,"/Date(1700549641000)/",39100,1700,3658500,143529000000,150,false,0.39
"VHM",135330,"/Date(1700549641000)/",39100,600,3656800,143462000000,150,false,0.39
"VHM",135326,"/Date(1700549640000)/",39100,100,3656200,143439000000,150,false,0.39
"VHM",135326,"/Date(1700549640000)/",39100,2200,3656100,143435000000,150,false,0.39
"VHM",135326,"/Date(1700549640000)/",39100,2000,3653900,143349000000,150,false,0.39
"VHM",135326,"/Date(1700549640000)/",39100,1000,3651900,143271000000,150,false,0.39
"VHM",135326,"/Date(1700549640000)/",39100,700,3650900,143231000000,150,false,0.39
"VHM",135326,"/Date(1700549640000)/",39100,700,3650200,143204000000,150,false,0.39
"VHM",135326,"/Date(1700549640000)/",39100,600,3649500,143177000000,150,false,0.39
"VHM",135326,"/Date(1700549640000)/",39100,500,3648900,143153000000,150,false,0.39
"VHM",135326,"/Date(1700549640000)/",39100,500,3648400,143134000000,150,false,0.39
"VHM",135326,"/Date(1700549640000)/",39100,400,3647900,143114000000,150,false,0.39
"VHM",135326,"/Date(1700549640000)/",39100,300,3647500,143099000000,150,false,0.39
"VHM",135326,"/Date(1700549640000)/",39100,200,3647200,143087000000,150,false,0.39
"VHM",135326,"/Date(1700549640000)/",39100,10000,3647000,143079000000,150,false,0.39
"VHM",135326,"/Date(1700549640000)/",39100,800,3637000,142688000000,150,false,0.39
"VHM",135326,"/Date(1700549639000)/",39100,500,3636200,142657000000,150,false,0.39
"VHM",135320,"/Date(1700549633000)/",39100,200,3635700,142637000000,150,false,0.39
"VHM",135320,"/Date(1700549633000)/",39100,500,3635500,142629000000,150,false,0.39
"VHM",135320,"/Date(1700549633000)/",39100,3700,3635000,142610000000,150,false,0.39
"VHM",135317,"/Date(1700549631000)/",39100,1000,3631300,142465000000,150,false,0.39
"VHM",135310,"/Date(1700549624000)/",39100,100,3630300,142426000000,150,false,0.39
"VHM",135251,"/Date(1700549604000)/",39100,4400,3630200,142422000000,150,false,0.39
"VHM",135248,"/Date(1700549599000)/",39100,1100,3625800,142250000000,150,false,0.39
"VHM",135238,"/Date(1700549592000)/",39100,4400,3624700,142207000000,150,false,0.39
"VHM",135232,"/Date(1700549583000)/",39100,1000,3620300,142035000000,150,false,0.39
"VHM",135226,"/Date(1700549579000)/",39000,100,3619300,141996000000,50,true,0.13
"VHM",135226,"/Date(1700549579000)/",39000,300,3619200,141992000000,50,true,0.13
"VHM",135216,"/Date(1700549567000)/",39100,200,3618900,141980000000,150,false,0.39
"VHM",135213,"/Date(1700549566000)/",39100,4100,3618700,141973000000,150,false,0.39
"VHM",135213,"/Date(1700549566000)/",39100,200,3614600,141812000000,150,false,0.39
"VHM",135213,"/Date(1700549566000)/",39100,100,3614400,141804000000,150,false,0.39
"VHM",135210,"/Date(1700549564000)/",39000,4700,3614300,141800000000,50,true,0.13
"VHM",135210,"/Date(1700549564000)/",39000,300,3609600,141617000000,50,true,0.13
"VHM",135203,"/Date(1700549554000)/",39100,100,3609300,141605000000,150,false,0.39
"VHM",135203,"/Date(1700549554000)/",39100,200,3609200,141602000000,150,false,0.39
"VHM",135203,"/Date(1700549554000)/",39100,100,3609000,141594000000,150,false,0.39
"VHM",135203,"/Date(1700549554000)/",39100,100,3608900,141590000000,150,false,0.39
"VHM",135203,"/Date(1700549554000)/",39100,100,3608800,141586000000,150,false,0.39
"VHM",135203,"/Date(1700549554000)/",39100,100,3608700,141582000000,150,false,0.39
"VHM",135203,"/Date(1700549554000)/",39100,3700,3608600,141578000000,150,false,0.39
"VHM",135154,"/Date(1700549545000)/",39100,1300,3604900,141433000000,150,false,0.39
"VHM",135154,"/Date(1700549545000)/",39100,100,3603600,141383000000,150,false,0.39
"VHM",135154,"/Date(1700549545000)/",39100,100,3603500,141379000000,150,false,0.39
"VHM",135154,"/Date(1700549545000)/",39100,100,3603400,141375000000,150,false,0.39
"VHM",135154,"/Date(1700549545000)/",39100,1600,3603300,141371000000,150,false,0.39
"VHM",135154,"/Date(1700549545000)/",39050,200,3601700,141308000000,100,false,0.26
"VHM",135154,"/Date(1700549545000)/",39050,1000,3601500,141300000000,100,false,0.26
"VHM",135144,"/Date(1700549537000)/",39000,300,3600500,141261000000,50,true,0.13
"VHM",135144,"/Date(1700549536000)/",39000,4400,3600200,141250000000,50,true,0.13
"VHM",135144,"/Date(1700549536000)/",39000,500,3595800,141078000000,50,true,0.13
"VHM",135141,"/Date(1700549535000)/",39000,200,3595300,141059000000,50,false,0.13
"VHM",135141,"/Date(1700549533000)/",39000,100,3595100,141051000000,50,false,0.13
"VHM",135138,"/Date(1700549531000)/",39000,100,3595000,141047000000,50,false,0.13
"VHM",135138,"/Date(1700549531000)/",39000,4100,3594900,141043000000,50,false,0.13
"VHM",135138,"/Date(1700549531000)/",39000,200,3590800,140883000000,50,false,0.13
"VHM",135135,"/Date(1700549528000)/",39000,100,3590600,140875000000,50,false,0.13
"VHM",135135,"/Date(1700549528000)/",39000,100,3590500,140871000000,50,false,0.13
"VHM",135135,"/Date(1700549527000)/",39000,3000,3590400,140868000000,50,false,0.13
"VHM",135131,"/Date(1700549525000)/",39000,3000,3587400,140751000000,50,false,0.13
"VHM",135131,"/Date(1700549525000)/",39000,100,3584400,140634000000,50,false,0.13
"VHM",135131,"/Date(1700549525000)/",39000,200,3584300,140630000000,50,false,0.13
"VHM",135131,"/Date(1700549524000)/",39000,4400,3584100,140622000000,50,false,0.13
"VHM",135128,"/Date(1700549520000)/",39000,600,3579700,140450000000,50,false,0.13
"VHM",135128,"/Date(1700549520000)/",39000,1000,3579100,140427000000,50,false,0.13
"VHM",135125,"/Date(1700549518000)/",39000,100,3578100,140388000000,50,false,0.13
"VHM",135122,"/Date(1700549515000)/",39000,3000,3578000,140384000000,50,false,0.13
"VHM",135122,"/Date(1700549513000)/",39000,1600,3575000,140267000000,50,false,0.13
"VHM",135119,"/Date(1700549511000)/",39000,100,3573400,140205000000,50,false,0.13
"VHM",135112,"/Date(1700549506000)/",39000,1000,3573300,140201000000,50,false,0.13
"VHM",135112,"/Date(1700549506000)/",39000,500,3572300,140162000000,50,false,0.13
"VHM",135112,"/Date(1700549504000)/",39000,600,3571800,140142000000,50,false,0.13
"VHM",135109,"/Date(1700549501000)/",39000,100,3571200,140119000000,50,false,0.13
"VHM",135109,"/Date(1700549500000)/",39000,4400,3571100,140115000000,50,false,0.13
"VHM",135102,"/Date(1700549494000)/",39000,100,3566700,139943000000,50,false,0.13
"VHM",135050,"/Date(1700549481000)/",38950,1500,3566600,139939000000,0,true,0
"VHM",135050,"/Date(1700549481000)/",38950,500,3565100,139881000000,0,true,0
"VHM",135046,"/Date(1700549478000)/",39000,4400,3564600,139861000000,50,false,0.13
"VHM",135043,"/Date(1700549477000)/",39000,400,3560200,139690000000,50,false,0.13
"VHM",135043,"/Date(1700549476000)/",39000,100,3559800,139674000000,50,false,0.13
"VHM",135043,"/Date(1700549476000)/",39000,900,3559700,139670000000,50,false,0.13
"VHM",135043,"/Date(1700549476000)/",39000,100,3558800,139635000000,50,false,0.13
"VHM",135040,"/Date(1700549474000)/",39000,100,3558700,139631000000,50,false,0.13
"VHM",135037,"/Date(1700549468000)/",39000,4400,3558600,139627000000,50,false,0.13
"VHM",135034,"/Date(1700549468000)/",39000,1100,3554200,139456000000,50,false,0.13
"VHM",135034,"/Date(1700549466000)/",39000,200,3553100,139413000000,50,false,0.13
"VHM",135031,"/Date(1700549464000)/",39000,100,3552900,139405000000,50,false,0.13
"VHM",135031,"/Date(1700549462000)/",39000,900,3552800,139401000000,50,false,0.13
"VHM",135027,"/Date(1700549461000)/",39000,10000,3551900,139366000000,50,false,0.13
"VHM",135027,"/Date(1700549458000)/",39000,100,3541900,138976000000,50,false,0.13
"VHM",135024,"/Date(1700549457000)/",39000,500,3541800,138972000000,50,false,0.13
"VHM",135021,"/Date(1700549454000)/",39000,5000,3541300,138953000000,50,false,0.13
"VHM",135015,"/Date(1700549447000)/",39000,1000,3536300,138758000000,50,false,0.13
"VHM",135015,"/Date(1700549446000)/",39000,1000,3535300,138719000000,50,false,0.13
"VHM",135015,"/Date(1700549446000)/",39000,2000,3534300,138680000000,50,false,0.13
"VHM",135015,"/Date(1700549446000)/",39000,400,3532300,138602000000,50,false,0.13
"VHM",135015,"/Date(1700549446000)/",39000,100,3531900,138586000000,50,false,0.13
"VHM",135015,"/Date(1700549446000)/",39000,100,3531800,138582000000,50,false,0.13
"VHM",135015,"/Date(1700549446000)/",39000,500,3531700,138578000000,50,false,0.13
"VHM",135015,"/Date(1700549446000)/",39000,9300,3531200,138559000000,50,false,0.13
"VHM",135015,"/Date(1700549446000)/",39000,1300,3521900,138196000000,50,false,0.13
"VHM",135008,"/Date(1700549442000)/",39000,6700,3520600,138145000000,50,true,0.13
"VHM",135005,"/Date(1700549438000)/",39000,6100,3513900,137884000000,50,true,0.13
"VHM",135002,"/Date(1700549434000)/",39000,3300,3507800,137646000000,50,true,0.13
"VHM",134959,"/Date(1700549431000)/",39000,2800,3504500,137518000000,50,true,0.13
"VHM",134955,"/Date(1700549426000)/",39000,2200,3501700,137408000000,50,true,0.13
"VHM",134952,"/Date(1700549423000)/",39000,2100,3499500,137323000000,50,false,0.13
"VHM",134952,"/Date(1700549423000)/",39000,10000,3497400,137241000000,50,false,0.13
"VHM",134952,"/Date(1700549423000)/",39000,1000,3487400,136851000000,50,false,0.13
"VHM",134952,"/Date(1700549423000)/",39000,100,3486400,136812000000,50,false,0.13
"VHM",134952,"/Date(1700549423000)/",39000,1000,3486300,136808000000,50,false,0.13
"VHM",134952,"/Date(1700549423000)/",39000,5000,3485300,136769000000,50,false,0.13
"VHM",134952,"/Date(1700549423000)/",39000,2000,3480300,136574000000,50,false,0.13
"VHM",134952,"/Date(1700549423000)/",39000,400,3478300,136496000000,50,false,0.13
"VHM",134952,"/Date(1700549423000)/",39000,16800,3477900,136480000000,50,false,0.13
"VHM",134952,"/Date(1700549423000)/",39000,6600,3461100,135825000000,50,false,0.13
"VHM",134952,"/Date(1700549423000)/",39000,300,3454500,135568000000,50,false,0.13
"VHM",134946,"/Date(1700549418000)/",38950,600,3454200,135556000000,0,true,0
"VHM",134946,"/Date(1700549418000)/",38950,200,3453600,135532000000,0,true,0
"VHM",134946,"/Date(1700549418000)/",38950,300,3453400,135525000000,0,true,0
"VHM",134946,"/Date(1700549418000)/",38950,500,3453100,135513000000,0,true,0
"VHM",134946,"/Date(1700549418000)/",38950,400,3452600,135494000000,0,true,0
"VHM",134946,"/Date(1700549417000)/",39000,700,3452200,135478000000,50,false,0.13
"VHM",134946,"/Date(1700549417000)/",39000,100,3451500,135451000000,50,false,0.13
"VHM",134946,"/Date(1700549417000)/",39000,1000,3451400,135447000000,50,false,0.13
"VHM",134946,"/Date(1700549417000)/",39000,19000,3450400,135408000000,50,false,0.13
"VHM",134946,"/Date(1700549417000)/",39000,1000,3431400,134667000000,50,false,0.13
"VHM",134946,"/Date(1700549417000)/",39000,5000,3430400,134628000000,50,false,0.13
"VHM",134946,"/Date(1700549417000)/",39000,9000,3425400,134433000000,50,false,0.13
"VHM",134946,"/Date(1700549417000)/",39000,500,3416400,134082000000,50,false,0.13
"VHM",134943,"/Date(1700549413000)/",38950,600,3415900,134062000000,0,true,0
"VHM",134943,"/Date(1700549413000)/",38950,500,3415300,134039000000,0,true,0
"VHM",134943,"/Date(1700549413000)/",38950,600,3414800,134019000000,0,true,0
"VHM",134936,"/Date(1700549409000)/",38950,400,3414200,133996000000,0,true,0
"VHM",134936,"/Date(1700549409000)/",38950,100,3413800,133980000000,0,true,0
"VHM",134936,"/Date(1700549409000)/",38950,100,3413700,133977000000,0,true,0
"VHM",134936,"/Date(1700549409000)/",38950,200,3413600,133973000000,0,true,0
"VHM",134936,"/Date(1700549409000)/",38950,600,3413400,133965000000,0,true,0
"VHM",134933,"/Date(1700549405000)/",38950,400,3412800,133941000000,0,true,0
"VHM",134933,"/Date(1700549405000)/",38950,100,3412400,133926000000,0,true,0
"VHM",134933,"/Date(1700549405000)/",38950,600,3412300,133922000000,0,true,0
"VHM",134927,"/Date(1700549400000)/",38950,700,3411700,133899000000,0,true,0
"VHM",134917,"/Date(1700549389000)/",38950,1000,3411000,133871000000,0,true,0
"VHM",134917,"/Date(1700549389000)/",38950,100,3410000,133832000000,0,true,0
"VHM",134917,"/Date(1700549389000)/",38950,1000,3409900,133829000000,0,true,0
"VHM",134917,"/Date(1700549389000)/",38950,400,3408900,133790000000,0,true,0
"VHM",134917,"/Date(1700549389000)/",38950,1000,3408500,133774000000,0,true,0
"VHM",134917,"/Date(1700549389000)/",38950,100,3407500,133735000000,0,true,0
"VHM",134917,"/Date(1700549389000)/",38950,100,3407400,133731000000,0,true,0
"VHM",134917,"/Date(1700549389000)/",38950,1500,3407300,133727000000,0,true,0
"VHM",134917,"/Date(1700549389000)/",38950,1000,3405800,133669000000,0,true,0
"VHM",134917,"/Date(1700549389000)/",38950,100,3404800,133630000000,0,true,0
"VHM",134917,"/Date(1700549389000)/",38950,300,3404700,133626000000,0,true,0
"VHM",134917,"/Date(1700549389000)/",38950,1000,3404400,133614000000,0,true,0
"VHM",134917,"/Date(1700549389000)/",38950,1000,3403400,133575000000,0,true,0
"VHM",134917,"/Date(1700549389000)/",38950,200,3402400,133536000000,0,true,0
"VHM",134917,"/Date(1700549389000)/",38950,1000,3402200,133529000000,0,true,0
"VHM",134917,"/Date(1700549389000)/",38950,100,3401200,133490000000,0,true,0
"VHM",134917,"/Date(1700549389000)/",38950,100,3401100,133486000000,0,true,0
"VHM",134914,"/Date(1700549385000)/",39000,100,3401000,133482000000,50,false,0.13
"VHM",134911,"/Date(1700549383000)/",38950,200,3400900,133478000000,0,true,0
"VHM",134907,"/Date(1700549381000)/",38950,100,3400700,133470000000,0,true,0
"VHM",134907,"/Date(1700549381000)/",38950,100,3400600,133466000000,0,true,0
"VHM",134907,"/Date(1700549379000)/",38950,100,3400500,133462000000,0,true,0
"VHM",134907,"/Date(1700549379000)/",38950,100,3400400,133459000000,0,true,0
"VHM",134904,"/Date(1700549377000)/",38950,200,3400300,133455000000,0,true,0
"VHM",134904,"/Date(1700549375000)/",38950,200,3400100,133447000000,0,true,0
"VHM",134901,"/Date(1700549372000)/",38950,200,3399900,133439000000,0,true,0
"VHM",134901,"/Date(1700549372000)/",38950,800,3399700,133431000000,0,true,0
"VHM",134858,"/Date(1700549369000)/",38950,100,3398900,133400000000,0,true,0
"VHM",134851,"/Date(1700549365000)/",38950,100,3398800,133396000000,0,true,0
"VHM",134851,"/Date(1700549363000)/",38950,100,3398700,133392000000,0,true,0
"VHM",134845,"/Date(1700549359000)/",38950,100,3398600,133388000000,0,true,0
"VHM",134845,"/Date(1700549357000)/",38950,100,3398500,133385000000,0,true,0
"VHM",134842,"/Date(1700549354000)/",38950,100,3398400,133381000000,0,true,0
"VHM",134835,"/Date(1700549348000)/",39000,100,3398300,133377000000,50,false,0.13
"VHM",134832,"/Date(1700549344000)/",39000,1000,3398200,133373000000,50,false,0.13
"VHM",134829,"/Date(1700549340000)/",39000,3000,3397200,133334000000,50,false,0.13
"VHM",134819,"/Date(1700549332000)/",38950,500,3394200,133217000000,0,true,0
"VHM",134819,"/Date(1700549332000)/",38950,300,3393700,133197000000,0,true,0
"VHM",134819,"/Date(1700549332000)/",38950,100,3393400,133186000000,0,true,0
"VHM",134819,"/Date(1700549332000)/",38950,300,3393300,133182000000,0,true,0
"VHM",134819,"/Date(1700549332000)/",38950,1000,3393000,133170000000,0,true,0
"VHM",134819,"/Date(1700549332000)/",38950,1000,3392000,133131000000,0,true,0
"VHM",134819,"/Date(1700549332000)/",38950,200,3391000,133092000000,0,true,0
"VHM",134819,"/Date(1700549332000)/",38950,500,3390800,133084000000,0,true,0
"VHM",134819,"/Date(1700549332000)/",38950,100,3390300,133065000000,0,true,0
"VHM",134819,"/Date(1700549332000)/",38950,100,3390200,133061000000,0,true,0
"VHM",134819,"/Date(1700549332000)/",38950,400,3390100,133057000000,0,true,0
"VHM",134816,"/Date(1700549329000)/",38950,4000,3389700,133042000000,0,true,0
"VHM",134813,"/Date(1700549326000)/",38950,2200,3385700,132886000000,0,true,0
"VHM",134810,"/Date(1700549321000)/",38950,1800,3383500,132800000000,0,true,0
"VHM",134807,"/Date(1700549319000)/",38950,1400,3381700,132730000000,0,true,0
"VHM",134803,"/Date(1700549316000)/",38950,200,3380300,132675000000,0,true,0
"VHM",134803,"/Date(1700549316000)/",38950,300,3380100,132668000000,0,true,0
"VHM",134803,"/Date(1700549316000)/",38950,900,3379800,132656000000,0,true,0
"VHM",134800,"/Date(1700549313000)/",39000,200,3378900,132621000000,50,false,0.13
"VHM",134800,"/Date(1700549312000)/",38950,100,3378700,132613000000,0,true,0
"VHM",134800,"/Date(1700549312000)/",38950,1200,3378600,132609000000,0,true,0
"VHM",134757,"/Date(1700549308000)/",38950,300,3377400,132562000000,0,true,0
"VHM",134757,"/Date(1700549308000)/",38950,100,3377100,132551000000,0,true,0
"VHM",134757,"/Date(1700549308000)/",38950,700,3377000,132547000000,0,true,0
"VHM",134754,"/Date(1700549305000)/",38950,900,3376300,132520000000,0,true,0
"VHM",134747,"/Date(1700549301000)/",38950,100,3375400,132485000000,0,true,0
"VHM",134747,"/Date(1700549298000)/",38950,700,3375300,132481000000,0,true,0
"VHM",134744,"/Date(1700549295000)/",38950,400,3374600,132453000000,0,true,0
"VHM",134741,"/Date(1700549294000)/",39000,100,3374200,132438000000,50,false,0.13
"VHM",134722,"/Date(1700549274000)/",39000,2000,3374100,132434000000,50,false,0.13
"VHM",134719,"/Date(1700549271000)/",39000,100,3372100,132356000000,50,false,0.13
"VHM",134719,"/Date(1700549270000)/",39000,100,3372000,132352000000,50,false,0.13
"VHM",134715,"/Date(1700549269000)/",38950,400,3371900,132348000000,0,true,0
"VHM",134712,"/Date(1700549264000)/",39000,100,3371500,132333000000,50,false,0.13
"VHM",134706,"/Date(1700549258000)/",39000,100,3371400,132329000000,50,false,0.13
"VHM",134644,"/Date(1700549234000)/",39000,200,3371300,132325000000,50,false,0.13
"VHM",134640,"/Date(1700549232000)/",39000,200,3371100,132317000000,50,false,0.13
"VHM",134640,"/Date(1700549232000)/",39000,400,3370900,132309000000,50,false,0.13
"VHM",134640,"/Date(1700549232000)/",39000,500,3370500,132294000000,50,false,0.13
"VHM",134637,"/Date(1700549231000)/",39000,100,3370000,132274000000,50,false,0.13
"VHM",134634,"/Date(1700549228000)/",39000,100,3369900,132270000000,50,false,0.13
"VHM",134634,"/Date(1700549225000)/",39000,5000,3369800,132266000000,50,false,0.13
"VHM",134631,"/Date(1700549223000)/",39000,2900,3364800,132071000000,50,false,0.13
"VHM",134628,"/Date(1700549221000)/",39000,100,3361900,131958000000,50,false,0.13
"VHM",134624,"/Date(1700549218000)/",39000,100,3361800,131954000000,50,false,0.13
"VHM",134624,"/Date(1700549215000)/",39000,5000,3361700,131950000000,50,false,0.13
"VHM",134621,"/Date(1700549215000)/",38950,4900,3356700,131755000000,0,true,0
"VHM",134621,"/Date(1700549215000)/",38950,100,3351800,131564000000,0,true,0
"VHM",134621,"/Date(1700549215000)/",38950,100,3351700,131561000000,0,true,0
"VHM",134621,"/Date(1700549215000)/",38950,100,3351600,131557000000,0,true,0
"VHM",134621,"/Date(1700549215000)/",38950,1000,3351500,131553000000,0,true,0
"VHM",134621,"/Date(1700549215000)/",38950,400,3350500,131514000000,0,true,0
"VHM",134621,"/Date(1700549214000)/",39000,500,3350100,131498000000,50,false,0.13
"VHM",134556,"/Date(1700549187000)/",38950,1000,3349600,131479000000,0,true,0
"VHM",134540,"/Date(1700549171000)/",39000,200,3348600,131440000000,50,false,0.13
"VHM",134537,"/Date(1700549169000)/",39000,500,3348400,131432000000,50,false,0.13
"VHM",134537,"/Date(1700549168000)/",38950,1100,3347900,131413000000,0,true,0
"VHM",134537,"/Date(1700549168000)/",38950,500,3346800,131370000000,0,true,0
"VHM",134537,"/Date(1700549168000)/",38950,200,3346300,131350000000,0,true,0
"VHM",134537,"/Date(1700549168000)/",38950,300,3346100,131342000000,0,true,0
"VHM",134517,"/Date(1700549150000)/",38950,100,3345800,131331000000,0,true,0
"VHM",134517,"/Date(1700549150000)/",38950,100,3345700,131327000000,0,true,0
"VHM",134517,"/Date(1700549150000)/",38950,200,3345600,131323000000,0,true,0
"VHM",134517,"/Date(1700549149000)/",39000,100,3345400,131315000000,50,false,0.13
"VHM",134514,"/Date(1700549146000)/",39000,1300,3345300,131311000000,50,false,0.13
"VHM",134514,"/Date(1700549146000)/",39000,2000,3344000,131261000000,50,false,0.13
"VHM",134514,"/Date(1700549145000)/",39000,4500,3342000,131183000000,50,false,0.13
"VHM",134511,"/Date(1700549143000)/",39000,100,3337500,131007000000,50,false,0.13
"VHM",134511,"/Date(1700549143000)/",38950,600,3337400,131003000000,0,true,0
"VHM",134511,"/Date(1700549143000)/",38950,1000,3336800,130980000000,0,true,0
"VHM",134511,"/Date(1700549143000)/",38950,200,3335800,130941000000,0,true,0
"VHM",134511,"/Date(1700549143000)/",38950,100,3335600,130933000000,0,true,0
"VHM",134511,"/Date(1700549143000)/",38950,1000,3335500,130929000000,0,true,0
"VHM",134511,"/Date(1700549143000)/",38950,1000,3334500,130890000000,0,true,0
"VHM",134511,"/Date(1700549143000)/",38950,500,3333500,130851000000,0,true,0
"VHM",134511,"/Date(1700549143000)/",38950,600,3333000,130832000000,0,true,0
