"Stockcode","Package","TradingDate","Price","Vol","TotalVol","TotalVal","Change","IsBuy","PerChange"
"CII",144423,"/Date(1701071100000)/",16500,427200,3495600,58431000000,-400,true,-2.37
"CII",142922,"/Date(1701070199000)/",16600,2000,3068400,51382000000,-300,true,-1.78
"CII",142919,"/Date(1701070196000)/",16600,2000,3066400,51349000000,-300,true,-1.78
"CII",142919,"/Date(1701070195000)/",16600,100,3064400,51316000000,-300,true,-1.78
"CII",142919,"/Date(1701070194000)/",16600,500,3064300,51314000000,-300,true,-1.78
"CII",142916,"/Date(1701070192000)/",16600,1100,3063800,51306000000,-300,false,-1.78
"CII",142916,"/Date(1701070190000)/",16550,18600,3062700,51287000000,-350,true,-2.07
"CII",142916,"/Date(1701070190000)/",16550,300,3044100,50979000000,-350,true,-2.07
"CII",142916,"/Date(1701070190000)/",16550,200,3043800,50975000000,-350,true,-2.07
"CII",142916,"/Date(1701070190000)/",16550,400,3043600,50971000000,-350,true,-2.07
"CII",142916,"/Date(1701070190000)/",16550,200,3043200,50965000000,-350,true,-2.07
"CII",142916,"/Date(1701070190000)/",16550,200,3043000,50961000000,-350,true,-2.07
"CII",142916,"/Date(1701070190000)/",16550,100,3042800,50958000000,-350,true,-2.07
"CII",142916,"/Date(1701070190000)/",16600,500,3042700,50956000000,-300,false,-1.78
"CII",142912,"/Date(1701070190000)/",16600,500,3042200,50948000000,-300,true,-1.78
"CII",142912,"/Date(1701070190000)/",16600,100,3041700,50940000000,-300,true,-1.78
"CII",142912,"/Date(1701070190000)/",16600,2200,3041600,50938000000,-300,true,-1.78
"CII",142912,"/Date(1701070190000)/",16600,300,3039400,50902000000,-300,true,-1.78
"CII",142912,"/Date(1701070190000)/",16600,100,3039100,50897000000,-300,true,-1.78
"CII",142912,"/Date(1701070190000)/",16600,200,3039000,50895000000,-300,true,-1.78
"CII",142909,"/Date(1701070185000)/",16600,400,3038800,50892000000,-300,true,-1.78
"CII",142906,"/Date(1701070181000)/",16600,5400,3038400,50885000000,-300,true,-1.78
"CII",142906,"/Date(1701070181000)/",16600,2700,3033000,50795000000,-300,true,-1.78
"CII",142906,"/Date(1701070181000)/",16600,100,3030300,50750000000,-300,true,-1.78
"CII",142906,"/Date(1701070181000)/",16600,1000,3030200,50749000000,-300,true,-1.78
"CII",142906,"/Date(1701070181000)/",16600,100,3029200,50732000000,-300,true,-1.78
"CII",142906,"/Date(1701070181000)/",16600,200,3029100,50731000000,-300,true,-1.78
"CII",142906,"/Date(1701070181000)/",16600,2000,3028900,50727000000,-300,true,-1.78
"CII",142906,"/Date(1701070181000)/",16600,200,3026900,50694000000,-300,true,-1.78
"CII",142906,"/Date(1701070181000)/",16600,1000,3026700,50691000000,-300,true,-1.78
"CII",142906,"/Date(1701070181000)/",16600,200,3025700,50674000000,-300,true,-1.78
"CII",142906,"/Date(1701070181000)/",16600,10000,3025500,50671000000,-300,true,-1.78
"CII",142906,"/Date(1701070181000)/",16600,1000,3015500,50505000000,-300,true,-1.78
"CII",142906,"/Date(1701070181000)/",16600,16100,3014500,50488000000,-300,true,-1.78
"CII",142903,"/Date(1701070180000)/",16600,1000,2998400,50221000000,-300,true,-1.78
"CII",142903,"/Date(1701070179000)/",16600,1000,2997400,50204000000,-300,true,-1.78
"CII",142903,"/Date(1701070178000)/",16600,500,2996400,50188000000,-300,true,-1.78
"CII",142857,"/Date(1701070171000)/",16650,1000,2995900,50179000000,-250,false,-1.48
"CII",142853,"/Date(1701070171000)/",16650,200,2994900,50163000000,-250,false,-1.48
"CII",142853,"/Date(1701070168000)/",16650,100,2994700,50159000000,-250,false,-1.48
"CII",142841,"/Date(1701070155000)/",16650,2000,2994600,50158000000,-250,false,-1.48
"CII",142837,"/Date(1701070154000)/",16650,400,2992600,50124000000,-250,false,-1.48
"CII",142837,"/Date(1701070152000)/",16650,100,2992200,50118000000,-250,false,-1.48
"CII",142825,"/Date(1701070139000)/",16650,10000,2992100,50116000000,-250,false,-1.48
"CII",142809,"/Date(1701070126000)/",16650,100,2982100,49950000000,-250,true,-1.48
"CII",142809,"/Date(1701070123000)/",16650,9800,2982000,49948000000,-250,true,-1.48
"CII",142805,"/Date(1701070122000)/",16650,10200,2972200,49785000000,-250,true,-1.48
"CII",142802,"/Date(1701070119000)/",16650,5000,2962000,49615000000,-250,false,-1.48
"CII",142802,"/Date(1701070118000)/",16650,1000,2957000,49532000000,-250,false,-1.48
"CII",142759,"/Date(1701070115000)/",16600,300,2956000,49515000000,-300,true,-1.78
"CII",142759,"/Date(1701070114000)/",16650,100,2955700,49510000000,-250,false,-1.48
"CII",142759,"/Date(1701070114000)/",16650,1000,2955600,49508000000,-250,false,-1.48
"CII",142759,"/Date(1701070114000)/",16650,100,2954600,49492000000,-250,false,-1.48
"CII",142759,"/Date(1701070114000)/",16650,2000,2954500,49490000000,-250,false,-1.48
"CII",142759,"/Date(1701070114000)/",16650,3000,2952500,49457000000,-250,false,-1.48
"CII",142759,"/Date(1701070114000)/",16650,100,2949500,49407000000,-250,false,-1.48
"CII",142759,"/Date(1701070114000)/",16650,100,2949400,49405000000,-250,false,-1.48
"CII",142759,"/Date(1701070114000)/",16650,1000,2949300,49404000000,-250,false,-1.48
"CII",142759,"/Date(1701070114000)/",16650,500,2948300,49387000000,-250,false,-1.48
"CII",142759,"/Date(1701070114000)/",16650,200,2947800,49379000000,-250,false,-1.48
"CII",142759,"/Date(1701070114000)/",16650,1700,2947600,49375000000,-250,false,-1.48
"CII",142756,"/Date(1701070110000)/",16650,800,2945900,49347000000,-250,true,-1.48
"CII",142756,"/Date(1701070110000)/",16650,6700,2945100,49334000000,-250,true,-1.48
"CII",142753,"/Date(1701070108000)/",16650,3400,2938400,49222000000,-250,true,-1.48
"CII",142743,"/Date(1701070100000)/",16650,9900,2935000,49165000000,-250,true,-1.48
"CII",142743,"/Date(1701070100000)/",16650,100,2925100,49001000000,-250,true,-1.48
"CII",142737,"/Date(1701070092000)/",16650,100,2925000,48999000000,-250,true,-1.48
"CII",142737,"/Date(1701070092000)/",16650,300,2924900,48997000000,-250,true,-1.48
"CII",142737,"/Date(1701070092000)/",16650,1000,2924600,48992000000,-250,true,-1.48
"CII",142737,"/Date(1701070092000)/",16650,2100,2923600,48976000000,-250,true,-1.48
"CII",142733,"/Date(1701070088000)/",16700,200,2921500,48941000000,-200,false,-1.18
"CII",142727,"/Date(1701070084000)/",16650,300,2921300,48937000000,-250,true,-1.48
"CII",142721,"/Date(1701070075000)/",16650,600,2921000,48932000000,-250,true,-1.48
"CII",142721,"/Date(1701070075000)/",16650,1000,2920400,48922000000,-250,true,-1.48
"CII",142721,"/Date(1701070075000)/",16650,1000,2919400,48906000000,-250,true,-1.48
"CII",142721,"/Date(1701070075000)/",16650,500,2918400,48889000000,-250,true,-1.48
"CII",142714,"/Date(1701070071000)/",16650,200,2917900,48881000000,-250,true,-1.48
"CII",142649,"/Date(1701070044000)/",16650,600,2917700,48877000000,-250,true,-1.48
"CII",142645,"/Date(1701070042000)/",16650,1700,2917100,48867000000,-250,true,-1.48
"CII",142645,"/Date(1701070042000)/",16650,100,2915400,48839000000,-250,true,-1.48
"CII",142645,"/Date(1701070042000)/",16650,2000,2915300,48837000000,-250,true,-1.48
"CII",142645,"/Date(1701070042000)/",16650,1000,2913300,48804000000,-250,true,-1.48
"CII",142645,"/Date(1701070042000)/",16650,200,2912300,48787000000,-250,true,-1.48
"CII",142639,"/Date(1701070036000)/",16700,100,2912100,48784000000,-200,false,-1.18
"CII",142633,"/Date(1701070028000)/",16700,1000,2912000,48782000000,-200,false,-1.18
"CII",142558,"/Date(1701069994000)/",16650,1600,2911000,48766000000,-250,true,-1.48
"CII",142554,"/Date(1701069989000)/",16700,100,2909400,48739000000,-200,false,-1.18
"CII",142548,"/Date(1701069985000)/",16700,100,2909300,48737000000,-200,false,-1.18
"CII",142548,"/Date(1701069982000)/",16700,300,2909200,48736000000,-200,false,-1.18
"CII",142548,"/Date(1701069982000)/",16700,1500,2908900,48731000000,-200,false,-1.18
"CII",142548,"/Date(1701069982000)/",16700,200,2907400,48706000000,-200,false,-1.18
"CII",142535,"/Date(1701069971000)/",16700,5000,2907200,48702000000,-200,false,-1.18
"CII",142529,"/Date(1701069965000)/",16650,500,2902200,48619000000,-250,false,-1.48
"CII",142529,"/Date(1701069964000)/",16650,7100,2901700,48611000000,-250,false,-1.48
"CII",142529,"/Date(1701069964000)/",16650,400,2894600,48492000000,-250,false,-1.48
"CII",142526,"/Date(1701069961000)/",16650,200,2894200,48486000000,-250,false,-1.48
"CII",142526,"/Date(1701069960000)/",16650,1000,2894000,48482000000,-250,false,-1.48
"CII",142526,"/Date(1701069960000)/",16650,100,2893000,48466000000,-250,false,-1.48
"CII",142519,"/Date(1701069956000)/",16650,1200,2892900,48464000000,-250,false,-1.48
"CII",142519,"/Date(1701069956000)/",16650,600,2891700,48444000000,-250,false,-1.48
"CII",142519,"/Date(1701069953000)/",16650,100,2891100,48434000000,-250,false,-1.48
"CII",142516,"/Date(1701069952000)/",16650,1000,2891000,48432000000,-250,false,-1.48
"CII",142513,"/Date(1701069949000)/",16650,100,2890000,48416000000,-250,false,-1.48
"CII",142513,"/Date(1701069949000)/",16650,1500,2889900,48414000000,-250,false,-1.48
"CII",142513,"/Date(1701069948000)/",16650,1700,2888400,48389000000,-250,false,-1.48
"CII",142513,"/Date(1701069948000)/",16650,2000,2886700,48361000000,-250,false,-1.48
"CII",142513,"/Date(1701069948000)/",16650,1000,2884700,48328000000,-250,false,-1.48
"CII",142513,"/Date(1701069948000)/",16650,300,2883700,48311000000,-250,false,-1.48
"CII",142510,"/Date(1701069945000)/",16600,100,2883400,48306000000,-300,true,-1.78
"CII",142503,"/Date(1701069939000)/",16600,100,2883300,48304000000,-300,true,-1.78
"CII",142503,"/Date(1701069938000)/",16600,1000,2883200,48303000000,-300,true,-1.78
"CII",142500,"/Date(1701069936000)/",16600,1000,2882200,48286000000,-300,true,-1.78
"CII",142500,"/Date(1701069935000)/",16600,500,2881200,48269000000,-300,true,-1.78
"CII",142457,"/Date(1701069932000)/",16650,200,2880700,48261000000,-250,false,-1.48
"CII",142454,"/Date(1701069929000)/",16600,18100,2880500,48258000000,-300,true,-1.78
"CII",142450,"/Date(1701069926000)/",16600,2000,2862400,47957000000,-300,true,-1.78
"CII",142450,"/Date(1701069926000)/",16600,4000,2860400,47924000000,-300,true,-1.78
"CII",142450,"/Date(1701069926000)/",16600,2000,2856400,47858000000,-300,true,-1.78
"CII",142450,"/Date(1701069926000)/",16600,1000,2854400,47824000000,-300,true,-1.78
"CII",142450,"/Date(1701069926000)/",16600,100,2853400,47808000000,-300,true,-1.78
"CII",142450,"/Date(1701069926000)/",16600,1200,2853300,47806000000,-300,true,-1.78
"CII",142447,"/Date(1701069922000)/",16600,100,2852100,47786000000,-300,false,-1.78
"CII",142444,"/Date(1701069920000)/",16550,700,2852000,47785000000,-350,true,-2.07
"CII",142444,"/Date(1701069918000)/",16600,100,2851300,47773000000,-300,false,-1.78
"CII",142441,"/Date(1701069916000)/",16550,200,2851200,47771000000,-350,true,-2.07
"CII",142441,"/Date(1701069916000)/",16550,100,2851000,47768000000,-350,true,-2.07
"CII",142441,"/Date(1701069916000)/",16550,700,2850900,47766000000,-350,true,-2.07
"CII",142431,"/Date(1701069908000)/",16550,300,2850200,47755000000,-350,true,-2.07
"CII",142431,"/Date(1701069908000)/",16550,600,2849900,47750000000,-350,true,-2.07
"CII",142431,"/Date(1701069908000)/",16550,700,2849300,47740000000,-350,true,-2.07
"CII",142431,"/Date(1701069908000)/",16550,400,2848600,47728000000,-350,true,-2.07
"CII",142422,"/Date(1701069898000)/",16550,100,2848200,47722000000,-350,true,-2.07
"CII",142422,"/Date(1701069898000)/",16550,200,2848100,47720000000,-350,true,-2.07
"CII",142422,"/Date(1701069898000)/",16550,100,2847900,47717000000,-350,true,-2.07
"CII",142418,"/Date(1701069891000)/",16550,500,2847800,47715000000,-350,true,-2.07
"CII",142412,"/Date(1701069886000)/",16550,4400,2847300,47707000000,-350,true,-2.07
"CII",142412,"/Date(1701069886000)/",16550,500,2842900,47634000000,-350,true,-2.07
"CII",142412,"/Date(1701069886000)/",16550,100,2842400,47626000000,-350,true,-2.07
"CII",142409,"/Date(1701069885000)/",16550,300,2842300,47624000000,-350,true,-2.07
"CII",142359,"/Date(1701069876000)/",16550,19100,2842000,47619000000,-350,true,-2.07
"CII",142356,"/Date(1701069872000)/",16550,100,2822900,47303000000,-350,false,-2.07
"CII",142356,"/Date(1701069871000)/",16550,100,2822800,47301000000,-350,false,-2.07
"CII",142356,"/Date(1701069871000)/",16550,700,2822700,47300000000,-350,false,-2.07
"CII",142346,"/Date(1701069861000)/",16550,300,2822000,47288000000,-350,true,-2.07
"CII",142346,"/Date(1701069861000)/",16550,200,2821700,47283000000,-350,true,-2.07
"CII",142343,"/Date(1701069859000)/",16550,300,2821500,47280000000,-350,false,-2.07
"CII",142343,"/Date(1701069858000)/",16550,100,2821200,47275000000,-350,false,-2.07
"CII",142340,"/Date(1701069857000)/",16550,600,2821100,47273000000,-350,false,-2.07
"CII",142340,"/Date(1701069857000)/",16550,400,2820500,47263000000,-350,false,-2.07
"CII",142340,"/Date(1701069856000)/",16550,600,2820100,47257000000,-350,false,-2.07
"CII",142340,"/Date(1701069856000)/",16550,400,2819500,47247000000,-350,false,-2.07
"CII",142337,"/Date(1701069854000)/",16500,200,2819100,47240000000,-400,true,-2.37
"CII",142337,"/Date(1701069854000)/",16550,100,2818900,47237000000,-350,false,-2.07
"CII",142334,"/Date(1701069848000)/",16550,1000,2818800,47235000000,-350,false,-2.07
"CII",142334,"/Date(1701069848000)/",16550,3000,2817800,47219000000,-350,false,-2.07
"CII",142330,"/Date(1701069845000)/",16550,500,2814800,47169000000,-350,false,-2.07
"CII",142327,"/Date(1701069843000)/",16550,30000,2814300,47161000000,-350,false,-2.07
"CII",142327,"/Date(1701069843000)/",16500,1000,2784300,46664000000,-400,true,-2.37
"CII",142324,"/Date(1701069840000)/",16550,5000,2783300,46648000000,-350,false,-2.07
"CII",142324,"/Date(1701069838000)/",16550,900,2778300,46565000000,-350,false,-2.07
"CII",142324,"/Date(1701069838000)/",16550,1000,2777400,46550000000,-350,false,-2.07
"CII",142324,"/Date(1701069838000)/",16550,500,2776400,46534000000,-350,false,-2.07
"CII",142324,"/Date(1701069838000)/",16550,600,2775900,46525000000,-350,false,-2.07
"CII",142311,"/Date(1701069828000)/",16500,3000,2775300,46515000000,-400,true,-2.37
"CII",142302,"/Date(1701069818000)/",16500,100,2772300,46466000000,-400,true,-2.37
"CII",142302,"/Date(1701069817000)/",16500,3300,2772200,46464000000,-400,true,-2.37
"CII",142302,"/Date(1701069817000)/",16500,100,2768900,46410000000,-400,true,-2.37
"CII",142259,"/Date(1701069814000)/",16500,100,2768800,46408000000,-400,true,-2.37
"CII",142259,"/Date(1701069814000)/",16500,300,2768700,46406000000,-400,true,-2.37
"CII",142259,"/Date(1701069814000)/",16500,1000,2768400,46401000000,-400,true,-2.37
"CII",142259,"/Date(1701069814000)/",16500,500,2767400,46385000000,-400,true,-2.37
"CII",142259,"/Date(1701069814000)/",16500,3000,2766900,46377000000,-400,true,-2.37
"CII",142259,"/Date(1701069814000)/",16500,100,2763900,46327000000,-400,true,-2.37
"CII",142259,"/Date(1701069814000)/",16500,100,2763800,46326000000,-400,true,-2.37
"CII",142259,"/Date(1701069814000)/",16500,100,2763700,46324000000,-400,true,-2.37
"CII",142259,"/Date(1701069814000)/",16500,200,2763600,46322000000,-400,true,-2.37
"CII",142259,"/Date(1701069814000)/",16500,1000,2763400,46319000000,-400,true,-2.37
"CII",142259,"/Date(1701069814000)/",16500,2000,2762400,46302000000,-400,true,-2.37
"CII",142259,"/Date(1701069814000)/",16500,100,2760400,46269000000,-400,true,-2.37
"CII",142259,"/Date(1701069814000)/",16500,1000,2760300,46268000000,-400,true,-2.37
"CII",142259,"/Date(1701069814000)/",16500,100,2759300,46251000000,-400,true,-2.37
"CII",142259,"/Date(1701069814000)/",16500,1000,2759200,46250000000,-400,true,-2.37
"CII",142259,"/Date(1701069814000)/",16500,200,2758200,46233000000,-400,true,-2.37
"CII",142259,"/Date(1701069814000)/",16500,100,2758000,46230000000,-400,true,-2.37
"CII",142259,"/Date(1701069814000)/",16500,100,2757900,46228000000,-400,true,-2.37
"CII",142259,"/Date(1701069814000)/",16500,1000,2757800,46227000000,-400,true,-2.37
"CII",142259,"/Date(1701069814000)/",16500,1000,2756800,46210000000,-400,true,-2.37
"CII",142259,"/Date(1701069814000)/",16500,2000,2755800,46194000000,-400,true,-2.37
"CII",142259,"/Date(1701069814000)/",16500,300,2753800,46161000000,-400,true,-2.37
"CII",142259,"/Date(1701069814000)/",16500,100,2753500,46156000000,-400,true,-2.37
"CII",142259,"/Date(1701069814000)/",16500,100,2753400,46154000000,-400,true,-2.37
"CII",142259,"/Date(1701069814000)/",16500,500,2753300,46152000000,-400,true,-2.37
"CII",142259,"/Date(1701069814000)/",16500,200,2752800,46144000000,-400,true,-2.37
"CII",142259,"/Date(1701069814000)/",16500,100,2752600,46141000000,-400,true,-2.37
"CII",142259,"/Date(1701069814000)/",16500,1000,2752500,46139000000,-400,true,-2.37
"CII",142259,"/Date(1701069814000)/",16500,200,2751500,46123000000,-400,true,-2.37
"CII",142259,"/Date(1701069814000)/",16500,200,2751300,46119000000,-400,true,-2.37
"CII",142259,"/Date(1701069814000)/",16500,100,2751100,46116000000,-400,true,-2.37
"CII",142259,"/Date(1701069814000)/",16500,1000,2751000,46114000000,-400,true,-2.37
"CII",142259,"/Date(1701069814000)/",16500,1000,2750000,46098000000,-400,true,-2.37
"CII",142259,"/Date(1701069814000)/",16500,100,2749000,46081000000,-400,true,-2.37
"CII",142259,"/Date(1701069814000)/",16500,500,2748900,46080000000,-400,true,-2.37
"CII",142259,"/Date(1701069814000)/",16500,10000,2748400,46071000000,-400,true,-2.37
"CII",142259,"/Date(1701069814000)/",16500,3000,2738400,45906000000,-400,true,-2.37
"CII",142259,"/Date(1701069814000)/",16500,1000,2735400,45857000000,-400,true,-2.37
"CII",142259,"/Date(1701069814000)/",16500,100,2734400,45840000000,-400,true,-2.37
"CII",142259,"/Date(1701069814000)/",16500,500,2734300,45839000000,-400,true,-2.37
"CII",142259,"/Date(1701069814000)/",16500,100,2733800,45831000000,-400,true,-2.37
"CII",142259,"/Date(1701069814000)/",16500,100,2733700,45829000000,-400,true,-2.37
"CII",142259,"/Date(1701069814000)/",16500,2000,2733600,45827000000,-400,true,-2.37
"CII",142259,"/Date(1701069814000)/",16500,500,2731600,45794000000,-400,true,-2.37
"CII",142259,"/Date(1701069814000)/",16500,200,2731100,45786000000,-400,true,-2.37
"CII",142259,"/Date(1701069814000)/",16500,300,2730900,45783000000,-400,true,-2.37
"CII",142259,"/Date(1701069814000)/",16500,100,2730600,45778000000,-400,true,-2.37
"CII",142259,"/Date(1701069814000)/",16500,100,2730500,45776000000,-400,true,-2.37
"CII",142259,"/Date(1701069814000)/",16500,1400,2730400,45774000000,-400,true,-2.37
"CII",142259,"/Date(1701069814000)/",16500,200,2729000,45751000000,-400,true,-2.37
"CII",142259,"/Date(1701069814000)/",16500,500,2728800,45748000000,-400,true,-2.37
"CII",142259,"/Date(1701069814000)/",16500,200,2728300,45740000000,-400,true,-2.37
"CII",142259,"/Date(1701069814000)/",16500,500,2728100,45737000000,-400,true,-2.37
"CII",142259,"/Date(1701069814000)/",16500,100,2727600,45728000000,-400,true,-2.37
"CII",142259,"/Date(1701069814000)/",16500,100,2727500,45727000000,-400,true,-2.37
"CII",142259,"/Date(1701069814000)/",16500,100,2727400,45725000000,-400,true,-2.37
"CII",142259,"/Date(1701069814000)/",16500,100,2727300,45723000000,-400,true,-2.37
"CII",142259,"/Date(1701069814000)/",16500,2000,2727200,45722000000,-400,true,-2.37
"CII",142259,"/Date(1701069814000)/",16500,500,2725200,45689000000,-400,true,-2.37
"CII",142259,"/Date(1701069814000)/",16500,200,2724700,45680000000,-400,true,-2.37
"CII",142259,"/Date(1701069814000)/",16500,5000,2724500,45677000000,-400,true,-2.37
"CII",142259,"/Date(1701069814000)/",16500,500,2719500,45595000000,-400,true,-2.37
"CII",142259,"/Date(1701069814000)/",16500,1000,2719000,45586000000,-400,true,-2.37
"CII",142255,"/Date(1701069810000)/",16550,200,2718000,45570000000,-350,false,-2.07
"CII",142255,"/Date(1701069810000)/",16550,200,2717800,45567000000,-350,false,-2.07
"CII",142255,"/Date(1701069810000)/",16550,100,2717600,45563000000,-350,false,-2.07
"CII",142242,"/Date(1701069796000)/",16500,600,2717500,45562000000,-400,true,-2.37
"CII",142239,"/Date(1701069796000)/",16600,100,2716900,45552000000,-300,false,-1.78
"CII",142239,"/Date(1701069796000)/",16600,100,2716800,45550000000,-300,false,-1.78
"CII",142239,"/Date(1701069796000)/",16600,1800,2716700,45548000000,-300,false,-1.78
"CII",142239,"/Date(1701069795000)/",16500,1400,2714900,45518000000,-400,true,-2.37
"CII",142239,"/Date(1701069795000)/",16500,1000,2713500,45495000000,-400,true,-2.37
"CII",142239,"/Date(1701069795000)/",16500,1000,2712500,45479000000,-400,true,-2.37
"CII",142239,"/Date(1701069795000)/",16500,2800,2711500,45462000000,-400,true,-2.37
"CII",142239,"/Date(1701069795000)/",16500,2400,2708700,45416000000,-400,true,-2.37
"CII",142239,"/Date(1701069795000)/",16500,500,2706300,45377000000,-400,true,-2.37
"CII",142239,"/Date(1701069795000)/",16500,2500,2705800,45368000000,-400,true,-2.37
"CII",142239,"/Date(1701069795000)/",16500,100,2703300,45327000000,-400,true,-2.37
"CII",142239,"/Date(1701069795000)/",16500,100,2703200,45325000000,-400,true,-2.37
"CII",142239,"/Date(1701069795000)/",16500,1000,2703100,45324000000,-400,true,-2.37
"CII",142239,"/Date(1701069795000)/",16500,100,2702100,45307000000,-400,true,-2.37
"CII",142239,"/Date(1701069795000)/",16500,200,2702000,45306000000,-400,true,-2.37
"CII",142239,"/Date(1701069795000)/",16500,1000,2701800,45302000000,-400,true,-2.37
"CII",142239,"/Date(1701069795000)/",16500,1000,2700800,45286000000,-400,true,-2.37
"CII",142239,"/Date(1701069795000)/",16500,1000,2699800,45269000000,-400,true,-2.37
"CII",142239,"/Date(1701069795000)/",16500,300,2698800,45253000000,-400,true,-2.37
"CII",142239,"/Date(1701069795000)/",16500,1000,2698500,45248000000,-400,true,-2.37
"CII",142239,"/Date(1701069795000)/",16500,1000,2697500,45231000000,-400,true,-2.37
"CII",142239,"/Date(1701069795000)/",16500,1000,2696500,45215000000,-400,true,-2.37
"CII",142239,"/Date(1701069795000)/",16550,500,2695500,45198000000,-350,true,-2.07
"CII",142239,"/Date(1701069795000)/",16550,6000,2695000,45190000000,-350,true,-2.07
"CII",142239,"/Date(1701069795000)/",16550,100,2689000,45091000000,-350,true,-2.07
"CII",142239,"/Date(1701069795000)/",16550,100,2688900,45089000000,-350,true,-2.07
"CII",142239,"/Date(1701069795000)/",16550,100,2688800,45087000000,-350,true,-2.07
"CII",142239,"/Date(1701069795000)/",16550,100,2688700,45086000000,-350,true,-2.07
"CII",142239,"/Date(1701069795000)/",16550,1500,2688600,45084000000,-350,true,-2.07
"CII",142239,"/Date(1701069795000)/",16550,100,2687100,45059000000,-350,true,-2.07
"CII",142239,"/Date(1701069795000)/",16550,500,2687000,45058000000,-350,true,-2.07
"CII",142239,"/Date(1701069795000)/",16550,2000,2686500,45049000000,-350,true,-2.07
"CII",142239,"/Date(1701069795000)/",16550,5000,2684500,45016000000,-350,true,-2.07
"CII",142239,"/Date(1701069795000)/",16550,500,2679500,44934000000,-350,true,-2.07
"CII",142239,"/Date(1701069795000)/",16550,100,2679000,44925000000,-350,true,-2.07
"CII",142239,"/Date(1701069795000)/",16550,300,2678900,44924000000,-350,true,-2.07
"CII",142239,"/Date(1701069795000)/",16550,10000,2678600,44919000000,-350,true,-2.07
"CII",142239,"/Date(1701069795000)/",16550,100,2668600,44753000000,-350,true,-2.07
"CII",142239,"/Date(1701069795000)/",16550,500,2668500,44752000000,-350,true,-2.07
"CII",142239,"/Date(1701069795000)/",16550,500,2668000,44743000000,-350,true,-2.07
"CII",142239,"/Date(1701069795000)/",16550,200,2667500,44735000000,-350,true,-2.07
"CII",142239,"/Date(1701069795000)/",16550,200,2667300,44732000000,-350,true,-2.07
"CII",142239,"/Date(1701069795000)/",16550,2200,2667100,44728000000,-350,true,-2.07
"CII",142239,"/Date(1701069793000)/",16550,2200,2664900,44692000000,-350,true,-2.07
"CII",142223,"/Date(1701069779000)/",16550,100,2662700,44656000000,-350,true,-2.07
"CII",142220,"/Date(1701069774000)/",16550,500,2662600,44654000000,-350,true,-2.07
"CII",142220,"/Date(1701069774000)/",16550,4500,2662100,44646000000,-350,true,-2.07
"CII",142217,"/Date(1701069771000)/",16550,1000,2657600,44571000000,-350,true,-2.07
"CII",142214,"/Date(1701069767000)/",16550,3000,2656600,44555000000,-350,true,-2.07
"CII",142201,"/Date(1701069755000)/",16550,1000,2653600,44505000000,-350,true,-2.07
"CII",142158,"/Date(1701069753000)/",16550,500,2652600,44488000000,-350,true,-2.07
"CII",142158,"/Date(1701069753000)/",16550,100,2652100,44480000000,-350,true,-2.07
"CII",142158,"/Date(1701069753000)/",16550,500,2652000,44478000000,-350,true,-2.07
"CII",142158,"/Date(1701069753000)/",16550,500,2651500,44470000000,-350,true,-2.07
"CII",142158,"/Date(1701069753000)/",16550,500,2651000,44462000000,-350,true,-2.07
"CII",142158,"/Date(1701069753000)/",16550,200,2650500,44454000000,-350,true,-2.07
"CII",142158,"/Date(1701069753000)/",16550,300,2650300,44450000000,-350,true,-2.07
"CII",142158,"/Date(1701069753000)/",16550,1000,2650000,44445000000,-350,true,-2.07
"CII",142158,"/Date(1701069753000)/",16550,1000,2649000,44429000000,-350,true,-2.07
"CII",142158,"/Date(1701069753000)/",16550,300,2648000,44412000000,-350,true,-2.07
"CII",142158,"/Date(1701069753000)/",16550,1000,2647700,44407000000,-350,true,-2.07
"CII",142158,"/Date(1701069753000)/",16550,300,2646700,44391000000,-350,true,-2.07
"CII",142158,"/Date(1701069753000)/",16550,300,2646400,44386000000,-350,true,-2.07
"CII",142158,"/Date(1701069753000)/",16550,1000,2646100,44381000000,-350,true,-2.07
"CII",142158,"/Date(1701069753000)/",16550,9000,2645100,44364000000,-350,true,-2.07
"CII",142158,"/Date(1701069753000)/",16550,1000,2636100,44215000000,-350,true,-2.07
"CII",142158,"/Date(1701069753000)/",16550,500,2635100,44199000000,-350,true,-2.07
"CII",142158,"/Date(1701069753000)/",16550,100,2634600,44190000000,-350,true,-2.07
"CII",142158,"/Date(1701069753000)/",16550,100,2634500,44189000000,-350,true,-2.07
"CII",142158,"/Date(1701069753000)/",16550,300,2634400,44187000000,-350,true,-2.07
"CII",142158,"/Date(1701069753000)/",16550,500,2634100,44182000000,-350,true,-2.07
"CII",142158,"/Date(1701069753000)/",16550,300,2633600,44174000000,-350,true,-2.07
"CII",142158,"/Date(1701069753000)/",16550,200,2633300,44169000000,-350,true,-2.07
"CII",142158,"/Date(1701069753000)/",16550,400,2633100,44166000000,-350,true,-2.07
"CII",142158,"/Date(1701069753000)/",16550,100,2632700,44159000000,-350,true,-2.07
"CII",142154,"/Date(1701069750000)/",16600,200,2632600,44157000000,-300,false,-1.78
"CII",142148,"/Date(1701069742000)/",16550,500,2632400,44154000000,-350,true,-2.07
"CII",142148,"/Date(1701069742000)/",16550,500,2631900,44146000000,-350,true,-2.07
"CII",142148,"/Date(1701069742000)/",16550,1000,2631400,44138000000,-350,true,-2.07
"CII",142145,"/Date(1701069741000)/",16600,100,2630400,44121000000,-300,false,-1.78
"CII",142145,"/Date(1701069738000)/",16600,100,2630300,44119000000,-300,false,-1.78
"CII",142142,"/Date(1701069736000)/",16600,100,2630200,44118000000,-300,false,-1.78
"CII",142142,"/Date(1701069736000)/",16600,500,2630100,44116000000,-300,false,-1.78
"CII",142142,"/Date(1701069736000)/",16600,700,2629600,44108000000,-300,false,-1.78
"CII",142142,"/Date(1701069736000)/",16600,200,2628900,44096000000,-300,false,-1.78
"CII",142142,"/Date(1701069736000)/",16600,100,2628700,44093000000,-300,false,-1.78
"CII",142142,"/Date(1701069736000)/",16600,400,2628600,44091000000,-300,false,-1.78
"CII",142142,"/Date(1701069736000)/",16600,1000,2628200,44084000000,-300,false,-1.78
"CII",142142,"/Date(1701069736000)/",16600,4800,2627200,44068000000,-300,false,-1.78
"CII",142142,"/Date(1701069735000)/",16650,100,2622400,43988000000,-250,false,-1.48
"CII",142138,"/Date(1701069734000)/",16600,200,2622300,43987000000,-300,true,-1.78
"CII",142138,"/Date(1701069734000)/",16600,3000,2622100,43983000000,-300,true,-1.78
"CII",142138,"/Date(1701069734000)/",16600,100,2619100,43933000000,-300,true,-1.78
"CII",142138,"/Date(1701069734000)/",16600,100,2619000,43932000000,-300,true,-1.78
"CII",142138,"/Date(1701069734000)/",16600,300,2618900,43930000000,-300,true,-1.78
"CII",142138,"/Date(1701069734000)/",16600,1200,2618600,43925000000,-300,true,-1.78
"CII",142138,"/Date(1701069734000)/",16600,100,2617400,43905000000,-300,true,-1.78
"CII",142138,"/Date(1701069734000)/",16600,1000,2617300,43904000000,-300,true,-1.78
"CII",142138,"/Date(1701069734000)/",16600,5000,2616300,43887000000,-300,true,-1.78
"CII",142138,"/Date(1701069734000)/",16600,100,2611300,43804000000,-300,true,-1.78
"CII",142138,"/Date(1701069734000)/",16600,500,2611200,43802000000,-300,true,-1.78
"CII",142138,"/Date(1701069734000)/",16600,1000,2610700,43794000000,-300,true,-1.78
"CII",142138,"/Date(1701069734000)/",16600,1500,2609700,43777000000,-300,true,-1.78
"CII",142138,"/Date(1701069734000)/",16600,100,2608200,43752000000,-300,true,-1.78
"CII",142138,"/Date(1701069734000)/",16600,200,2608100,43751000000,-300,true,-1.78
"CII",142138,"/Date(1701069734000)/",16600,500,2607900,43747000000,-300,true,-1.78
"CII",142138,"/Date(1701069734000)/",16600,100,2607400,43739000000,-300,true,-1.78
"CII",142138,"/Date(1701069734000)/",16600,1000,2607300,43738000000,-300,true,-1.78
"CII",142138,"/Date(1701069734000)/",16600,200,2606300,43721000000,-300,true,-1.78
"CII",142138,"/Date(1701069734000)/",16600,200,2606100,43718000000,-300,true,-1.78
"CII",142138,"/Date(1701069734000)/",16600,200,2605900,43714000000,-300,true,-1.78
"CII",142138,"/Date(1701069734000)/",16600,200,2605700,43711000000,-300,true,-1.78
"CII",142138,"/Date(1701069734000)/",16600,100,2605500,43708000000,-300,true,-1.78
"CII",142138,"/Date(1701069734000)/",16600,1000,2605400,43706000000,-300,true,-1.78
"CII",142138,"/Date(1701069734000)/",16600,500,2604400,43689000000,-300,true,-1.78
"CII",142138,"/Date(1701069734000)/",16600,500,2603900,43681000000,-300,true,-1.78
"CII",142138,"/Date(1701069734000)/",16600,100,2603400,43673000000,-300,true,-1.78
"CII",142138,"/Date(1701069734000)/",16600,500,2603300,43671000000,-300,true,-1.78
"CII",142138,"/Date(1701069734000)/",16600,700,2602800,43663000000,-300,true,-1.78
"CII",142135,"/Date(1701069730000)/",16600,300,2602100,43651000000,-300,true,-1.78
"CII",142135,"/Date(1701069730000)/",16600,500,2601800,43646000000,-300,true,-1.78
"CII",142135,"/Date(1701069730000)/",16600,1200,2601300,43638000000,-300,true,-1.78
"CII",142135,"/Date(1701069729000)/",16600,3800,2600100,43618000000,-300,true,-1.78
"CII",142135,"/Date(1701069729000)/",16600,1700,2596300,43555000000,-300,true,-1.78
"CII",142126,"/Date(1701069722000)/",16600,1000,2594600,43527000000,-300,true,-1.78
"CII",142113,"/Date(1701069709000)/",16650,900,2593600,43510000000,-250,false,-1.48
"CII",142103,"/Date(1701069698000)/",16600,5500,2592700,43495000000,-300,true,-1.78
"CII",142103,"/Date(1701069698000)/",16600,100,2587200,43404000000,-300,true,-1.78
"CII",142103,"/Date(1701069698000)/",16600,2000,2587100,43402000000,-300,true,-1.78
"CII",142103,"/Date(1701069698000)/",16600,500,2585100,43369000000,-300,true,-1.78
"CII",142103,"/Date(1701069698000)/",16600,200,2584600,43361000000,-300,true,-1.78
"CII",142103,"/Date(1701069698000)/",16600,1000,2584400,43357000000,-300,true,-1.78
"CII",142103,"/Date(1701069698000)/",16600,500,2583400,43341000000,-300,true,-1.78
"CII",142103,"/Date(1701069698000)/",16600,100,2582900,43332000000,-300,true,-1.78
"CII",142103,"/Date(1701069698000)/",16600,100,2582800,43331000000,-300,true,-1.78
"CII",142103,"/Date(1701069698000)/",16600,200,2582700,43329000000,-300,true,-1.78
"CII",142103,"/Date(1701069698000)/",16600,100,2582500,43326000000,-300,true,-1.78
"CII",142103,"/Date(1701069698000)/",16600,500,2582400,43324000000,-300,true,-1.78
"CII",142103,"/Date(1701069698000)/",16600,100,2581900,43316000000,-300,true,-1.78
"CII",142103,"/Date(1701069698000)/",16600,100,2581800,43314000000,-300,true,-1.78
"CII",142103,"/Date(1701069698000)/",16600,5000,2581700,43312000000,-300,true,-1.78
"CII",142103,"/Date(1701069698000)/",16600,2000,2576700,43229000000,-300,true,-1.78
"CII",142103,"/Date(1701069698000)/",16600,100,2574700,43196000000,-300,true,-1.78
"CII",142103,"/Date(1701069698000)/",16600,100,2574600,43195000000,-300,true,-1.78
"CII",142103,"/Date(1701069698000)/",16600,3000,2574500,43193000000,-300,true,-1.78
"CII",142103,"/Date(1701069698000)/",16600,1500,2571500,43143000000,-300,true,-1.78
"CII",142103,"/Date(1701069698000)/",16600,200,2570000,43118000000,-300,true,-1.78
"CII",142103,"/Date(1701069698000)/",16600,500,2569800,43115000000,-300,true,-1.78
"CII",142103,"/Date(1701069698000)/",16600,200,2569300,43107000000,-300,true,-1.78
"CII",142103,"/Date(1701069698000)/",16600,300,2569100,43103000000,-300,true,-1.78
"CII",142103,"/Date(1701069698000)/",16600,100,2568800,43098000000,-300,true,-1.78
"CII",142103,"/Date(1701069698000)/",16600,200,2568700,43097000000,-300,true,-1.78
"CII",142103,"/Date(1701069698000)/",16600,500,2568500,43093000000,-300,true,-1.78
"CII",142103,"/Date(1701069698000)/",16600,300,2568000,43085000000,-300,true,-1.78
"CII",142103,"/Date(1701069698000)/",16600,100,2567700,43080000000,-300,true,-1.78
"CII",142103,"/Date(1701069698000)/",16600,500,2567600,43078000000,-300,true,-1.78
"CII",142103,"/Date(1701069698000)/",16600,100,2567100,43070000000,-300,true,-1.78
"CII",142103,"/Date(1701069698000)/",16600,100,2567000,43068000000,-300,true,-1.78
"CII",142103,"/Date(1701069698000)/",16600,100,2566900,43067000000,-300,true,-1.78
"CII",142103,"/Date(1701069698000)/",16600,100,2566800,43065000000,-300,true,-1.78
"CII",142103,"/Date(1701069698000)/",16600,100,2566700,43063000000,-300,true,-1.78
"CII",142103,"/Date(1701069698000)/",16600,300,2566600,43062000000,-300,true,-1.78
"CII",142103,"/Date(1701069698000)/",16600,1000,2566300,43057000000,-300,true,-1.78
"CII",142103,"/Date(1701069698000)/",16600,200,2565300,43040000000,-300,true,-1.78
"CII",142103,"/Date(1701069698000)/",16600,500,2565100,43037000000,-300,true,-1.78
"CII",142103,"/Date(1701069698000)/",16600,500,2564600,43029000000,-300,true,-1.78
"CII",142103,"/Date(1701069698000)/",16600,300,2564100,43020000000,-300,true,-1.78
"CII",142103,"/Date(1701069698000)/",16600,200,2563800,43015000000,-300,true,-1.78
"CII",142103,"/Date(1701069698000)/",16600,1000,2563600,43012000000,-300,true,-1.78
"CII",142103,"/Date(1701069698000)/",16600,100,2562600,42995000000,-300,true,-1.78
"CII",142103,"/Date(1701069698000)/",16600,200,2562500,42994000000,-300,true,-1.78
"CII",142103,"/Date(1701069698000)/",16600,500,2562300,42990000000,-300,true,-1.78
"CII",142103,"/Date(1701069698000)/",16600,400,2561800,42982000000,-300,true,-1.78
"CII",142103,"/Date(1701069698000)/",16600,100,2561400,42976000000,-300,true,-1.78
"CII",142103,"/Date(1701069698000)/",16600,100,2561300,42974000000,-300,true,-1.78
"CII",142103,"/Date(1701069698000)/",16600,100,2561200,42972000000,-300,true,-1.78
"CII",142103,"/Date(1701069698000)/",16600,200,2561100,42971000000,-300,true,-1.78
"CII",142103,"/Date(1701069698000)/",16600,100,2560900,42967000000,-300,true,-1.78
"CII",142103,"/Date(1701069698000)/",16600,1000,2560800,42966000000,-300,true,-1.78
"CII",142103,"/Date(1701069698000)/",16600,100,2559800,42949000000,-300,true,-1.78
"CII",142103,"/Date(1701069698000)/",16600,200,2559700,42947000000,-300,true,-1.78
"CII",142103,"/Date(1701069698000)/",16600,3000,2559500,42944000000,-300,true,-1.78
"CII",142103,"/Date(1701069698000)/",16600,100,2556500,42894000000,-300,true,-1.78
"CII",142103,"/Date(1701069698000)/",16600,1000,2556400,42893000000,-300,true,-1.78
"CII",142103,"/Date(1701069698000)/",16600,1000,2555400,42876000000,-300,true,-1.78
"CII",142103,"/Date(1701069698000)/",16600,100,2554400,42859000000,-300,true,-1.78
"CII",142103,"/Date(1701069698000)/",16650,1000,2554300,42858000000,-250,true,-1.48
"CII",142103,"/Date(1701069698000)/",16650,400,2553300,42841000000,-250,true,-1.48
"CII",142103,"/Date(1701069698000)/",16650,1000,2552900,42834000000,-250,true,-1.48
"CII",142103,"/Date(1701069698000)/",16650,100,2551900,42818000000,-250,true,-1.48
"CII",142103,"/Date(1701069698000)/",16650,300,2551800,42816000000,-250,true,-1.48
"CII",142103,"/Date(1701069698000)/",16650,500,2551500,42811000000,-250,true,-1.48
"CII",142103,"/Date(1701069698000)/",16650,1000,2551000,42803000000,-250,true,-1.48
"CII",142103,"/Date(1701069698000)/",16650,100,2550000,42786000000,-250,true,-1.48
"CII",142103,"/Date(1701069698000)/",16650,5000,2549900,42784000000,-250,true,-1.48
"CII",142103,"/Date(1701069698000)/",16650,1300,2544900,42701000000,-250,true,-1.48
"CII",142103,"/Date(1701069698000)/",16650,2000,2543600,42680000000,-250,true,-1.48
"CII",142103,"/Date(1701069698000)/",16650,3000,2541600,42646000000,-250,true,-1.48
"CII",142103,"/Date(1701069698000)/",16650,500,2538600,42596000000,-250,true,-1.48
"CII",142103,"/Date(1701069698000)/",16650,200,2538100,42588000000,-250,true,-1.48
"CII",142103,"/Date(1701069698000)/",16650,500,2537900,42585000000,-250,true,-1.48
"CII",142103,"/Date(1701069698000)/",16650,500,2537400,42576000000,-250,true,-1.48
"CII",142103,"/Date(1701069698000)/",16650,800,2536900,42568000000,-250,true,-1.48
"CII",142103,"/Date(1701069698000)/",16650,13400,2536100,42555000000,-250,true,-1.48
"CII",142103,"/Date(1701069697000)/",16650,500,2522700,42332000000,-250,true,-1.48
"CII",142054,"/Date(1701069690000)/",16700,200,2522200,42323000000,-200,false,-1.18
"CII",142054,"/Date(1701069690000)/",16700,1600,2522000,42320000000,-200,false,-1.18
"CII",142047,"/Date(1701069683000)/",16650,3200,2520400,42293000000,-250,true,-1.48
"CII",142047,"/Date(1701069682000)/",16650,2000,2517200,42240000000,-250,true,-1.48
"CII",142044,"/Date(1701069678000)/",16650,900,2515200,42207000000,-250,true,-1.48
"CII",142044,"/Date(1701069678000)/",16650,100,2514300,42192000000,-250,true,-1.48
"CII",142044,"/Date(1701069678000)/",16650,100,2514200,42190000000,-250,true,-1.48
"CII",142044,"/Date(1701069678000)/",16650,100,2514100,42188000000,-250,true,-1.48
"CII",142044,"/Date(1701069678000)/",16650,600,2514000,42187000000,-250,true,-1.48
"CII",142041,"/Date(1701069675000)/",16650,4400,2513400,42177000000,-250,true,-1.48
"CII",142041,"/Date(1701069675000)/",16650,500,2509000,42103000000,-250,true,-1.48
"CII",142041,"/Date(1701069675000)/",16650,800,2508500,42095000000,-250,true,-1.48
"CII",142041,"/Date(1701069675000)/",16650,300,2507700,42082000000,-250,true,-1.48
"CII",142035,"/Date(1701069671000)/",16700,100,2507400,42077000000,-200,true,-1.18
"CII",142035,"/Date(1701069671000)/",16700,100,2507300,42075000000,-200,true,-1.18
"CII",142035,"/Date(1701069671000)/",16700,400,2507200,42073000000,-200,true,-1.18
"CII",142035,"/Date(1701069671000)/",16700,100,2506800,42067000000,-200,true,-1.18
"CII",142035,"/Date(1701069671000)/",16700,100,2506700,42065000000,-200,true,-1.18
"CII",142035,"/Date(1701069671000)/",16700,300,2506600,42063000000,-200,true,-1.18
"CII",142035,"/Date(1701069671000)/",16700,3000,2506300,42058000000,-200,true,-1.18
"CII",142035,"/Date(1701069671000)/",16700,300,2503300,42008000000,-200,true,-1.18
"CII",142035,"/Date(1701069671000)/",16700,1000,2503000,42003000000,-200,true,-1.18
"CII",142035,"/Date(1701069671000)/",16700,100,2502000,41987000000,-200,true,-1.18
"CII",142035,"/Date(1701069671000)/",16700,100,2501900,41985000000,-200,true,-1.18
"CII",142035,"/Date(1701069671000)/",16700,500,2501800,41983000000,-200,true,-1.18
"CII",142035,"/Date(1701069671000)/",16700,600,2501300,41975000000,-200,true,-1.18
"CII",142031,"/Date(1701069666000)/",16700,1000,2500700,41965000000,-200,true,-1.18
"CII",142031,"/Date(1701069666000)/",16700,200,2499700,41948000000,-200,true,-1.18
"CII",142028,"/Date(1701069665000)/",16700,100,2499500,41945000000,-200,true,-1.18
"CII",142022,"/Date(1701069657000)/",16700,1100,2499400,41943000000,-200,true,-1.18
"CII",142022,"/Date(1701069657000)/",16700,2900,2498300,41925000000,-200,true,-1.18
"CII",142022,"/Date(1701069656000)/",16700,2000,2495400,41876000000,-200,true,-1.18
"CII",142009,"/Date(1701069645000)/",16700,4000,2493400,41843000000,-200,true,-1.18
"CII",142002,"/Date(1701069636000)/",16700,1500,2489400,41776000000,-200,true,-1.18
"CII",141956,"/Date(1701069631000)/",16700,800,2487900,41751000000,-200,true,-1.18
"CII",141956,"/Date(1701069631000)/",16700,100,2487100,41738000000,-200,true,-1.18
"CII",141956,"/Date(1701069631000)/",16700,1000,2487000,41736000000,-200,true,-1.18
"CII",141956,"/Date(1701069631000)/",16700,100,2486000,41719000000,-200,true,-1.18
"CII",141950,"/Date(1701069624000)/",16750,100,2485900,41718000000,-150,false,-0.89
"CII",141937,"/Date(1701069612000)/",16750,1000,2485800,41716000000,-150,false,-0.89
"CII",141921,"/Date(1701069596000)/",16750,500,2484800,41699000000,-150,false,-0.89
"CII",141918,"/Date(1701069594000)/",16750,300,2484300,41691000000,-150,false,-0.89
"CII",141902,"/Date(1701069578000)/",16750,100,2484000,41686000000,-150,false,-0.89
"CII",141902,"/Date(1701069577000)/",16750,100,2483900,41684000000,-150,false,-0.89
"CII",141833,"/Date(1701069548000)/",16750,200,2483800,41682000000,-150,false,-0.89
"CII",141804,"/Date(1701069520000)/",16750,600,2483600,41679000000,-150,false,-0.89
"CII",141804,"/Date(1701069519000)/",16750,400,2483000,41669000000,-150,false,-0.89
"CII",141751,"/Date(1701069507000)/",16750,300,2482600,41662000000,-150,false,-0.89
"CII",141745,"/Date(1701069500000)/",16750,2000,2482300,41657000000,-150,false,-0.89
"CII",141745,"/Date(1701069499000)/",16700,200,2480300,41624000000,-200,true,-1.18
"CII",141739,"/Date(1701069493000)/",16750,300,2480100,41620000000,-150,false,-0.89
"CII",141720,"/Date(1701069474000)/",16700,800,2479800,41615000000,-200,true,-1.18
"CII",141638,"/Date(1701069433000)/",16700,100,2479000,41602000000,-200,true,-1.18
"CII",141609,"/Date(1701069405000)/",16700,100,2478900,41600000000,-200,true,-1.18
"CII",141600,"/Date(1701069395000)/",16700,100,2478800,41599000000,-200,true,-1.18
"CII",141547,"/Date(1701069381000)/",16750,200,2478700,41597000000,-150,false,-0.89
"CII",141528,"/Date(1701069361000)/",16700,2900,2478500,41594000000,-200,true,-1.18
"CII",141528,"/Date(1701069361000)/",16700,500,2475600,41545000000,-200,true,-1.18
"CII",141512,"/Date(1701069346000)/",16700,500,2475100,41537000000,-200,true,-1.18
"CII",141446,"/Date(1701069321000)/",16700,100,2474600,41529000000,-200,false,-1.18
"CII",141446,"/Date(1701069321000)/",16700,100,2474500,41527000000,-200,false,-1.18
"CII",141446,"/Date(1701069321000)/",16700,300,2474400,41525000000,-200,false,-1.18
"CII",141437,"/Date(1701069313000)/",16700,100,2474100,41520000000,-200,false,-1.18
"CII",141421,"/Date(1701069296000)/",16700,900,2474000,41519000000,-200,false,-1.18
"CII",141418,"/Date(1701069293000)/",16700,500,2473100,41504000000,-200,false,-1.18
"CII",141408,"/Date(1701069281000)/",16700,3200,2472600,41495000000,-200,false,-1.18
"CII",141408,"/Date(1701069281000)/",16700,3000,2469400,41442000000,-200,false,-1.18
"CII",141408,"/Date(1701069281000)/",16700,2000,2466400,41392000000,-200,false,-1.18
"CII",141408,"/Date(1701069281000)/",16700,400,2464400,41358000000,-200,false,-1.18
"CII",141405,"/Date(1701069279000)/",16650,500,2464000,41352000000,-250,true,-1.48
"CII",141405,"/Date(1701069279000)/",16650,500,2463500,41343000000,-250,true,-1.48
"CII",141355,"/Date(1701069271000)/",16650,300,2463000,41335000000,-250,true,-1.48
"CII",141355,"/Date(1701069271000)/",16650,700,2462700,41330000000,-250,true,-1.48
"CII",141352,"/Date(1701069266000)/",16650,300,2462000,41318000000,-250,true,-1.48
"CII",141352,"/Date(1701069266000)/",16650,200,2461700,41313000000,-250,true,-1.48
"CII",141352,"/Date(1701069266000)/",16650,100,2461500,41310000000,-250,true,-1.48
"CII",141352,"/Date(1701069266000)/",16650,200,2461400,41308000000,-250,true,-1.48
"CII",141352,"/Date(1701069266000)/",16650,1000,2461200,41305000000,-250,true,-1.48
"CII",141352,"/Date(1701069266000)/",16650,200,2460200,41288000000,-250,true,-1.48
"CII",141343,"/Date(1701069258000)/",16650,400,2460000,41285000000,-250,true,-1.48
"CII",141330,"/Date(1701069245000)/",16650,1400,2459600,41278000000,-250,true,-1.48
"CII",141330,"/Date(1701069245000)/",16650,500,2458200,41255000000,-250,true,-1.48
"CII",141330,"/Date(1701069245000)/",16650,1000,2457700,41247000000,-250,true,-1.48
"CII",141330,"/Date(1701069245000)/",16650,100,2456700,41230000000,-250,true,-1.48
"CII",141324,"/Date(1701069236000)/",16650,300,2456600,41228000000,-250,true,-1.48
"CII",141324,"/Date(1701069236000)/",16650,200,2456300,41223000000,-250,true,-1.48
"CII",141324,"/Date(1701069236000)/",16650,900,2456100,41220000000,-250,true,-1.48
"CII",141324,"/Date(1701069236000)/",16650,200,2455200,41205000000,-250,true,-1.48
"CII",141324,"/Date(1701069236000)/",16650,400,2455000,41202000000,-250,true,-1.48
"CII",141324,"/Date(1701069236000)/",16650,8000,2454600,41195000000,-250,true,-1.48
"CII",141311,"/Date(1701069226000)/",16650,6000,2446600,41062000000,-250,true,-1.48
"CII",141311,"/Date(1701069226000)/",16650,1000,2440600,40962000000,-250,true,-1.48
"CII",141242,"/Date(1701069197000)/",16650,2000,2439600,40945000000,-250,true,-1.48
"CII",141239,"/Date(1701069193000)/",16700,200,2437600,40912000000,-200,false,-1.18
"CII",141239,"/Date(1701069193000)/",16700,500,2437400,40909000000,-200,false,-1.18
"CII",141239,"/Date(1701069192000)/",16700,200,2436900,40900000000,-200,false,-1.18
"CII",141223,"/Date(1701069178000)/",16700,200,2436700,40897000000,-200,false,-1.18
"CII",141223,"/Date(1701069178000)/",16700,200,2436500,40894000000,-200,false,-1.18
"CII",141223,"/Date(1701069178000)/",16700,100,2436300,40890000000,-200,false,-1.18
"CII",141223,"/Date(1701069178000)/",16700,1000,2436200,40889000000,-200,false,-1.18
"CII",141223,"/Date(1701069178000)/",16700,1500,2435200,40872000000,-200,false,-1.18
"CII",141220,"/Date(1701069174000)/",16700,3500,2433700,40847000000,-200,true,-1.18
"CII",141220,"/Date(1701069174000)/",16700,2000,2430200,40788000000,-200,true,-1.18
"CII",141220,"/Date(1701069174000)/",16700,2500,2428200,40755000000,-200,true,-1.18
"CII",141220,"/Date(1701069174000)/",16700,2000,2425700,40713000000,-200,true,-1.18
"CII",141213,"/Date(1701069168000)/",16700,100,2423700,40680000000,-200,true,-1.18
"CII",141210,"/Date(1701069164000)/",16700,800,2423600,40678000000,-200,true,-1.18
"CII",141207,"/Date(1701069162000)/",16700,100,2422800,40665000000,-200,true,-1.18
"CII",141207,"/Date(1701069160000)/",16700,9000,2422700,40663000000,-200,true,-1.18
"CII",141207,"/Date(1701069160000)/",16700,5000,2413700,40513000000,-200,true,-1.18
"CII",141207,"/Date(1701069160000)/",16700,1000,2408700,40429000000,-200,true,-1.18
"CII",141207,"/Date(1701069160000)/",16700,5000,2407700,40413000000,-200,true,-1.18
"CII",141201,"/Date(1701069156000)/",16750,500,2402700,40329000000,-150,false,-0.89
"CII",141201,"/Date(1701069154000)/",16700,500,2402200,40321000000,-200,true,-1.18
"CII",141201,"/Date(1701069154000)/",16700,500,2401700,40312000000,-200,true,-1.18
"CII",141154,"/Date(1701069147000)/",16700,1000,2401200,40304000000,-200,true,-1.18
"CII",141154,"/Date(1701069147000)/",16700,500,2400200,40287000000,-200,true,-1.18
"CII",141148,"/Date(1701069142000)/",16750,1100,2399700,40279000000,-150,false,-0.89
"CII",141148,"/Date(1701069142000)/",16750,900,2398600,40261000000,-150,false,-0.89
"CII",141145,"/Date(1701069140000)/",16700,100,2397700,40246000000,-200,true,-1.18
"CII",141113,"/Date(1701069106000)/",16700,500,2397600,40244000000,-200,true,-1.18
"CII",141057,"/Date(1701069092000)/",16700,2400,2397100,40236000000,-200,true,-1.18
"CII",141057,"/Date(1701069092000)/",16700,2600,2394700,40195000000,-200,true,-1.18
"CII",141054,"/Date(1701069087000)/",16750,100,2392100,40152000000,-150,false,-0.89
"CII",141054,"/Date(1701069087000)/",16750,800,2392000,40150000000,-150,false,-0.89
"CII",141054,"/Date(1701069086000)/",16700,1000,2391200,40137000000,-200,true,-1.18
"CII",141050,"/Date(1701069086000)/",16700,400,2390200,40120000000,-200,true,-1.18
"CII",141044,"/Date(1701069079000)/",16750,100,2389800,40114000000,-150,false,-0.89
"CII",141003,"/Date(1701069036000)/",16750,3100,2389700,40112000000,-150,false,-0.89
"CII",141003,"/Date(1701069036000)/",16750,6900,2386600,40060000000,-150,false,-0.89
"CII",140937,"/Date(1701069011000)/",16750,100,2379700,39944000000,-150,true,-0.89
"CII",140937,"/Date(1701069011000)/",16750,300,2379600,39943000000,-150,true,-0.89
"CII",140937,"/Date(1701069011000)/",16750,2700,2379300,39938000000,-150,true,-0.89
"CII",140934,"/Date(1701069008000)/",16750,1000,2376600,39893000000,-150,true,-0.89
"CII",140934,"/Date(1701069007000)/",16750,6300,2375600,39876000000,-150,true,-0.89
"CII",140934,"/Date(1701069007000)/",16750,3700,2369300,39770000000,-150,true,-0.89
"CII",140931,"/Date(1701069006000)/",16750,300,2365600,39708000000,-150,true,-0.89
"CII",140931,"/Date(1701069006000)/",16750,100,2365300,39703000000,-150,true,-0.89
"CII",140931,"/Date(1701069006000)/",16750,400,2365200,39702000000,-150,true,-0.89
"CII",140931,"/Date(1701069006000)/",16750,200,2364800,39695000000,-150,true,-0.89
"CII",140921,"/Date(1701068994000)/",16750,100,2364600,39692000000,-150,true,-0.89
"CII",140921,"/Date(1701068994000)/",16750,100,2364500,39690000000,-150,true,-0.89
"CII",140918,"/Date(1701068991000)/",16800,100,2364400,39688000000,-100,false,-0.59
"CII",140908,"/Date(1701068982000)/",16750,100,2364300,39686000000,-150,true,-0.89
"CII",140908,"/Date(1701068982000)/",16750,200,2364200,39685000000,-150,true,-0.89
"CII",140908,"/Date(1701068982000)/",16750,5000,2364000,39681000000,-150,true,-0.89
"CII",140908,"/Date(1701068982000)/",16750,4700,2359000,39598000000,-150,true,-0.89
"CII",140852,"/Date(1701068965000)/",16750,1000,2354300,39519000000,-150,true,-0.89
"CII",140830,"/Date(1701068944000)/",16800,400,2353300,39502000000,-100,false,-0.59
"CII",140758,"/Date(1701068913000)/",16800,500,2352900,39496000000,-100,false,-0.59
"CII",140758,"/Date(1701068913000)/",16800,500,2352400,39487000000,-100,false,-0.59
"CII",140755,"/Date(1701068908000)/",16800,600,2351900,39479000000,-100,false,-0.59
"CII",140755,"/Date(1701068908000)/",16800,600,2351300,39469000000,-100,false,-0.59
"CII",140755,"/Date(1701068908000)/",16800,5000,2350700,39459000000,-100,false,-0.59
"CII",140755,"/Date(1701068908000)/",16800,2000,2345700,39375000000,-100,false,-0.59
"CII",140755,"/Date(1701068908000)/",16800,500,2343700,39341000000,-100,false,-0.59
"CII",140755,"/Date(1701068908000)/",16800,1300,2343200,39333000000,-100,false,-0.59
"CII",140752,"/Date(1701068904000)/",16800,700,2341900,39311000000,-100,false,-0.59
"CII",140752,"/Date(1701068904000)/",16800,400,2341200,39299000000,-100,false,-0.59
"CII",140748,"/Date(1701068901000)/",16800,100,2340800,39292000000,-100,false,-0.59
"CII",140735,"/Date(1701068890000)/",16800,500,2340700,39291000000,-100,false,-0.59
"CII",140719,"/Date(1701068874000)/",16800,1000,2340200,39282000000,-100,false,-0.59
"CII",140719,"/Date(1701068872000)/",16800,200,2339200,39265000000,-100,false,-0.59
"CII",140625,"/Date(1701068819000)/",16800,100,2339000,39262000000,-100,false,-0.59
"CII",140625,"/Date(1701068819000)/",16800,100,2338900,39260000000,-100,false,-0.59
"CII",140625,"/Date(1701068819000)/",16800,400,2338800,39259000000,-100,false,-0.59
"CII",140625,"/Date(1701068819000)/",16800,4500,2338400,39252000000,-100,false,-0.59
"CII",140625,"/Date(1701068819000)/",16800,100,2333900,39176000000,-100,false,-0.59
"CII",140625,"/Date(1701068819000)/",16800,1000,2333800,39175000000,-100,false,-0.59
"CII",140625,"/Date(1701068819000)/",16800,1000,2332800,39158000000,-100,false,-0.59
"CII",140625,"/Date(1701068819000)/",16800,10600,2331800,39141000000,-100,false,-0.59
"CII",140603,"/Date(1701068797000)/",16850,100,2321200,38963000000,-50,false,-0.3
"CII",140550,"/Date(1701068782000)/",16850,5000,2321100,38961000000,-50,false,-0.3
"CII",140547,"/Date(1701068780000)/",16800,1000,2316100,38877000000,-100,true,-0.59
"CII",140534,"/Date(1701068767000)/",16800,300,2315100,38860000000,-100,true,-0.59
"CII",140518,"/Date(1701068750000)/",16800,200,2314800,38855000000,-100,true,-0.59
"CII",140512,"/Date(1701068745000)/",16800,100,2314600,38852000000,-100,true,-0.59
"CII",140505,"/Date(1701068737000)/",16800,100,2314500,38850000000,-100,false,-0.59
"CII",140459,"/Date(1701068731000)/",16800,200,2314400,38848000000,-100,false,-0.59
"CII",140456,"/Date(1701068731000)/",16800,500,2314200,38845000000,-100,false,-0.59
"CII",140446,"/Date(1701068719000)/",16800,100,2313700,38837000000,-100,false,-0.59
"CII",140446,"/Date(1701068719000)/",16800,100,2313600,38835000000,-100,false,-0.59
"CII",140440,"/Date(1701068712000)/",16800,100,2313500,38833000000,-100,false,-0.59
"CII",140436,"/Date(1701068711000)/",16800,100,2313400,38832000000,-100,false,-0.59
"CII",140433,"/Date(1701068706000)/",16800,500,2313300,38830000000,-100,false,-0.59
"CII",140433,"/Date(1701068705000)/",16800,10000,2312800,38822000000,-100,false,-0.59
"CII",140424,"/Date(1701068696000)/",16800,3000,2302800,38654000000,-100,false,-0.59
"CII",140405,"/Date(1701068677000)/",16800,400,2299800,38603000000,-100,true,-0.59
"CII",140405,"/Date(1701068677000)/",16800,1000,2299400,38596000000,-100,true,-0.59
"CII",140405,"/Date(1701068677000)/",16800,100,2298400,38580000000,-100,true,-0.59
"CII",140405,"/Date(1701068677000)/",16800,100,2298300,38578000000,-100,true,-0.59
"CII",140405,"/Date(1701068677000)/",16800,2000,2298200,38576000000,-100,true,-0.59
"CII",140405,"/Date(1701068677000)/",16800,100,2296200,38543000000,-100,true,-0.59
"CII",140405,"/Date(1701068677000)/",16800,1000,2296100,38541000000,-100,true,-0.59
"CII",140405,"/Date(1701068677000)/",16800,1500,2295100,38524000000,-100,true,-0.59
"CII",140358,"/Date(1701068673000)/",16800,4500,2293600,38499000000,-100,true,-0.59
"CII",140358,"/Date(1701068673000)/",16800,100,2289100,38423000000,-100,true,-0.59
"CII",140358,"/Date(1701068673000)/",16800,100,2289000,38422000000,-100,true,-0.59
"CII",140358,"/Date(1701068673000)/",16800,100,2288900,38420000000,-100,true,-0.59
"CII",140358,"/Date(1701068673000)/",16800,100,2288800,38418000000,-100,true,-0.59
"CII",140358,"/Date(1701068673000)/",16800,500,2288700,38417000000,-100,true,-0.59
"CII",140358,"/Date(1701068673000)/",16800,1600,2288200,38408000000,-100,true,-0.59
"CII",140342,"/Date(1701068656000)/",16800,300,2286600,38381000000,-100,true,-0.59
"CII",140336,"/Date(1701068648000)/",16800,5000,2286300,38376000000,-100,true,-0.59
"CII",140317,"/Date(1701068630000)/",16800,10000,2281300,38292000000,-100,true,-0.59
"CII",140257,"/Date(1701068611000)/",16800,600,2271300,38124000000,-100,true,-0.59
"CII",140251,"/Date(1701068606000)/",16850,800,2270700,38114000000,-50,false,-0.3
"CII",140251,"/Date(1701068605000)/",16850,500,2269900,38101000000,-50,false,-0.3
"CII",140245,"/Date(1701068599000)/",16850,100,2269400,38092000000,-50,false,-0.3
"CII",140241,"/Date(1701068596000)/",16850,1000,2269300,38091000000,-50,false,-0.3
"CII",140226,"/Date(1701068580000)/",16850,400,2268300,38074000000,-50,false,-0.3
"CII",140213,"/Date(1701068567000)/",16850,10000,2267900,38067000000,-50,false,-0.3
"CII",140147,"/Date(1701068541000)/",16850,1000,2257900,37899000000,-50,false,-0.3
"CII",140141,"/Date(1701068535000)/",16850,200,2256900,37882000000,-50,false,-0.3
"CII",140141,"/Date(1701068533000)/",16800,23500,2256700,37878000000,-100,true,-0.59
"CII",140141,"/Date(1701068533000)/",16800,100,2233200,37484000000,-100,true,-0.59
"CII",140141,"/Date(1701068533000)/",16800,300,2233100,37482000000,-100,true,-0.59
"CII",140141,"/Date(1701068533000)/",16800,600,2232800,37477000000,-100,true,-0.59
"CII",140141,"/Date(1701068533000)/",16800,5500,2232200,37467000000,-100,true,-0.59
"CII",140137,"/Date(1701068530000)/",16850,200,2226700,37374000000,-50,false,-0.3
"CII",140040,"/Date(1701068474000)/",16850,100,2226500,37371000000,-50,false,-0.3
"CII",140030,"/Date(1701068465000)/",16850,100,2226400,37369000000,-50,false,-0.3
"CII",140024,"/Date(1701068457000)/",16850,400,2226300,37368000000,-50,false,-0.3
"CII",140021,"/Date(1701068455000)/",16850,200,2225900,37361000000,-50,false,-0.3
"CII",135955,"/Date(1701068429000)/",16800,300,2225700,37358000000,-100,true,-0.59
"CII",135952,"/Date(1701068421000)/",16800,100,2225400,37353000000,-100,true,-0.59
"CII",135943,"/Date(1701068417000)/",16800,100,2225300,37351000000,-100,true,-0.59
"CII",135930,"/Date(1701068404000)/",16800,200,2225200,37349000000,-100,true,-0.59
"CII",135930,"/Date(1701068402000)/",16800,500,2225000,37346000000,-100,true,-0.59
"CII",135927,"/Date(1701068399000)/",16800,500,2224500,37337000000,-100,true,-0.59
"CII",135927,"/Date(1701068399000)/",16800,2800,2224000,37329000000,-100,true,-0.59
"CII",135914,"/Date(1701068386000)/",16800,3000,2221200,37282000000,-100,false,-0.59
"CII",135911,"/Date(1701068382000)/",16800,100,2218200,37232000000,-100,false,-0.59
"CII",135907,"/Date(1701068379000)/",16800,100,2218100,37230000000,-100,false,-0.59
"CII",135851,"/Date(1701068365000)/",16800,100,2218000,37228000000,-100,false,-0.59
"CII",135851,"/Date(1701068364000)/",16800,300,2217900,37227000000,-100,false,-0.59
"CII",135845,"/Date(1701068359000)/",16800,200,2217600,37221000000,-100,false,-0.59
"CII",135832,"/Date(1701068346000)/",16800,1000,2217400,37218000000,-100,true,-0.59
"CII",135832,"/Date(1701068345000)/",16800,400,2216400,37201000000,-100,true,-0.59
"CII",135832,"/Date(1701068345000)/",16800,1500,2216000,37195000000,-100,true,-0.59
"CII",135832,"/Date(1701068345000)/",16800,500,2214500,37169000000,-100,true,-0.59
"CII",135820,"/Date(1701068334000)/",16800,4400,2214000,37161000000,-100,true,-0.59
"CII",135820,"/Date(1701068334000)/",16800,600,2209600,37087000000,-100,true,-0.59
"CII",135813,"/Date(1701068327000)/",16850,1300,2209000,37077000000,-50,false,-0.3
"CII",135813,"/Date(1701068327000)/",16850,300,2207700,37055000000,-50,false,-0.3
"CII",135813,"/Date(1701068325000)/",16850,100,2207400,37050000000,-50,false,-0.3
"CII",135807,"/Date(1701068321000)/",16850,900,2207300,37048000000,-50,false,-0.3
"CII",135803,"/Date(1701068317000)/",16850,2800,2206400,37033000000,-50,false,-0.3
"CII",135803,"/Date(1701068316000)/",16850,200,2203600,36986000000,-50,false,-0.3
"CII",135754,"/Date(1701068308000)/",16850,500,2203400,36983000000,-50,false,-0.3
"CII",135738,"/Date(1701068291000)/",16800,3000,2202900,36974000000,-100,true,-0.59
"CII",135735,"/Date(1701068288000)/",16800,5000,2199900,36924000000,-100,true,-0.59
"CII",135728,"/Date(1701068280000)/",16800,100,2194900,36840000000,-100,true,-0.59
"CII",135644,"/Date(1701068237000)/",16800,600,2194800,36838000000,-100,true,-0.59
"CII",135644,"/Date(1701068237000)/",16800,600,2194200,36828000000,-100,true,-0.59
"CII",135644,"/Date(1701068237000)/",16800,400,2193600,36818000000,-100,true,-0.59
"CII",135644,"/Date(1701068237000)/",16800,1900,2193200,36811000000,-100,true,-0.59
"CII",135644,"/Date(1701068237000)/",16800,3000,2191300,36779000000,-100,true,-0.59
"CII",135644,"/Date(1701068237000)/",16800,10000,2188300,36729000000,-100,true,-0.59
"CII",135644,"/Date(1701068237000)/",16800,200,2178300,36561000000,-100,true,-0.59
"CII",135644,"/Date(1701068237000)/",16800,1000,2178100,36558000000,-100,true,-0.59
"CII",135644,"/Date(1701068237000)/",16800,5000,2177100,36541000000,-100,true,-0.59
"CII",135644,"/Date(1701068237000)/",16800,100,2172100,36457000000,-100,true,-0.59
"CII",135644,"/Date(1701068237000)/",16800,18500,2172000,36455000000,-100,true,-0.59
"CII",135602,"/Date(1701068196000)/",16750,1300,2153500,36144000000,-150,true,-0.89
"CII",135559,"/Date(1701068193000)/",16750,1700,2152200,36123000000,-150,true,-0.89
"CII",135540,"/Date(1701068171000)/",16750,300,2150500,36094000000,-150,false,-0.89
"CII",135540,"/Date(1701068171000)/",16750,3000,2150200,36089000000,-150,false,-0.89
"CII",135540,"/Date(1701068171000)/",16750,6400,2147200,36039000000,-150,false,-0.89
"CII",135540,"/Date(1701068171000)/",16750,5000,2140800,35932000000,-150,false,-0.89
"CII",135540,"/Date(1701068171000)/",16750,5000,2135800,35848000000,-150,false,-0.89
"CII",135540,"/Date(1701068171000)/",16750,1600,2130800,35764000000,-150,false,-0.89
"CII",135534,"/Date(1701068165000)/",16700,800,2129200,35737000000,-200,true,-1.18
"CII",135351,"/Date(1701068064000)/",16700,100,2128400,35724000000,-200,false,-1.18
"CII",135339,"/Date(1701068051000)/",16700,100,2128300,35722000000,-200,false,-1.18
"CII",135339,"/Date(1701068051000)/",16700,200,2128200,35721000000,-200,false,-1.18
"CII",135335,"/Date(1701068046000)/",16700,100,2128000,35717000000,-200,true,-1.18
"CII",135335,"/Date(1701068046000)/",16700,3200,2127900,35716000000,-200,true,-1.18
"CII",135323,"/Date(1701068037000)/",16700,500,2124700,35662000000,-200,true,-1.18
"CII",135319,"/Date(1701068032000)/",16700,500,2124200,35654000000,-200,true,-1.18
"CII",135316,"/Date(1701068030000)/",16700,700,2123700,35645000000,-200,false,-1.18
"CII",135316,"/Date(1701068030000)/",16700,700,2123000,35634000000,-200,false,-1.18
"CII",135316,"/Date(1701068030000)/",16700,4000,2122300,35622000000,-200,false,-1.18
"CII",135316,"/Date(1701068030000)/",16700,500,2118300,35555000000,-200,false,-1.18
"CII",135316,"/Date(1701068030000)/",16700,5000,2117800,35547000000,-200,false,-1.18
"CII",135316,"/Date(1701068030000)/",16700,700,2112800,35463000000,-200,false,-1.18
"CII",135316,"/Date(1701068030000)/",16700,4200,2112100,35452000000,-200,false,-1.18
"CII",135206,"/Date(1701067959000)/",16650,400,2107900,35382000000,-250,true,-1.48
"CII",135157,"/Date(1701067948000)/",16650,100,2107500,35375000000,-250,true,-1.48
"CII",135121,"/Date(1701067915000)/",16700,100,2107400,35373000000,-200,false,-1.18
"CII",135121,"/Date(1701067915000)/",16700,700,2107300,35372000000,-200,false,-1.18
"CII",135115,"/Date(1701067906000)/",16700,300,2106600,35360000000,-200,true,-1.18
"CII",135050,"/Date(1701067882000)/",16700,200,2106300,35355000000,-200,true,-1.18
"CII",135046,"/Date(1701067878000)/",16700,500,2106100,35352000000,-200,true,-1.18
"CII",135043,"/Date(1701067876000)/",16700,2500,2105600,35343000000,-200,true,-1.18
"CII",135043,"/Date(1701067875000)/",16700,200,2103100,35301000000,-200,true,-1.18
"CII",135030,"/Date(1701067864000)/",16700,2000,2102900,35298000000,-200,true,-1.18
"CII",135027,"/Date(1701067859000)/",16700,6600,2100900,35265000000,-200,true,-1.18
"CII",135027,"/Date(1701067859000)/",16700,100,2094300,35154000000,-200,true,-1.18
"CII",135027,"/Date(1701067859000)/",16700,4900,2094200,35153000000,-200,true,-1.18
"CII",135027,"/Date(1701067859000)/",16700,8400,2089300,35071000000,-200,true,-1.18
"CII",135021,"/Date(1701067853000)/",16700,100,2080900,34931000000,-200,true,-1.18
"CII",134955,"/Date(1701067827000)/",16700,1000,2080800,34929000000,-200,true,-1.18
"CII",134952,"/Date(1701067825000)/",16700,500,2079800,34912000000,-200,true,-1.18
"CII",134952,"/Date(1701067825000)/",16700,600,2079300,34904000000,-200,true,-1.18
"CII",134952,"/Date(1701067825000)/",16700,900,2078700,34894000000,-200,true,-1.18
"CII",134942,"/Date(1701067814000)/",16700,1100,2077800,34879000000,-200,true,-1.18
"CII",134942,"/Date(1701067814000)/",16700,100,2076700,34861000000,-200,true,-1.18
"CII",134942,"/Date(1701067814000)/",16700,8800,2076600,34859000000,-200,true,-1.18
"CII",134933,"/Date(1701067805000)/",16700,2000,2067800,34712000000,-200,true,-1.18
"CII",134920,"/Date(1701067792000)/",16700,100,2065800,34678000000,-200,true,-1.18
"CII",134920,"/Date(1701067792000)/",16700,500,2065700,34677000000,-200,true,-1.18
"CII",134917,"/Date(1701067789000)/",16700,200,2065200,34668000000,-200,true,-1.18
"CII",134858,"/Date(1701067771000)/",16700,500,2065000,34665000000,-200,true,-1.18
"CII",134845,"/Date(1701067756000)/",16700,100,2064500,34657000000,-200,true,-1.18
"CII",134842,"/Date(1701067755000)/",16700,100,2064400,34655000000,-200,true,-1.18
"CII",134835,"/Date(1701067749000)/",16700,500,2064300,34653000000,-200,false,-1.18
"CII",134835,"/Date(1701067749000)/",16700,3000,2063800,34645000000,-200,false,-1.18
"CII",134835,"/Date(1701067749000)/",16700,4200,2060800,34595000000,-200,false,-1.18
"CII",134754,"/Date(1701067707000)/",16700,100,2056600,34525000000,-200,false,-1.18
"CII",134741,"/Date(1701067692000)/",16700,700,2056500,34523000000,-200,false,-1.18
"CII",134741,"/Date(1701067692000)/",16700,500,2055800,34511000000,-200,false,-1.18
"CII",134741,"/Date(1701067692000)/",16700,100,2055300,34503000000,-200,false,-1.18
"CII",134722,"/Date(1701067674000)/",16700,200,2055200,34501000000,-200,false,-1.18
"CII",134722,"/Date(1701067673000)/",16700,2700,2055000,34498000000,-200,false,-1.18
"CII",134722,"/Date(1701067673000)/",16700,300,2052300,34453000000,-200,false,-1.18
"CII",134647,"/Date(1701067640000)/",16700,300,2052000,34448000000,-200,false,-1.18
"CII",134644,"/Date(1701067636000)/",16700,400,2051700,34443000000,-200,false,-1.18
"CII",134644,"/Date(1701067636000)/",16700,100,2051300,34436000000,-200,false,-1.18
"CII",134644,"/Date(1701067636000)/",16700,1000,2051200,34435000000,-200,false,-1.18
"CII",134641,"/Date(1701067632000)/",16700,200,2050200,34418000000,-200,false,-1.18
"CII",134641,"/Date(1701067632000)/",16700,1000,2050000,34415000000,-200,false,-1.18
"CII",134612,"/Date(1701067605000)/",16650,2500,2049000,34398000000,-250,true,-1.48
"CII",134612,"/Date(1701067605000)/",16650,300,2046500,34356000000,-250,true,-1.48
"CII",134612,"/Date(1701067605000)/",16650,2000,2046200,34351000000,-250,true,-1.48
"CII",134612,"/Date(1701067605000)/",16650,500,2044200,34318000000,-250,true,-1.48
"CII",134612,"/Date(1701067605000)/",16650,200,2043700,34310000000,-250,true,-1.48
"CII",134612,"/Date(1701067605000)/",16650,3000,2043500,34306000000,-250,true,-1.48
"CII",134612,"/Date(1701067605000)/",16650,100,2040500,34256000000,-250,true,-1.48
"CII",134612,"/Date(1701067605000)/",16650,400,2040400,34255000000,-250,true,-1.48
"CII",134612,"/Date(1701067605000)/",16650,1000,2040000,34248000000,-250,true,-1.48
"CII",134537,"/Date(1701067568000)/",16650,3500,2039000,34231000000,-250,true,-1.48
"CII",134537,"/Date(1701067568000)/",16650,100,2035500,34173000000,-250,true,-1.48
"CII",134537,"/Date(1701067568000)/",16650,200,2035400,34171000000,-250,true,-1.48
"CII",134537,"/Date(1701067568000)/",16650,1500,2035200,34168000000,-250,true,-1.48
"CII",134537,"/Date(1701067568000)/",16650,200,2033700,34143000000,-250,true,-1.48
"CII",134537,"/Date(1701067568000)/",16650,5000,2033500,34140000000,-250,true,-1.48
"CII",134537,"/Date(1701067568000)/",16650,100,2028500,34057000000,-250,true,-1.48
"CII",134537,"/Date(1701067568000)/",16650,600,2028400,34055000000,-250,true,-1.48
"CII",134537,"/Date(1701067568000)/",16650,200,2027800,34045000000,-250,true,-1.48
"CII",134537,"/Date(1701067568000)/",16650,10000,2027600,34042000000,-250,true,-1.48
"CII",134537,"/Date(1701067568000)/",16650,500,2017600,33875000000,-250,true,-1.48
"CII",134537,"/Date(1701067568000)/",16650,100,2017100,33867000000,-250,true,-1.48
"CII",134537,"/Date(1701067568000)/",16650,5000,2017000,33865000000,-250,true,-1.48
"CII",134537,"/Date(1701067568000)/",16650,1000,2012000,33782000000,-250,true,-1.48
"CII",134537,"/Date(1701067568000)/",16650,300,2011000,33765000000,-250,true,-1.48
"CII",134537,"/Date(1701067568000)/",16650,1000,2010700,33760000000,-250,true,-1.48
"CII",134537,"/Date(1701067568000)/",16650,7000,2009700,33744000000,-250,true,-1.48
"CII",134537,"/Date(1701067568000)/",16650,100,2002700,33627000000,-250,true,-1.48
"CII",134537,"/Date(1701067568000)/",16650,10000,2002600,33625000000,-250,true,-1.48
"CII",134537,"/Date(1701067568000)/",16650,4300,1992600,33459000000,-250,true,-1.48
"CII",134537,"/Date(1701067568000)/",16700,100,1988300,33387000000,-200,false,-1.18
"CII",134537,"/Date(1701067568000)/",16700,1000,1988200,33386000000,-200,false,-1.18
"CII",134537,"/Date(1701067568000)/",16700,500,1987200,33369000000,-200,false,-1.18
"CII",134537,"/Date(1701067568000)/",16700,100,1986700,33361000000,-200,false,-1.18
"CII",134537,"/Date(1701067568000)/",16700,400,1986600,33359000000,-200,false,-1.18
"CII",134537,"/Date(1701067568000)/",16700,1000,1986200,33352000000,-200,false,-1.18
"CII",134537,"/Date(1701067568000)/",16700,200,1985200,33336000000,-200,false,-1.18
"CII",134537,"/Date(1701067568000)/",16700,1400,1985000,33332000000,-200,false,-1.18
"CII",134537,"/Date(1701067568000)/",16700,1200,1983600,33309000000,-200,false,-1.18
"CII",134537,"/Date(1701067568000)/",16700,100,1982400,33289000000,-200,false,-1.18
"CII",134537,"/Date(1701067568000)/",16700,500,1982300,33287000000,-200,false,-1.18
"CII",134537,"/Date(1701067568000)/",16700,100,1981800,33279000000,-200,false,-1.18
"CII",134537,"/Date(1701067568000)/",16700,100,1981700,33277000000,-200,false,-1.18
"CII",134537,"/Date(1701067568000)/",16700,100,1981600,33275000000,-200,false,-1.18
"CII",134537,"/Date(1701067568000)/",16700,100,1981500,33274000000,-200,false,-1.18
"CII",134537,"/Date(1701067568000)/",16700,100,1981400,33272000000,-200,false,-1.18
"CII",134537,"/Date(1701067568000)/",16700,2300,1981300,33270000000,-200,false,-1.18
"CII",134527,"/Date(1701067559000)/",16700,300,1979000,33232000000,-200,true,-1.18
"CII",134527,"/Date(1701067558000)/",16700,200,1978700,33227000000,-200,true,-1.18
"CII",134527,"/Date(1701067558000)/",16700,5700,1978500,33224000000,-200,true,-1.18
"CII",134436,"/Date(1701067509000)/",16700,500,1972800,33128000000,-200,true,-1.18
"CII",134436,"/Date(1701067507000)/",16750,2100,1972300,33120000000,-150,false,-0.89
"CII",134436,"/Date(1701067507000)/",16750,900,1970200,33085000000,-150,false,-0.89
"CII",134433,"/Date(1701067506000)/",16700,100,1969300,33070000000,-200,true,-1.18
"CII",134323,"/Date(1701067433000)/",16700,500,1969200,33068000000,-200,true,-1.18
"CII",134307,"/Date(1701067419000)/",16700,2000,1968700,33060000000,-200,true,-1.18
"CII",134245,"/Date(1701067397000)/",16700,1200,1966700,33026000000,-200,true,-1.18
"CII",134245,"/Date(1701067397000)/",16700,500,1965500,33006000000,-200,true,-1.18
"CII",134245,"/Date(1701067397000)/",16700,300,1965000,32998000000,-200,true,-1.18
"CII",134245,"/Date(1701067397000)/",16700,100,1964700,32993000000,-200,true,-1.18
"CII",134245,"/Date(1701067397000)/",16700,200,1964600,32991000000,-200,true,-1.18
"CII",134245,"/Date(1701067397000)/",16700,200,1964400,32988000000,-200,true,-1.18
"CII",134245,"/Date(1701067397000)/",16700,1000,1964200,32985000000,-200,true,-1.18
"CII",134245,"/Date(1701067397000)/",16700,1000,1963200,32968000000,-200,true,-1.18
"CII",134245,"/Date(1701067397000)/",16700,200,1962200,32951000000,-200,true,-1.18
"CII",134245,"/Date(1701067397000)/",16700,2300,1962000,32948000000,-200,true,-1.18
"CII",134245,"/Date(1701067397000)/",16750,700,1959700,32910000000,-150,false,-0.89
"CII",134219,"/Date(1701067371000)/",16700,700,1959000,32898000000,-200,true,-1.18
"CII",134213,"/Date(1701067363000)/",16750,100,1958300,32886000000,-150,false,-0.89
"CII",134206,"/Date(1701067359000)/",16700,2000,1958200,32884000000,-200,true,-1.18
"CII",134128,"/Date(1701067321000)/",16750,100,1956200,32851000000,-150,false,-0.89
"CII",134106,"/Date(1701067299000)/",16750,100,1956100,32849000000,-150,true,-0.89
"CII",134106,"/Date(1701067299000)/",16750,1000,1956000,32848000000,-150,true,-0.89
"CII",134106,"/Date(1701067299000)/",16750,100,1955000,32831000000,-150,true,-0.89
"CII",134106,"/Date(1701067299000)/",16750,500,1954900,32829000000,-150,true,-0.89
"CII",134106,"/Date(1701067299000)/",16750,1000,1954400,32821000000,-150,true,-0.89
"CII",134106,"/Date(1701067299000)/",16750,1000,1953400,32804000000,-150,true,-0.89
"CII",134106,"/Date(1701067299000)/",16750,1000,1952400,32787000000,-150,true,-0.89
"CII",134106,"/Date(1701067299000)/",16750,1100,1951400,32771000000,-150,true,-0.89
"CII",134106,"/Date(1701067299000)/",16750,100,1950300,32752000000,-150,true,-0.89
"CII",134106,"/Date(1701067299000)/",16750,200,1950200,32751000000,-150,true,-0.89
"CII",134106,"/Date(1701067299000)/",16750,100,1950000,32747000000,-150,true,-0.89
"CII",134106,"/Date(1701067299000)/",16750,5000,1949900,32745000000,-150,true,-0.89
"CII",134106,"/Date(1701067299000)/",16750,100,1944900,32662000000,-150,true,-0.89
"CII",134106,"/Date(1701067299000)/",16750,1900,1944800,32660000000,-150,true,-0.89
"CII",134034,"/Date(1701067267000)/",16800,1500,1942900,32628000000,-100,false,-0.59
"CII",134034,"/Date(1701067267000)/",16800,1000,1941400,32603000000,-100,false,-0.59
"CII",134034,"/Date(1701067267000)/",16800,1000,1940400,32586000000,-100,false,-0.59
"CII",134034,"/Date(1701067267000)/",16800,500,1939400,32569000000,-100,false,-0.59
"CII",134034,"/Date(1701067267000)/",16800,1000,1938900,32561000000,-100,false,-0.59
"CII",134021,"/Date(1701067252000)/",16750,800,1937900,32544000000,-150,true,-0.89
"CII",133959,"/Date(1701067231000)/",16800,200,1937100,32531000000,-100,false,-0.59
"CII",133943,"/Date(1701067215000)/",16800,800,1936900,32527000000,-100,false,-0.59
"CII",133943,"/Date(1701067215000)/",16800,4200,1936100,32514000000,-100,false,-0.59
"CII",133921,"/Date(1701067191000)/",16800,800,1931900,32443000000,-100,false,-0.59
"CII",133852,"/Date(1701067162000)/",16800,500,1931100,32430000000,-100,false,-0.59
"CII",133842,"/Date(1701067155000)/",16800,3000,1930600,32422000000,-100,false,-0.59
"CII",133839,"/Date(1701067151000)/",16800,600,1927600,32371000000,-100,false,-0.59
"CII",133830,"/Date(1701067140000)/",16800,900,1927000,32361000000,-100,false,-0.59
"CII",133830,"/Date(1701067140000)/",16800,100,1926100,32346000000,-100,false,-0.59
"CII",133810,"/Date(1701067121000)/",16800,200,1926000,32344000000,-100,false,-0.59
"CII",133807,"/Date(1701067117000)/",16750,100,1925800,32341000000,-150,true,-0.89
"CII",133804,"/Date(1701067116000)/",16800,100,1925700,32339000000,-100,false,-0.59
"CII",133804,"/Date(1701067116000)/",16800,600,1925600,32338000000,-100,false,-0.59
"CII",133804,"/Date(1701067116000)/",16800,1400,1925000,32328000000,-100,false,-0.59
"CII",133748,"/Date(1701067098000)/",16800,100,1923600,32304000000,-100,false,-0.59
"CII",133748,"/Date(1701067098000)/",16800,1900,1923500,32302000000,-100,false,-0.59
"CII",133707,"/Date(1701067058000)/",16800,100,1921600,32270000000,-100,false,-0.59
"CII",133657,"/Date(1701067050000)/",16800,200,1921500,32269000000,-100,false,-0.59
"CII",133638,"/Date(1701067030000)/",16800,100,1921300,32265000000,-100,false,-0.59
"CII",133638,"/Date(1701067030000)/",16800,100,1921200,32264000000,-100,false,-0.59
"CII",133638,"/Date(1701067030000)/",16800,800,1921100,32262000000,-100,false,-0.59
"CII",133638,"/Date(1701067030000)/",16800,200,1920300,32249000000,-100,false,-0.59
"CII",133638,"/Date(1701067030000)/",16800,500,1920100,32245000000,-100,false,-0.59
"CII",133638,"/Date(1701067030000)/",16800,300,1919600,32237000000,-100,false,-0.59
"CII",133628,"/Date(1701067019000)/",16800,100,1919300,32232000000,-100,false,-0.59
"CII",133603,"/Date(1701066995000)/",16750,600,1919200,32230000000,-150,true,-0.89
"CII",133603,"/Date(1701066994000)/",16800,100,1918600,32220000000,-100,false,-0.59
"CII",133553,"/Date(1701066985000)/",16800,500,1918500,32218000000,-100,false,-0.59
"CII",133553,"/Date(1701066985000)/",16800,500,1918000,32210000000,-100,false,-0.59
"CII",133553,"/Date(1701066985000)/",16800,500,1917500,32202000000,-100,false,-0.59
"CII",133553,"/Date(1701066985000)/",16800,900,1917000,32193000000,-100,false,-0.59
"CII",133553,"/Date(1701066985000)/",16800,200,1916100,32178000000,-100,false,-0.59
"CII",133553,"/Date(1701066985000)/",16800,100,1915900,32175000000,-100,false,-0.59
"CII",133553,"/Date(1701066985000)/",16800,300,1915800,32173000000,-100,false,-0.59
"CII",133550,"/Date(1701066982000)/",16800,200,1915500,32168000000,-100,false,-0.59
"CII",133550,"/Date(1701066982000)/",16800,800,1915300,32165000000,-100,false,-0.59
"CII",133550,"/Date(1701066980000)/",16800,500,1914500,32151000000,-100,false,-0.59
"CII",133550,"/Date(1701066980000)/",16800,1000,1914000,32143000000,-100,false,-0.59
"CII",133547,"/Date(1701066977000)/",16800,100,1913000,32126000000,-100,false,-0.59
"CII",133544,"/Date(1701066976000)/",16800,2000,1912900,32124000000,-100,false,-0.59
"CII",133540,"/Date(1701066970000)/",16800,2000,1910900,32091000000,-100,false,-0.59
"CII",133524,"/Date(1701066954000)/",16800,2000,1908900,32057000000,-100,false,-0.59
"CII",133521,"/Date(1701066951000)/",16800,200,1906900,32024000000,-100,false,-0.59
"CII",133518,"/Date(1701066950000)/",16800,1000,1906700,32020000000,-100,false,-0.59
"CII",133505,"/Date(1701066935000)/",16800,500,1905700,32003000000,-100,false,-0.59
"CII",133456,"/Date(1701066927000)/",16800,300,1905200,31995000000,-100,false,-0.59
"CII",133456,"/Date(1701066927000)/",16750,700,1904900,31990000000,-150,true,-0.89
"CII",133446,"/Date(1701066918000)/",16800,300,1904200,31978000000,-100,false,-0.59
"CII",133443,"/Date(1701066913000)/",16800,3000,1903900,31973000000,-100,false,-0.59
"CII",133424,"/Date(1701066894000)/",16800,1000,1900900,31923000000,-100,false,-0.59
"CII",133417,"/Date(1701066889000)/",16800,500,1899900,31906000000,-100,false,-0.59
"CII",133417,"/Date(1701066889000)/",16800,4000,1899400,31898000000,-100,false,-0.59
"CII",133411,"/Date(1701066880000)/",16800,400,1895400,31830000000,-100,false,-0.59
"CII",133349,"/Date(1701066858000)/",16800,400,1895000,31824000000,-100,false,-0.59
"CII",133349,"/Date(1701066858000)/",16800,100,1894600,31817000000,-100,false,-0.59
"CII",133320,"/Date(1701066830000)/",16750,100,1894500,31815000000,-150,false,-0.89
"CII",133320,"/Date(1701066830000)/",16750,100,1894400,31814000000,-150,false,-0.89
"CII",133320,"/Date(1701066830000)/",16750,700,1894300,31812000000,-150,false,-0.89
"CII",133317,"/Date(1701066828000)/",16750,5000,1893600,31800000000,-150,false,-0.89
"CII",133317,"/Date(1701066826000)/",16750,400,1888600,31716000000,-150,false,-0.89
"CII",133314,"/Date(1701066825000)/",16750,100,1888200,31710000000,-150,false,-0.89
"CII",133311,"/Date(1701066822000)/",16750,1000,1888100,31708000000,-150,false,-0.89
"CII",133307,"/Date(1701066817000)/",16750,1700,1887100,31691000000,-150,false,-0.89
"CII",133307,"/Date(1701066816000)/",16750,500,1885400,31663000000,-150,false,-0.89
"CII",133307,"/Date(1701066816000)/",16750,5400,1884900,31654000000,-150,false,-0.89
"CII",133307,"/Date(1701066816000)/",16750,500,1879500,31564000000,-150,false,-0.89
"CII",133307,"/Date(1701066816000)/",16750,5000,1879000,31556000000,-150,false,-0.89
"CII",133304,"/Date(1701066814000)/",16750,200,1874000,31472000000,-150,false,-0.89
"CII",133258,"/Date(1701066808000)/",16750,800,1873800,31469000000,-150,false,-0.89
"CII",133258,"/Date(1701066808000)/",16750,400,1873000,31455000000,-150,false,-0.89
"CII",133258,"/Date(1701066808000)/",16750,800,1872600,31448000000,-150,false,-0.89
"CII",133258,"/Date(1701066808000)/",16700,2000,1871800,31435000000,-200,true,-1.18
"CII",133248,"/Date(1701066800000)/",16750,1000,1869800,31402000000,-150,false,-0.89
"CII",133239,"/Date(1701066788000)/",16750,500,1868800,31385000000,-150,false,-0.89
"CII",133223,"/Date(1701066772000)/",16750,1000,1868300,31376000000,-150,false,-0.89
"CII",133210,"/Date(1701066761000)/",16700,300,1867300,31360000000,-200,true,-1.18
"CII",133204,"/Date(1701066753000)/",16750,1000,1867000,31355000000,-150,false,-0.89
"CII",133154,"/Date(1701066745000)/",16750,500,1866000,31338000000,-150,false,-0.89
"CII",133141,"/Date(1701066732000)/",16700,1800,1865500,31330000000,-200,true,-1.18
"CII",133141,"/Date(1701066732000)/",16700,200,1863700,31300000000,-200,true,-1.18
"CII",133122,"/Date(1701066712000)/",16700,300,1863500,31296000000,-200,true,-1.18
"CII",133113,"/Date(1701066703000)/",16750,500,1863200,31291000000,-150,false,-0.89
"CII",133103,"/Date(1701066695000)/",16750,4400,1862700,31283000000,-150,false,-0.89
"CII",133103,"/Date(1701066695000)/",16750,100,1858300,31209000000,-150,false,-0.89
"CII",133103,"/Date(1701066695000)/",16750,500,1858200,31207000000,-150,false,-0.89
"CII",133103,"/Date(1701066693000)/",16750,100,1857700,31199000000,-150,false,-0.89
"CII",133103,"/Date(1701066693000)/",16750,400,1857600,31197000000,-150,false,-0.89
"CII",133053,"/Date(1701066683000)/",16750,200,1857200,31191000000,-150,false,-0.89
"CII",132953,"/Date(1701066622000)/",16750,1800,1857000,31187000000,-150,false,-0.89
"CII",132953,"/Date(1701066622000)/",16750,500,1855200,31157000000,-150,false,-0.89
"CII",132953,"/Date(1701066622000)/",16750,100,1854700,31149000000,-150,false,-0.89
"CII",132953,"/Date(1701066622000)/",16750,7600,1854600,31147000000,-150,false,-0.89
"CII",132937,"/Date(1701066608000)/",16700,500,1847000,31020000000,-200,false,-1.18
"CII",132934,"/Date(1701066605000)/",16700,300,1846500,31011000000,-200,false,-1.18
"CII",132934,"/Date(1701066605000)/",16700,1000,1846200,31006000000,-200,false,-1.18
"CII",132934,"/Date(1701066605000)/",16700,3700,1845200,30990000000,-200,false,-1.18
"CII",132924,"/Date(1701066594000)/",16700,300,1841500,30928000000,-200,false,-1.18
"CII",132924,"/Date(1701066594000)/",16700,500,1841200,30923000000,-200,false,-1.18
"CII",132924,"/Date(1701066594000)/",16700,3000,1840700,30915000000,-200,false,-1.18
"CII",132924,"/Date(1701066594000)/",16700,1200,1837700,30865000000,-200,false,-1.18
"CII",132921,"/Date(1701066592000)/",16700,2900,1836500,30844000000,-200,false,-1.18
"CII",132921,"/Date(1701066592000)/",16700,100,1833600,30796000000,-200,false,-1.18
"CII",132921,"/Date(1701066592000)/",16700,1500,1833500,30794000000,-200,false,-1.18
"CII",132921,"/Date(1701066592000)/",16700,2000,1832000,30769000000,-200,false,-1.18
"CII",132921,"/Date(1701066592000)/",16700,5000,1830000,30736000000,-200,false,-1.18
"CII",132921,"/Date(1701066592000)/",16700,1000,1825000,30652000000,-200,false,-1.18
"CII",132921,"/Date(1701066592000)/",16700,2500,1824000,30636000000,-200,false,-1.18
"CII",132918,"/Date(1701066589000)/",16700,2500,1821500,30594000000,-200,false,-1.18
"CII",132918,"/Date(1701066589000)/",16700,1000,1819000,30552000000,-200,false,-1.18
"CII",132918,"/Date(1701066589000)/",16700,600,1818000,30536000000,-200,false,-1.18
"CII",132918,"/Date(1701066589000)/",16700,200,1817400,30526000000,-200,false,-1.18
"CII",132918,"/Date(1701066589000)/",16700,500,1817200,30522000000,-200,false,-1.18
"CII",132918,"/Date(1701066589000)/",16700,200,1816700,30514000000,-200,false,-1.18
"CII",132918,"/Date(1701066588000)/",16700,1000,1816500,30510000000,-200,false,-1.18
"CII",132908,"/Date(1701066579000)/",16700,200,1815500,30494000000,-200,false,-1.18
"CII",132849,"/Date(1701066560000)/",16700,200,1815300,30490000000,-200,false,-1.18
"CII",132843,"/Date(1701066553000)/",16700,100,1815100,30487000000,-200,false,-1.18
"CII",132833,"/Date(1701066544000)/",16650,400,1815000,30485000000,-250,true,-1.48
"CII",132808,"/Date(1701066518000)/",16650,200,1814600,30479000000,-250,true,-1.48
"CII",132717,"/Date(1701066465000)/",16650,300,1814400,30475000000,-250,true,-1.48
"CII",132651,"/Date(1701066440000)/",16650,500,1814100,30470000000,-250,true,-1.48
"CII",132629,"/Date(1701066420000)/",16700,300,1813600,30462000000,-200,false,-1.18
"CII",132629,"/Date(1701066420000)/",16650,4300,1813300,30457000000,-250,true,-1.48
"CII",132629,"/Date(1701066420000)/",16650,100,1809000,30386000000,-250,true,-1.48
"CII",132629,"/Date(1701066420000)/",16650,600,1808900,30384000000,-250,true,-1.48
"CII",132613,"/Date(1701066402000)/",16650,400,1808300,30374000000,-250,true,-1.48
"CII",132613,"/Date(1701066402000)/",16650,200,1807900,30367000000,-250,true,-1.48
"CII",132600,"/Date(1701066389000)/",16700,100,1807700,30364000000,-200,false,-1.18
"CII",132538,"/Date(1701066367000)/",16700,1000,1807600,30362000000,-200,false,-1.18
"CII",132506,"/Date(1701066336000)/",16700,100,1806600,30346000000,-200,false,-1.18
"CII",132503,"/Date(1701066333000)/",16700,1300,1806500,30344000000,-200,false,-1.18
"CII",132405,"/Date(1701066275000)/",16700,1000,1805200,30322000000,-200,false,-1.18
"CII",132311,"/Date(1701066222000)/",16700,100,1804200,30305000000,-200,false,-1.18
"CII",132308,"/Date(1701066217000)/",16700,200,1804100,30304000000,-200,false,-1.18
"CII",132301,"/Date(1701066211000)/",16700,400,1803900,30300000000,-200,false,-1.18
"CII",132258,"/Date(1701066208000)/",16650,3300,1803500,30294000000,-250,true,-1.48
"CII",132258,"/Date(1701066208000)/",16650,300,1800200,30239000000,-250,true,-1.48
"CII",132258,"/Date(1701066208000)/",16650,200,1799900,30234000000,-250,true,-1.48
"CII",132258,"/Date(1701066208000)/",16650,1000,1799700,30230000000,-250,true,-1.48
"CII",132258,"/Date(1701066208000)/",16650,200,1798700,30214000000,-250,true,-1.48
"CII",132255,"/Date(1701066206000)/",16650,700,1798500,30210000000,-250,true,-1.48
"CII",132236,"/Date(1701066187000)/",16700,1400,1797800,30199000000,-200,false,-1.18
"CII",132210,"/Date(1701066161000)/",16700,600,1796400,30175000000,-200,false,-1.18
"CII",132210,"/Date(1701066161000)/",16700,300,1795800,30165000000,-200,false,-1.18
"CII",132210,"/Date(1701066160000)/",16700,1200,1795500,30160000000,-200,false,-1.18
"CII",132210,"/Date(1701066160000)/",16700,800,1794300,30140000000,-200,false,-1.18
"CII",132204,"/Date(1701066155000)/",16700,1000,1793500,30127000000,-200,false,-1.18
"CII",132204,"/Date(1701066153000)/",16700,100,1792500,30110000000,-200,false,-1.18
"CII",132201,"/Date(1701066151000)/",16700,100,1792400,30109000000,-200,false,-1.18
"CII",132201,"/Date(1701066151000)/",16700,500,1792300,30107000000,-200,false,-1.18
"CII",132201,"/Date(1701066151000)/",16700,2800,1791800,30099000000,-200,false,-1.18
"CII",132155,"/Date(1701066144000)/",16700,1600,1789000,30052000000,-200,false,-1.18
"CII",132145,"/Date(1701066133000)/",16650,500,1787400,30025000000,-250,true,-1.48
"CII",132110,"/Date(1701066098000)/",16700,1000,1786900,30017000000,-200,false,-1.18
"CII",132107,"/Date(1701066097000)/",16700,1000,1785900,30000000000,-200,false,-1.18
"CII",132054,"/Date(1701066083000)/",16700,1000,1784900,29983000000,-200,false,-1.18
"CII",132041,"/Date(1701066072000)/",16700,600,1783900,29967000000,-200,false,-1.18
"CII",132041,"/Date(1701066072000)/",16700,500,1783300,29957000000,-200,false,-1.18
"CII",132041,"/Date(1701066072000)/",16700,1000,1782800,29948000000,-200,false,-1.18
"CII",132041,"/Date(1701066072000)/",16700,1000,1781800,29932000000,-200,false,-1.18
"CII",132041,"/Date(1701066072000)/",16700,1900,1780800,29915000000,-200,false,-1.18
"CII",132035,"/Date(1701066065000)/",16700,100,1778900,29883000000,-200,false,-1.18
"CII",132035,"/Date(1701066065000)/",16700,100,1778800,29882000000,-200,false,-1.18
"CII",132035,"/Date(1701066065000)/",16700,300,1778700,29880000000,-200,false,-1.18
"CII",132000,"/Date(1701066029000)/",16700,300,1778400,29875000000,-200,false,-1.18
"CII",131941,"/Date(1701066010000)/",16700,200,1778100,29870000000,-200,false,-1.18
"CII",131938,"/Date(1701066007000)/",16700,800,1777900,29867000000,-200,false,-1.18
"CII",131938,"/Date(1701066007000)/",16700,100,1777100,29853000000,-200,false,-1.18
"CII",131938,"/Date(1701066007000)/",16700,500,1777000,29852000000,-200,false,-1.18
"CII",131938,"/Date(1701066007000)/",16700,100,1776500,29843000000,-200,false,-1.18
"CII",131925,"/Date(1701065995000)/",16700,500,1776400,29841000000,-200,false,-1.18
"CII",131925,"/Date(1701065995000)/",16700,100,1775900,29833000000,-200,false,-1.18
"CII",131925,"/Date(1701065995000)/",16700,400,1775800,29831000000,-200,false,-1.18
"CII",131915,"/Date(1701065985000)/",16700,4600,1775400,29825000000,-200,false,-1.18
"CII",131915,"/Date(1701065985000)/",16700,400,1770800,29748000000,-200,false,-1.18
"CII",131856,"/Date(1701065965000)/",16700,600,1770400,29741000000,-200,false,-1.18
"CII",131856,"/Date(1701065965000)/",16700,3000,1769800,29731000000,-200,false,-1.18
"CII",131856,"/Date(1701065965000)/",16700,1000,1766800,29681000000,-200,false,-1.18
"CII",131856,"/Date(1701065965000)/",16700,400,1765800,29664000000,-200,false,-1.18
"CII",131850,"/Date(1701065959000)/",16700,1000,1765400,29658000000,-200,false,-1.18
"CII",131850,"/Date(1701065958000)/",16700,100,1764400,29641000000,-200,false,-1.18
"CII",131840,"/Date(1701065950000)/",16700,100,1764300,29639000000,-200,false,-1.18
"CII",131837,"/Date(1701065945000)/",16700,2000,1764200,29638000000,-200,false,-1.18
"CII",131827,"/Date(1701065937000)/",16700,600,1762200,29604000000,-200,false,-1.18
"CII",131759,"/Date(1701065910000)/",16650,800,1761600,29594000000,-250,true,-1.48
"CII",131759,"/Date(1701065910000)/",16650,100,1760800,29581000000,-250,true,-1.48
"CII",131759,"/Date(1701065910000)/",16650,1000,1760700,29579000000,-250,true,-1.48
"CII",131759,"/Date(1701065910000)/",16650,2600,1759700,29563000000,-250,true,-1.48
"CII",131746,"/Date(1701065896000)/",16650,20000,1757100,29519000000,-250,true,-1.48
"CII",131733,"/Date(1701065882000)/",16650,500,1737100,29186000000,-250,true,-1.48
"CII",131714,"/Date(1701065864000)/",16650,2000,1736600,29178000000,-250,true,-1.48
"CII",131652,"/Date(1701065842000)/",16650,100,1734600,29145000000,-250,true,-1.48
"CII",131642,"/Date(1701065832000)/",16650,4800,1734500,29143000000,-250,true,-1.48
"CII",131642,"/Date(1701065832000)/",16650,500,1729700,29063000000,-250,true,-1.48
"CII",131642,"/Date(1701065832000)/",16650,300,1729200,29055000000,-250,true,-1.48
"CII",131642,"/Date(1701065832000)/",16650,4400,1728900,29050000000,-250,true,-1.48
"CII",131636,"/Date(1701065826000)/",16700,5800,1724500,28977000000,-200,false,-1.18
"CII",131636,"/Date(1701065826000)/",16700,900,1718700,28880000000,-200,false,-1.18
"CII",131636,"/Date(1701065826000)/",16700,5000,1717800,28865000000,-200,false,-1.18
"CII",131636,"/Date(1701065826000)/",16700,100,1712800,28781000000,-200,false,-1.18
"CII",131636,"/Date(1701065826000)/",16700,5000,1712700,28780000000,-200,false,-1.18
"CII",131636,"/Date(1701065826000)/",16700,3200,1707700,28696000000,-200,false,-1.18
"CII",131630,"/Date(1701065820000)/",16650,300,1704500,28643000000,-250,true,-1.48
"CII",131623,"/Date(1701065813000)/",16650,4000,1704200,28638000000,-250,true,-1.48
"CII",131623,"/Date(1701065812000)/",16650,500,1700200,28571000000,-250,true,-1.48
"CII",131601,"/Date(1701065792000)/",16650,300,1699700,28563000000,-250,true,-1.48
"CII",131545,"/Date(1701065774000)/",16650,9000,1699400,28558000000,-250,true,-1.48
"CII",131516,"/Date(1701065744000)/",16650,1400,1690400,28408000000,-250,true,-1.48
"CII",131500,"/Date(1701065730000)/",16650,100,1689000,28385000000,-250,true,-1.48
"CII",131500,"/Date(1701065730000)/",16650,3900,1688900,28383000000,-250,true,-1.48
"CII",131500,"/Date(1701065729000)/",16700,200,1685000,28318000000,-200,false,-1.18
"CII",131406,"/Date(1701065675000)/",16650,100,1684800,28315000000,-250,true,-1.48
"CII",131406,"/Date(1701065674000)/",16650,1000,1684700,28313000000,-250,true,-1.48
"CII",131400,"/Date(1701065668000)/",16650,500,1683700,28296000000,-250,true,-1.48
"CII",131400,"/Date(1701065668000)/",16650,100,1683200,28288000000,-250,true,-1.48
"CII",131400,"/Date(1701065668000)/",16650,400,1683100,28286000000,-250,true,-1.48
"CII",131357,"/Date(1701065665000)/",16650,200,1682700,28280000000,-250,true,-1.48
"CII",131357,"/Date(1701065665000)/",16650,800,1682500,28276000000,-250,true,-1.48
"CII",131354,"/Date(1701065661000)/",16650,6600,1681700,28263000000,-250,true,-1.48
"CII",131354,"/Date(1701065661000)/",16650,100,1675100,28153000000,-250,true,-1.48
"CII",131354,"/Date(1701065661000)/",16650,1000,1675000,28151000000,-250,true,-1.48
"CII",131354,"/Date(1701065661000)/",16650,300,1674000,28135000000,-250,true,-1.48
"CII",131306,"/Date(1701065615000)/",16650,400,1673700,28130000000,-250,true,-1.48
"CII",131306,"/Date(1701065615000)/",16650,300,1673300,28123000000,-250,true,-1.48
"CII",131306,"/Date(1701065615000)/",16650,200,1673000,28118000000,-250,true,-1.48
"CII",131306,"/Date(1701065615000)/",16650,1000,1672800,28115000000,-250,true,-1.48
"CII",131215,"/Date(1701065565000)/",16600,11800,1671800,28098000000,-300,true,-1.78
"CII",131215,"/Date(1701065565000)/",16600,200,1660000,27902000000,-300,true,-1.78
"CII",131215,"/Date(1701065565000)/",16600,300,1659800,27899000000,-300,true,-1.78
"CII",131215,"/Date(1701065565000)/",16600,500,1659500,27894000000,-300,true,-1.78
"CII",131215,"/Date(1701065565000)/",16600,500,1659000,27886000000,-300,true,-1.78
"CII",131215,"/Date(1701065565000)/",16600,1000,1658500,27877000000,-300,true,-1.78
"CII",131215,"/Date(1701065565000)/",16600,1000,1657500,27861000000,-300,true,-1.78
"CII",131215,"/Date(1701065565000)/",16600,1000,1656500,27844000000,-300,true,-1.78
"CII",131215,"/Date(1701065565000)/",16600,300,1655500,27828000000,-300,true,-1.78
"CII",131215,"/Date(1701065565000)/",16600,100,1655200,27823000000,-300,true,-1.78
"CII",131215,"/Date(1701065565000)/",16600,200,1655100,27821000000,-300,true,-1.78
"CII",131215,"/Date(1701065565000)/",16600,100,1654900,27818000000,-300,true,-1.78
"CII",131215,"/Date(1701065565000)/",16600,100,1654800,27816000000,-300,true,-1.78
"CII",131215,"/Date(1701065565000)/",16600,1000,1654700,27814000000,-300,true,-1.78
"CII",131215,"/Date(1701065565000)/",16600,500,1653700,27798000000,-300,true,-1.78
"CII",131215,"/Date(1701065565000)/",16600,400,1653200,27789000000,-300,true,-1.78
"CII",131215,"/Date(1701065565000)/",16650,100,1652800,27783000000,-250,true,-1.48
"CII",131215,"/Date(1701065565000)/",16650,900,1652700,27781000000,-250,true,-1.48
"CII",131212,"/Date(1701065559000)/",16650,400,1651800,27766000000,-250,true,-1.48
"CII",131212,"/Date(1701065559000)/",16650,1000,1651400,27759000000,-250,true,-1.48
"CII",131205,"/Date(1701065555000)/",16650,2000,1650400,27743000000,-250,false,-1.48
"CII",131202,"/Date(1701065551000)/",16650,1600,1648400,27709000000,-250,false,-1.48
"CII",131202,"/Date(1701065551000)/",16650,3400,1646800,27683000000,-250,false,-1.48
"CII",131159,"/Date(1701065548000)/",16650,5000,1643400,27626000000,-250,false,-1.48
"CII",131153,"/Date(1701065541000)/",16650,100,1638400,27543000000,-250,false,-1.48
"CII",131130,"/Date(1701065518000)/",16600,500,1638300,27541000000,-300,true,-1.78
"CII",131130,"/Date(1701065518000)/",16650,1000,1637800,27533000000,-250,false,-1.48
"CII",131124,"/Date(1701065513000)/",16600,100,1636800,27516000000,-300,true,-1.78
"CII",131124,"/Date(1701065513000)/",16600,100,1636700,27515000000,-300,true,-1.78
"CII",131124,"/Date(1701065513000)/",16600,300,1636600,27513000000,-300,true,-1.78
"CII",131118,"/Date(1701065508000)/",16600,100,1636300,27508000000,-300,true,-1.78
"CII",131118,"/Date(1701065505000)/",16600,300,1636200,27506000000,-300,true,-1.78
"CII",131118,"/Date(1701065505000)/",16600,200,1635900,27501000000,-300,true,-1.78
"CII",131118,"/Date(1701065505000)/",16600,400,1635700,27498000000,-300,true,-1.78
"CII",131118,"/Date(1701065505000)/",16600,100,1635300,27491000000,-300,true,-1.78
"CII",131105,"/Date(1701065493000)/",16600,400,1635200,27490000000,-300,true,-1.78
"CII",131105,"/Date(1701065493000)/",16600,100,1634800,27483000000,-300,true,-1.78
"CII",131046,"/Date(1701065476000)/",16600,500,1634700,27482000000,-300,true,-1.78
"CII",131027,"/Date(1701065454000)/",16650,3000,1634200,27473000000,-250,false,-1.48
"CII",131023,"/Date(1701065452000)/",16650,500,1631200,27423000000,-250,false,-1.48
"CII",131014,"/Date(1701065441000)/",16650,100,1630700,27415000000,-250,false,-1.48
"CII",131007,"/Date(1701065437000)/",16650,1000,1630600,27413000000,-250,false,-1.48
"CII",131007,"/Date(1701065436000)/",16650,100,1629600,27397000000,-250,false,-1.48
"CII",131007,"/Date(1701065436000)/",16650,100,1629500,27395000000,-250,false,-1.48
"CII",131007,"/Date(1701065436000)/",16650,2000,1629400,27393000000,-250,false,-1.48
"CII",131007,"/Date(1701065436000)/",16650,100,1627400,27360000000,-250,false,-1.48
"CII",131007,"/Date(1701065436000)/",16650,2000,1627300,27358000000,-250,false,-1.48
"CII",131007,"/Date(1701065436000)/",16650,100,1625300,27325000000,-250,false,-1.48
"CII",131007,"/Date(1701065436000)/",16650,1500,1625200,27323000000,-250,false,-1.48
"CII",130932,"/Date(1701065401000)/",16650,2100,1623700,27298000000,-250,true,-1.48
"CII",130932,"/Date(1701065401000)/",16650,300,1621600,27263000000,-250,true,-1.48
"CII",130932,"/Date(1701065401000)/",16650,1100,1621300,27258000000,-250,true,-1.48
"CII",130929,"/Date(1701065398000)/",16650,100,1620200,27240000000,-250,false,-1.48
"CII",130929,"/Date(1701065397000)/",16650,200,1620100,27238000000,-250,false,-1.48
"CII",130923,"/Date(1701065393000)/",16650,600,1619900,27235000000,-250,false,-1.48
"CII",130923,"/Date(1701065393000)/",16650,500,1619300,27225000000,-250,false,-1.48
"CII",130923,"/Date(1701065393000)/",16650,1000,1618800,27217000000,-250,false,-1.48
"CII",130923,"/Date(1701065393000)/",16650,900,1617800,27200000000,-250,false,-1.48
"CII",130923,"/Date(1701065391000)/",16650,100,1616900,27185000000,-250,false,-1.48
"CII",130923,"/Date(1701065391000)/",16650,1900,1616800,27183000000,-250,false,-1.48
"CII",130923,"/Date(1701065390000)/",16650,100,1614900,27152000000,-250,false,-1.48
"CII",130920,"/Date(1701065389000)/",16650,300,1614800,27150000000,-250,false,-1.48
"CII",130917,"/Date(1701065387000)/",16650,2000,1614500,27145000000,-250,false,-1.48
"CII",130917,"/Date(1701065384000)/",16650,200,1612500,27112000000,-250,false,-1.48
"CII",130904,"/Date(1701065373000)/",16650,2000,1612300,27109000000,-250,false,-1.48
"CII",130901,"/Date(1701065369000)/",16650,500,1610300,27075000000,-250,false,-1.48
"CII",130842,"/Date(1701065349000)/",16650,500,1609800,27067000000,-250,false,-1.48
"CII",130822,"/Date(1701065330000)/",16650,1000,1609300,27059000000,-250,false,-1.48
"CII",130819,"/Date(1701065328000)/",16600,400,1608300,27042000000,-300,true,-1.78
"CII",130819,"/Date(1701065328000)/",16600,200,1607900,27035000000,-300,true,-1.78
"CII",130819,"/Date(1701065328000)/",16600,300,1607700,27032000000,-300,true,-1.78
"CII",130819,"/Date(1701065328000)/",16600,100,1607400,27027000000,-300,true,-1.78
"CII",130816,"/Date(1701065325000)/",16650,300,1607300,27025000000,-250,false,-1.48
"CII",130741,"/Date(1701065290000)/",16600,400,1607000,27020000000,-300,true,-1.78
"CII",130741,"/Date(1701065290000)/",16600,100,1606600,27014000000,-300,true,-1.78
"CII",130741,"/Date(1701065290000)/",16600,200,1606500,27012000000,-300,true,-1.78
"CII",130741,"/Date(1701065290000)/",16600,1500,1606300,27009000000,-300,true,-1.78
"CII",130741,"/Date(1701065290000)/",16600,1000,1604800,26984000000,-300,true,-1.78
"CII",130741,"/Date(1701065290000)/",16600,1000,1603800,26967000000,-300,true,-1.78
"CII",130741,"/Date(1701065290000)/",16600,800,1602800,26951000000,-300,true,-1.78
"CII",130741,"/Date(1701065290000)/",16600,1000,1602000,26937000000,-300,true,-1.78
"CII",130741,"/Date(1701065290000)/",16600,300,1601000,26921000000,-300,true,-1.78
"CII",130741,"/Date(1701065290000)/",16600,1000,1600700,26916000000,-300,true,-1.78
"CII",130741,"/Date(1701065290000)/",16600,100,1599700,26899000000,-300,true,-1.78
"CII",130741,"/Date(1701065290000)/",16600,100,1599600,26898000000,-300,true,-1.78
"CII",130741,"/Date(1701065290000)/",16600,4600,1599500,26896000000,-300,true,-1.78
"CII",130741,"/Date(1701065290000)/",16650,2000,1594900,26820000000,-250,false,-1.48
"CII",130738,"/Date(1701065285000)/",16600,400,1592900,26786000000,-300,true,-1.78
"CII",130738,"/Date(1701065285000)/",16600,100,1592500,26780000000,-300,true,-1.78
"CII",130738,"/Date(1701065285000)/",16600,2000,1592400,26778000000,-300,true,-1.78
"CII",130732,"/Date(1701065281000)/",16650,3000,1590400,26745000000,-250,false,-1.48
"CII",130732,"/Date(1701065281000)/",16650,1000,1587400,26695000000,-250,false,-1.48
"CII",130722,"/Date(1701065271000)/",16650,200,1586400,26678000000,-250,false,-1.48
"CII",130712,"/Date(1701065260000)/",16650,100,1586200,26675000000,-250,false,-1.48
"CII",130712,"/Date(1701065260000)/",16650,300,1586100,26673000000,-250,false,-1.48
"CII",130706,"/Date(1701065254000)/",16650,1900,1585800,26668000000,-250,false,-1.48
"CII",130706,"/Date(1701065254000)/",16650,100,1583900,26636000000,-250,false,-1.48
"CII",130706,"/Date(1701065254000)/",16650,900,1583800,26635000000,-250,false,-1.48
"CII",130706,"/Date(1701065254000)/",16650,200,1582900,26620000000,-250,false,-1.48
"CII",130706,"/Date(1701065254000)/",16650,600,1582700,26617000000,-250,false,-1.48
"CII",130706,"/Date(1701065254000)/",16650,2300,1582100,26607000000,-250,false,-1.48
"CII",130700,"/Date(1701065247000)/",16650,200,1579800,26568000000,-250,false,-1.48
"CII",130644,"/Date(1701065232000)/",16650,200,1579600,26565000000,-250,false,-1.48
"CII",130637,"/Date(1701065225000)/",16650,3000,1579400,26562000000,-250,false,-1.48
"CII",130625,"/Date(1701065214000)/",16650,500,1576400,26512000000,-250,false,-1.48
"CII",130618,"/Date(1701065206000)/",16650,800,1575900,26503000000,-250,false,-1.48
