"Stockcode","Package","TradingDate","Price","Vol","TotalVol","TotalVal","Change","IsBuy","PerChange"
"CTR",144423,"/Date(1701071100000)/",86500,14500,138000,12010000000,-1500,true,-1.7
"CTR",142853,"/Date(1701070170000)/",86600,100,123500,10756000000,-1400,false,-1.59
"CTR",142853,"/Date(1701070170000)/",86600,200,123400,10747000000,-1400,false,-1.59
"CTR",142853,"/Date(1701070168000)/",86600,100,123200,10730000000,-1400,false,-1.59
"CTR",142837,"/Date(1701070153000)/",86500,100,123100,10721000000,-1500,true,-1.7
"CTR",142837,"/Date(1701070153000)/",86500,100,123000,10713000000,-1500,true,-1.7
"CTR",142818,"/Date(1701070135000)/",86600,700,122900,10704000000,-1400,false,-1.59
"CTR",142818,"/Date(1701070135000)/",86700,100,122200,10644000000,-1300,false,-1.48
"CTR",142714,"/Date(1701070071000)/",86800,100,122100,10635000000,-1200,true,-1.36
"CTR",142532,"/Date(1701069969000)/",86900,2000,122000,10626000000,-1100,false,-1.25
"CTR",142409,"/Date(1701069884000)/",86600,100,120000,10452000000,-1400,true,-1.59
"CTR",142356,"/Date(1701069870000)/",86600,200,119900,10444000000,-1400,true,-1.59
"CTR",142356,"/Date(1701069870000)/",86600,400,119700,10426000000,-1400,true,-1.59
"CTR",142343,"/Date(1701069860000)/",86600,100,119300,10392000000,-1400,true,-1.59
"CTR",142308,"/Date(1701069824000)/",86600,200,119200,10383000000,-1400,true,-1.59
"CTR",142308,"/Date(1701069824000)/",86600,200,119000,10366000000,-1400,true,-1.59
"CTR",142308,"/Date(1701069824000)/",86700,600,118800,10348000000,-1300,true,-1.48
"CTR",142220,"/Date(1701069777000)/",86700,100,118200,10296000000,-1300,true,-1.48
"CTR",142044,"/Date(1701069680000)/",86700,300,118100,10288000000,-1300,true,-1.48
"CTR",142044,"/Date(1701069680000)/",86900,300,117800,10262000000,-1100,true,-1.25
"CTR",141943,"/Date(1701069617000)/",87000,100,117500,10236000000,-1000,false,-1.14
"CTR",141943,"/Date(1701069617000)/",87000,200,117400,10227000000,-1000,false,-1.14
"CTR",141804,"/Date(1701069521000)/",86900,200,117200,10210000000,-1100,true,-1.25
"CTR",141745,"/Date(1701069500000)/",87000,400,117000,10192000000,-1000,false,-1.14
"CTR",141745,"/Date(1701069500000)/",87000,500,116600,10157000000,-1000,false,-1.14
"CTR",141745,"/Date(1701069500000)/",87000,100,116100,10114000000,-1000,false,-1.14
"CTR",141541,"/Date(1701069376000)/",87000,100,116000,10105000000,-1000,false,-1.14
"CTR",141515,"/Date(1701069349000)/",87100,100,115900,10096000000,-900,false,-1.02
"CTR",141515,"/Date(1701069349000)/",87100,100,115800,10088000000,-900,false,-1.02
"CTR",141453,"/Date(1701069327000)/",87000,100,115700,10079000000,-1000,false,-1.14
"CTR",141453,"/Date(1701069327000)/",87000,100,115600,10070000000,-1000,false,-1.14
"CTR",141453,"/Date(1701069327000)/",87000,4600,115500,10062000000,-1000,false,-1.14
"CTR",141207,"/Date(1701069160000)/",86900,200,110900,9661000000,-1100,true,-1.25
"CTR",141207,"/Date(1701069160000)/",86900,100,110700,9644000000,-1100,true,-1.25
"CTR",140943,"/Date(1701069017000)/",87000,100,110600,9635000000,-1000,false,-1.14
"CTR",140943,"/Date(1701069017000)/",87000,300,110500,9627000000,-1000,false,-1.14
"CTR",140931,"/Date(1701069005000)/",87000,100,110200,9601000000,-1000,true,-1.14
"CTR",140849,"/Date(1701068963000)/",87000,2000,110100,9592000000,-1000,true,-1.14
"CTR",140840,"/Date(1701068954000)/",87000,100,108100,9418000000,-1000,true,-1.14
"CTR",140827,"/Date(1701068941000)/",87000,900,108000,9409000000,-1000,true,-1.14
"CTR",140651,"/Date(1701068844000)/",87000,2000,107100,9331000000,-1000,true,-1.14
"CTR",140651,"/Date(1701068844000)/",87000,100,105100,9157000000,-1000,true,-1.14
"CTR",140512,"/Date(1701068746000)/",87000,200,105000,9148000000,-1000,false,-1.14
"CTR",140512,"/Date(1701068746000)/",87000,100,104800,9131000000,-1000,false,-1.14
"CTR",140512,"/Date(1701068746000)/",87000,100,104700,9122000000,-1000,false,-1.14
"CTR",140512,"/Date(1701068746000)/",87000,100,104600,9113000000,-1000,false,-1.14
"CTR",140512,"/Date(1701068746000)/",87000,100,104500,9105000000,-1000,false,-1.14
"CTR",140512,"/Date(1701068746000)/",87000,100,104400,9096000000,-1000,false,-1.14
"CTR",140424,"/Date(1701068699000)/",87000,3900,104300,9087000000,-1000,false,-1.14
"CTR",140424,"/Date(1701068699000)/",87000,100,100400,8748000000,-1000,false,-1.14
"CTR",140424,"/Date(1701068699000)/",87000,1000,100300,8739000000,-1000,false,-1.14
"CTR",140329,"/Date(1701068642000)/",87000,100,99300,8652000000,-1000,false,-1.14
"CTR",140257,"/Date(1701068612000)/",87000,200,99200,8644000000,-1000,false,-1.14
"CTR",140219,"/Date(1701068574000)/",86900,500,99000,8626000000,-1100,false,-1.25
"CTR",140157,"/Date(1701068549000)/",86900,100,98500,8583000000,-1100,false,-1.25
"CTR",140157,"/Date(1701068549000)/",86900,100,98400,8574000000,-1100,false,-1.25
"CTR",140014,"/Date(1701068446000)/",86800,1000,98300,8565000000,-1200,true,-1.36
"CTR",135826,"/Date(1701068339000)/",86800,100,97300,8479000000,-1200,false,-1.36
"CTR",135810,"/Date(1701068324000)/",86900,900,97200,8470000000,-1100,false,-1.25
"CTR",135810,"/Date(1701068324000)/",86900,100,96300,8392000000,-1100,false,-1.25
"CTR",135235,"/Date(1701067986000)/",86800,200,96200,8383000000,-1200,false,-1.36
"CTR",135235,"/Date(1701067986000)/",86800,400,96000,8366000000,-1200,false,-1.36
"CTR",134634,"/Date(1701067626000)/",86800,100,95600,8331000000,-1200,true,-1.36
"CTR",134634,"/Date(1701067626000)/",86800,400,95500,8322000000,-1200,true,-1.36
"CTR",134622,"/Date(1701067615000)/",86800,2000,95100,8288000000,-1200,true,-1.36
"CTR",134345,"/Date(1701067456000)/",86800,300,93100,8114000000,-1200,true,-1.36
"CTR",134345,"/Date(1701067456000)/",86800,800,92800,8088000000,-1200,true,-1.36
"CTR",134254,"/Date(1701067405000)/",86800,100,92000,8018000000,-1200,true,-1.36
"CTR",134109,"/Date(1701067300000)/",87000,100,91900,8010000000,-1000,false,-1.14
"CTR",134109,"/Date(1701067300000)/",86800,100,91800,8001000000,-1200,true,-1.36
"CTR",133927,"/Date(1701067199000)/",86800,100,91700,7992000000,-1200,true,-1.36
"CTR",133927,"/Date(1701067198000)/",87000,200,91600,7984000000,-1000,false,-1.14
"CTR",133855,"/Date(1701067168000)/",87000,200,91400,7966000000,-1000,false,-1.14
"CTR",133842,"/Date(1701067152000)/",87000,700,91200,7949000000,-1000,false,-1.14
"CTR",133833,"/Date(1701067143000)/",87000,500,90500,7888000000,-1000,false,-1.14
"CTR",133833,"/Date(1701067143000)/",86800,500,90000,7844000000,-1200,false,-1.36
"CTR",133713,"/Date(1701067063000)/",87000,300,89500,7801000000,-1000,false,-1.14
"CTR",133631,"/Date(1701067022000)/",87000,500,89200,7775000000,-1000,true,-1.14
"CTR",133631,"/Date(1701067022000)/",87000,100,88700,7731000000,-1000,true,-1.14
"CTR",133631,"/Date(1701067022000)/",87000,300,88600,7723000000,-1000,true,-1.14
"CTR",133631,"/Date(1701067022000)/",87000,800,88300,7697000000,-1000,true,-1.14
"CTR",133417,"/Date(1701066887000)/",86900,100,87500,7627000000,-1100,true,-1.25
"CTR",133411,"/Date(1701066883000)/",87000,500,87400,7618000000,-1000,false,-1.14
"CTR",133349,"/Date(1701066858000)/",87000,100,86900,7575000000,-1000,false,-1.14
"CTR",133304,"/Date(1701066816000)/",86900,100,86800,7566000000,-1100,true,-1.25
"CTR",133204,"/Date(1701066753000)/",87000,200,86700,7558000000,-1000,false,-1.14
"CTR",133138,"/Date(1701066729000)/",87000,200,86500,7540000000,-1000,false,-1.14
"CTR",133025,"/Date(1701066654000)/",86900,100,86300,7523000000,-1100,true,-1.25
"CTR",132849,"/Date(1701066560000)/",87000,100,86200,7514000000,-1000,false,-1.14
"CTR",132600,"/Date(1701066389000)/",86900,300,86100,7505000000,-1100,true,-1.25
"CTR",132456,"/Date(1701066326000)/",86900,100,85800,7479000000,-1100,false,-1.25
"CTR",132405,"/Date(1701066275000)/",87000,100,85700,7471000000,-1000,false,-1.14
"CTR",131658,"/Date(1701065846000)/",86700,200,85600,7462000000,-1300,true,-1.48
"CTR",131614,"/Date(1701065803000)/",86800,900,85400,7445000000,-1200,true,-1.36
"CTR",131555,"/Date(1701065782000)/",86800,200,84500,7366000000,-1200,true,-1.36
"CTR",131357,"/Date(1701065665000)/",87100,100,84300,7349000000,-900,false,-1.02
"CTR",131306,"/Date(1701065613000)/",87000,500,84200,7340000000,-1000,true,-1.14
"CTR",131237,"/Date(1701065586000)/",87000,300,83700,7297000000,-1000,false,-1.14
"CTR",131209,"/Date(1701065558000)/",87000,100,83400,7271000000,-1000,false,-1.14
"CTR",131202,"/Date(1701065552000)/",87000,100,83300,7262000000,-1000,true,-1.14
"CTR",131202,"/Date(1701065552000)/",87000,700,83200,7253000000,-1000,true,-1.14
"CTR",131121,"/Date(1701065508000)/",87000,200,82500,7192000000,-1000,true,-1.14
"CTR",131108,"/Date(1701065497000)/",87000,100,82300,7175000000,-1000,false,-1.14
"CTR",131014,"/Date(1701065442000)/",87000,100,82200,7166000000,-1000,false,-1.14
"CTR",130920,"/Date(1701065389000)/",87000,100,82100,7158000000,-1000,false,-1.14
"CTR",130920,"/Date(1701065389000)/",87000,300,82000,7149000000,-1000,false,-1.14
"CTR",130904,"/Date(1701065371000)/",87000,200,81700,7123000000,-1000,false,-1.14
"CTR",130904,"/Date(1701065371000)/",86900,100,81500,7105000000,-1100,false,-1.25
"CTR",130449,"/Date(1701065116000)/",86500,200,81400,7097000000,-1500,true,-1.7
"CTR",130405,"/Date(1701065074000)/",86500,3700,81200,7079000000,-1500,true,-1.7
"CTR",130405,"/Date(1701065074000)/",86500,3000,77500,6759000000,-1500,true,-1.7
"CTR",130405,"/Date(1701065074000)/",86600,100,74500,6500000000,-1400,true,-1.59
"CTR",130405,"/Date(1701065074000)/",86600,100,74400,6491000000,-1400,true,-1.59
"CTR",130405,"/Date(1701065074000)/",86600,500,74300,6483000000,-1400,true,-1.59
"CTR",130405,"/Date(1701065074000)/",86600,100,73800,6439000000,-1400,true,-1.59
"CTR",130405,"/Date(1701065074000)/",86600,100,73700,6431000000,-1400,true,-1.59
"CTR",130405,"/Date(1701065074000)/",86600,200,73600,6422000000,-1400,true,-1.59
"CTR",130405,"/Date(1701065074000)/",86600,500,73400,6405000000,-1400,true,-1.59
"CTR",130405,"/Date(1701065074000)/",86600,1400,72900,6361000000,-1400,true,-1.59
"CTR",130405,"/Date(1701065074000)/",86700,300,71500,6240000000,-1300,true,-1.48
"CTR",130345,"/Date(1701065054000)/",86700,700,71200,6214000000,-1300,true,-1.48
"CTR",130333,"/Date(1701065039000)/",86700,100,70500,6153000000,-1300,true,-1.48
"CTR",130317,"/Date(1701065024000)/",86700,100,70400,6145000000,-1300,true,-1.48
"CTR",130248,"/Date(1701064996000)/",86700,800,70300,6136000000,-1300,true,-1.48
"CTR",130248,"/Date(1701064996000)/",86700,100,69500,6067000000,-1300,true,-1.48
"CTR",130248,"/Date(1701064996000)/",86900,100,69400,6058000000,-1100,true,-1.25
"CTR",130157,"/Date(1701064945000)/",86900,100,69300,6049000000,-1100,true,-1.25
"CTR",130019,"/Date(1701064817000)/",86900,100,69200,6041000000,-1100,true,-1.25
"CTR",130015,"/Date(1701064812000)/",87000,300,69100,6032000000,-1000,false,-1.14
"CTR",130015,"/Date(1701064812000)/",87000,100,68800,6006000000,-1000,false,-1.14
"CTR",130015,"/Date(1701064811000)/",87000,100,68700,5997000000,-1000,false,-1.14
"CTR",130012,"/Date(1701064809000)/",87000,200,68600,5988000000,-1000,true,-1.14
"CTR",130012,"/Date(1701064808000)/",87000,300,68400,5971000000,-1000,true,-1.14
"CTR",130012,"/Date(1701064806000)/",87000,300,68100,5945000000,-1000,true,-1.14
"CTR",130009,"/Date(1701064804000)/",87000,100,67800,5919000000,-1000,true,-1.14
"CTR",130006,"/Date(1701064802000)/",87000,400,67700,5910000000,-1000,true,-1.14
"CTR",112745,"/Date(1701059283000)/",87000,2000,67300,5875000000,-1000,true,-1.14
"CTR",112701,"/Date(1701059241000)/",87000,1100,65300,5701000000,-1000,true,-1.14
"CTR",112701,"/Date(1701059241000)/",87000,900,64200,5606000000,-1000,true,-1.14
"CTR",112544,"/Date(1701059162000)/",87000,100,63300,5527000000,-1000,true,-1.14
"CTR",112337,"/Date(1701059035000)/",87000,100,63200,5519000000,-1000,true,-1.14
"CTR",112201,"/Date(1701058938000)/",87000,200,63100,5510000000,-1000,false,-1.14
"CTR",111918,"/Date(1701058778000)/",87200,200,62900,5493000000,-800,false,-0.91
"CTR",111902,"/Date(1701058762000)/",87200,2000,62700,5475000000,-800,false,-0.91
"CTR",111853,"/Date(1701058750000)/",87200,100,60700,5301000000,-800,false,-0.91
"CTR",111755,"/Date(1701058694000)/",87200,200,60600,5292000000,-800,false,-0.91
"CTR",111707,"/Date(1701058647000)/",86800,100,60400,5275000000,-1200,true,-1.36
"CTR",111451,"/Date(1701058507000)/",87200,100,60300,5266000000,-800,false,-0.91
"CTR",111451,"/Date(1701058507000)/",87000,400,60200,5257000000,-1000,false,-1.14
"CTR",111451,"/Date(1701058507000)/",87000,100,59800,5222000000,-1000,false,-1.14
"CTR",111451,"/Date(1701058507000)/",87000,900,59700,5214000000,-1000,false,-1.14
"CTR",111451,"/Date(1701058507000)/",86900,500,58800,5135000000,-1100,false,-1.25
"CTR",111415,"/Date(1701058473000)/",86800,400,58300,5092000000,-1200,false,-1.36
"CTR",111412,"/Date(1701058470000)/",86800,100,57900,5057000000,-1200,false,-1.36
"CTR",111246,"/Date(1701058385000)/",86800,500,57800,5049000000,-1200,true,-1.36
"CTR",110740,"/Date(1701058078000)/",86600,300,57300,5005000000,-1400,true,-1.59
"CTR",110608,"/Date(1701057985000)/",86600,1200,57000,4979000000,-1400,true,-1.59
"CTR",110545,"/Date(1701057962000)/",86600,100,55800,4875000000,-1400,true,-1.59
"CTR",110545,"/Date(1701057962000)/",86600,100,55700,4867000000,-1400,true,-1.59
"CTR",110545,"/Date(1701057962000)/",86600,300,55600,4858000000,-1400,true,-1.59
"CTR",110403,"/Date(1701057860000)/",86700,2000,55300,4832000000,-1300,false,-1.48
"CTR",105917,"/Date(1701057575000)/",86600,100,53300,4659000000,-1400,true,-1.59
"CTR",105706,"/Date(1701057443000)/",86600,600,53200,4650000000,-1400,true,-1.59
"CTR",105706,"/Date(1701057443000)/",86800,400,52600,4598000000,-1200,false,-1.36
"CTR",105618,"/Date(1701057394000)/",86800,100,52200,4563000000,-1200,true,-1.36
"CTR",105320,"/Date(1701057215000)/",86800,100,52100,4554000000,-1200,true,-1.36
"CTR",105106,"/Date(1701057082000)/",87000,100,52000,4546000000,-1000,false,-1.14
"CTR",104820,"/Date(1701056917000)/",87000,1000,51900,4537000000,-1000,false,-1.14
"CTR",104820,"/Date(1701056917000)/",86900,900,50900,4450000000,-1100,false,-1.25
"CTR",104440,"/Date(1701056695000)/",86800,100,50000,4372000000,-1200,false,-1.36
"CTR",104440,"/Date(1701056695000)/",86800,3900,49900,4363000000,-1200,false,-1.36
"CTR",104424,"/Date(1701056674000)/",86800,1100,46000,4025000000,-1200,true,-1.36
"CTR",104424,"/Date(1701056672000)/",86800,900,44900,3929000000,-1200,true,-1.36
"CTR",104424,"/Date(1701056670000)/",86800,1300,44000,3851000000,-1200,true,-1.36
"CTR",104356,"/Date(1701056652000)/",86800,1300,42700,3738000000,-1200,true,-1.36
"CTR",104346,"/Date(1701056642000)/",86800,1300,41400,3625000000,-1200,true,-1.36
"CTR",104305,"/Date(1701056599000)/",86800,200,40100,3513000000,-1200,true,-1.36
"CTR",104246,"/Date(1701056581000)/",86800,100,39900,3495000000,-1200,true,-1.36
"CTR",103951,"/Date(1701056406000)/",87000,500,39800,3487000000,-1000,true,-1.14
"CTR",103815,"/Date(1701056310000)/",87000,1500,39300,3443000000,-1000,true,-1.14
"CTR",103740,"/Date(1701056273000)/",87000,100,37800,3313000000,-1000,false,-1.14
"CTR",103740,"/Date(1701056273000)/",87000,100,37700,3304000000,-1000,false,-1.14
"CTR",103740,"/Date(1701056273000)/",87000,200,37600,3295000000,-1000,false,-1.14
"CTR",103740,"/Date(1701056273000)/",87000,100,37400,3278000000,-1000,false,-1.14
"CTR",103451,"/Date(1701056104000)/",87000,200,37300,3269000000,-1000,true,-1.14
"CTR",103451,"/Date(1701056104000)/",87000,500,37100,3252000000,-1000,true,-1.14
"CTR",103451,"/Date(1701056104000)/",87000,300,36600,3208000000,-1000,true,-1.14
"CTR",103441,"/Date(1701056095000)/",87000,200,36300,3182000000,-1000,true,-1.14
"CTR",103441,"/Date(1701056095000)/",87000,300,36100,3165000000,-1000,true,-1.14
"CTR",103441,"/Date(1701056095000)/",87100,500,35800,3139000000,-900,false,-1.02
"CTR",103431,"/Date(1701056086000)/",87000,700,35300,3095000000,-1000,true,-1.14
"CTR",103431,"/Date(1701056086000)/",87000,100,34600,3034000000,-1000,true,-1.14
"CTR",103431,"/Date(1701056086000)/",87000,200,34500,3025000000,-1000,true,-1.14
"CTR",103403,"/Date(1701056058000)/",87000,300,34300,3008000000,-1000,true,-1.14
"CTR",103403,"/Date(1701056058000)/",87000,100,34000,2982000000,-1000,true,-1.14
"CTR",103403,"/Date(1701056058000)/",87000,500,33900,2973000000,-1000,true,-1.14
"CTR",103403,"/Date(1701056058000)/",87000,100,33400,2930000000,-1000,true,-1.14
"CTR",103224,"/Date(1701055957000)/",87000,100,33300,2921000000,-1000,true,-1.14
"CTR",103158,"/Date(1701055932000)/",87100,100,33200,2912000000,-900,true,-1.02
"CTR",102850,"/Date(1701055743000)/",87100,100,33100,2904000000,-900,false,-1.02
"CTR",102809,"/Date(1701055704000)/",87200,100,33000,2895000000,-800,true,-0.91
"CTR",102809,"/Date(1701055704000)/",87200,500,32900,2886000000,-800,true,-0.91
"CTR",102737,"/Date(1701055672000)/",87300,200,32400,2843000000,-700,true,-0.8
"CTR",102656,"/Date(1701055629000)/",87300,200,32200,2825000000,-700,false,-0.8
"CTR",102633,"/Date(1701055608000)/",87300,300,32000,2808000000,-700,true,-0.8
"CTR",102614,"/Date(1701055588000)/",87300,200,31700,2781000000,-700,false,-0.8
"CTR",102542,"/Date(1701055555000)/",87300,500,31500,2764000000,-700,false,-0.8
"CTR",102530,"/Date(1701055544000)/",87300,100,31000,2720000000,-700,false,-0.8
"CTR",102530,"/Date(1701055544000)/",87300,300,30900,2712000000,-700,false,-0.8
"CTR",102429,"/Date(1701055481000)/",87300,500,30600,2685000000,-700,false,-0.8
"CTR",102348,"/Date(1701055441000)/",87300,200,30100,2642000000,-700,true,-0.8
"CTR",102322,"/Date(1701055414000)/",87300,300,29900,2624000000,-700,true,-0.8
"CTR",102316,"/Date(1701055408000)/",87300,400,29600,2598000000,-700,false,-0.8
"CTR",102206,"/Date(1701055340000)/",87300,300,29200,2563000000,-700,true,-0.8
"CTR",102015,"/Date(1701055226000)/",87300,200,28900,2537000000,-700,false,-0.8
"CTR",102011,"/Date(1701055226000)/",87300,200,28700,2520000000,-700,false,-0.8
"CTR",102005,"/Date(1701055217000)/",87300,200,28500,2502000000,-700,false,-0.8
"CTR",101956,"/Date(1701055208000)/",87300,200,28300,2485000000,-700,false,-0.8
"CTR",101946,"/Date(1701055200000)/",87300,200,28100,2467000000,-700,false,-0.8
"CTR",101745,"/Date(1701055078000)/",87200,100,27900,2450000000,-800,true,-0.91
"CTR",101415,"/Date(1701054868000)/",87200,400,27800,2441000000,-800,true,-0.91
"CTR",101334,"/Date(1701054826000)/",87200,1000,27400,2406000000,-800,false,-0.91
"CTR",101058,"/Date(1701054669000)/",87000,200,26400,2319000000,-1000,true,-1.14
"CTR",100935,"/Date(1701054586000)/",87000,100,26200,2301000000,-1000,true,-1.14
"CTR",100935,"/Date(1701054586000)/",87000,100,26100,2293000000,-1000,true,-1.14
"CTR",100919,"/Date(1701054572000)/",87000,100,26000,2284000000,-1000,true,-1.14
"CTR",100900,"/Date(1701054553000)/",87000,100,25900,2275000000,-1000,true,-1.14
"CTR",100900,"/Date(1701054553000)/",87000,100,25800,2267000000,-1000,true,-1.14
"CTR",100900,"/Date(1701054553000)/",87000,300,25700,2258000000,-1000,true,-1.14
"CTR",100819,"/Date(1701054511000)/",87000,500,25400,2232000000,-1000,true,-1.14
"CTR",100744,"/Date(1701054477000)/",87000,500,24900,2188000000,-1000,true,-1.14
"CTR",100738,"/Date(1701054469000)/",87200,100,24400,2145000000,-800,false,-0.91
"CTR",100550,"/Date(1701054362000)/",87400,100,24300,2136000000,-600,false,-0.68
"CTR",100550,"/Date(1701054362000)/",87400,900,24200,2127000000,-600,false,-0.68
"CTR",100546,"/Date(1701054359000)/",87400,100,23300,2049000000,-600,true,-0.68
"CTR",100307,"/Date(1701054199000)/",87500,100,23200,2040000000,-500,false,-0.57
"CTR",95843,"/Date(1701053934000)/",87500,300,23100,2031000000,-500,false,-0.57
"CTR",95827,"/Date(1701053918000)/",87500,1000,22800,2005000000,-500,true,-0.57
"CTR",95827,"/Date(1701053918000)/",87500,500,21800,1918000000,-500,true,-0.57
"CTR",94706,"/Date(1701053238000)/",87900,100,21300,1874000000,-100,false,-0.11
"CTR",94606,"/Date(1701053176000)/",87900,400,21200,1865000000,-100,true,-0.11
"CTR",94550,"/Date(1701053159000)/",88000,200,20800,1830000000,0,false,0
"CTR",94136,"/Date(1701052904000)/",88000,100,20600,1812000000,0,false,0
"CTR",94030,"/Date(1701052838000)/",87900,3000,20500,1803000000,-100,true,-0.11
"CTR",94014,"/Date(1701052822000)/",87900,100,17500,1540000000,-100,false,-0.11
"CTR",94014,"/Date(1701052822000)/",87900,500,17400,1531000000,-100,false,-0.11
"CTR",94014,"/Date(1701052822000)/",87900,500,16900,1487000000,-100,false,-0.11
"CTR",94014,"/Date(1701052822000)/",87900,500,16400,1443000000,-100,false,-0.11
"CTR",94007,"/Date(1701052817000)/",87900,200,15900,1399000000,-100,false,-0.11
"CTR",94007,"/Date(1701052817000)/",87800,500,15700,1382000000,-200,false,-0.23
"CTR",93107,"/Date(1701052277000)/",87900,100,15200,1338000000,-100,false,-0.11
"CTR",92857,"/Date(1701052145000)/",87900,200,15100,1329000000,-100,false,-0.11
"CTR",92359,"/Date(1701051847000)/",88000,400,14900,1311000000,0,true,0
"CTR",92318,"/Date(1701051807000)/",88000,4600,14500,1276000000,0,false,0
"CTR",92250,"/Date(1701051777000)/",88000,1000,9900,871000000,0,false,0
"CTR",92250,"/Date(1701051777000)/",88000,100,8900,783000000,0,false,0
"CTR",92250,"/Date(1701051777000)/",88000,100,8800,774000000,0,false,0
"CTR",92250,"/Date(1701051777000)/",88000,100,8700,766000000,0,false,0
"CTR",92250,"/Date(1701051777000)/",88000,1000,8600,757000000,0,false,0
"CTR",92250,"/Date(1701051777000)/",88000,100,7600,669000000,0,false,0
"CTR",92250,"/Date(1701051777000)/",88000,100,7500,660000000,0,false,0
"CTR",92250,"/Date(1701051777000)/",88000,500,7400,651000000,0,false,0
"CTR",91539,"/Date(1701051346000)/",88000,1200,6900,607000000,0,false,0
"CTR",91539,"/Date(1701051346000)/",88000,100,5700,502000000,0,false,0
"CTR",91539,"/Date(1701051346000)/",88000,200,5600,493000000,0,false,0
"CTR",91508,"/Date(1701051315000)/",88100,100,5400,475000000,100,false,0.11
"CTR",91508,"/Date(1701051315000)/",88100,100,5300,466000000,100,false,0.11
"CTR",91452,"/Date(1701051300000)/",88100,5200,5200,458000000,100,false,0.11
