"Stockcode","Package","TradingDate","Price","Vol","TotalVol","TotalVal","Change","IsBuy","PerChange"
"DMC",144423,"/Date(1701071100000)/",57000,2500,10300,585000000,-1900,false,-3.23
"DMC",142311,"/Date(1701069827000)/",57100,100,7800,442000000,-1800,true,-3.06
"DMC",142035,"/Date(1701069670000)/",57100,100,7700,437000000,-1800,true,-3.06
"DMC",141804,"/Date(1701069520000)/",57000,100,7600,431000000,-1900,true,-3.23
"DMC",141541,"/Date(1701069375000)/",57000,100,7500,425000000,-1900,true,-3.23
"DMC",141320,"/Date(1701069234000)/",57000,100,7400,420000000,-1900,true,-3.23
"DMC",141103,"/Date(1701069097000)/",57000,100,7300,414000000,-1900,true,-3.23
"DMC",140846,"/Date(1701068960000)/",56900,100,7200,408000000,-2000,true,-3.4
"DMC",140631,"/Date(1701068826000)/",56900,100,7100,403000000,-2000,true,-3.4
"DMC",140420,"/Date(1701068694000)/",56900,100,7000,397000000,-2000,true,-3.4
"DMC",140209,"/Date(1701068564000)/",56900,100,6900,391000000,-2000,true,-3.4
"DMC",140002,"/Date(1701068435000)/",56900,100,6800,385000000,-2000,true,-3.4
"DMC",135754,"/Date(1701068306000)/",56900,100,6700,380000000,-2000,true,-3.4
"DMC",135546,"/Date(1701068179000)/",56900,100,6600,374000000,-2000,true,-3.4
"DMC",135339,"/Date(1701068053000)/",56900,100,6500,368000000,-2000,true,-3.4
"DMC",135134,"/Date(1701067927000)/",56900,100,6400,363000000,-2000,true,-3.4
"DMC",134955,"/Date(1701067826000)/",56900,100,6300,357000000,-2000,true,-3.4
"DMC",134930,"/Date(1701067803000)/",56900,100,6200,351000000,-2000,true,-3.4
"DMC",134725,"/Date(1701067679000)/",56900,100,6100,346000000,-2000,true,-3.4
"DMC",134524,"/Date(1701067556000)/",56900,100,6000,340000000,-2000,true,-3.4
"DMC",134323,"/Date(1701067433000)/",56900,100,5900,334000000,-2000,true,-3.4
"DMC",134122,"/Date(1701067312000)/",56800,100,5800,329000000,-2100,true,-3.57
"DMC",133921,"/Date(1701067190000)/",56800,100,5700,323000000,-2100,true,-3.57
"DMC",133719,"/Date(1701067070000)/",56800,100,5600,317000000,-2100,true,-3.57
"DMC",133518,"/Date(1701066950000)/",56800,100,5500,312000000,-2100,true,-3.57
"DMC",133320,"/Date(1701066830000)/",56800,100,5400,306000000,-2100,true,-3.57
"DMC",133122,"/Date(1701066711000)/",56800,100,5300,300000000,-2100,true,-3.57
"DMC",132921,"/Date(1701066592000)/",56800,100,5200,295000000,-2100,true,-3.57
"DMC",132723,"/Date(1701066474000)/",56800,100,5100,289000000,-2100,true,-3.57
"DMC",132528,"/Date(1701066357000)/",56800,100,5000,283000000,-2100,true,-3.57
"DMC",132330,"/Date(1701066240000)/",56800,100,4900,277000000,-2100,true,-3.57
"DMC",132132,"/Date(1701066123000)/",56700,100,4800,272000000,-2200,true,-3.74
"DMC",131938,"/Date(1701066006000)/",56700,100,4700,266000000,-2200,true,-3.74
"DMC",131740,"/Date(1701065890000)/",56800,100,4600,260000000,-2100,false,-3.57
"DMC",131545,"/Date(1701065774000)/",56800,100,4500,255000000,-2100,true,-3.57
"DMC",131350,"/Date(1701065659000)/",56800,100,4400,249000000,-2100,true,-3.57
"DMC",131156,"/Date(1701065544000)/",56800,100,4300,243000000,-2100,true,-3.57
"DMC",131001,"/Date(1701065429000)/",56800,100,4200,238000000,-2100,true,-3.57
"DMC",130807,"/Date(1701065315000)/",56800,100,4100,232000000,-2100,true,-3.57
"DMC",130612,"/Date(1701065201000)/",56800,100,4000,226000000,-2100,true,-3.57
"DMC",130417,"/Date(1701065087000)/",56800,100,3900,221000000,-2100,true,-3.57
"DMC",130226,"/Date(1701064973000)/",56800,100,3800,215000000,-2100,true,-3.57
"DMC",130034,"/Date(1701064861000)/",56800,100,3700,209000000,-2100,true,-3.57
"DMC",112337,"/Date(1701059034000)/",56800,100,3600,204000000,-2100,true,-3.57
"DMC",111941,"/Date(1701058800000)/",56800,100,3500,198000000,-2100,true,-3.57
"DMC",111548,"/Date(1701058565000)/",56800,100,3400,192000000,-2100,true,-3.57
"DMC",111155,"/Date(1701058332000)/",56800,100,3300,187000000,-2100,true,-3.57
"DMC",110803,"/Date(1701058099000)/",56800,100,3200,181000000,-2100,true,-3.57
"DMC",110410,"/Date(1701057866000)/",56800,100,3100,175000000,-2100,true,-3.57
"DMC",110017,"/Date(1701057634000)/",56800,100,3000,170000000,-2100,true,-3.57
"DMC",105628,"/Date(1701057403000)/",56800,100,2900,164000000,-2100,true,-3.57
"DMC",105235,"/Date(1701057171000)/",56800,100,2800,158000000,-2100,true,-3.57
"DMC",104846,"/Date(1701056941000)/",56800,100,2700,153000000,-2100,true,-3.57
"DMC",104456,"/Date(1701056711000)/",56800,100,2600,147000000,-2100,true,-3.57
"DMC",104107,"/Date(1701056481000)/",56800,100,2500,141000000,-2100,true,-3.57
"DMC",103717,"/Date(1701056252000)/",56800,100,2400,135000000,-2100,true,-3.57
"DMC",103328,"/Date(1701056023000)/",56800,100,2300,130000000,-2100,true,-3.57
"DMC",102941,"/Date(1701055794000)/",56800,100,2200,124000000,-2100,true,-3.57
"DMC",102552,"/Date(1701055566000)/",56800,100,2100,118000000,-2100,true,-3.57
"DMC",102206,"/Date(1701055338000)/",56800,100,2000,113000000,-2100,true,-3.57
"DMC",101817,"/Date(1701055111000)/",56800,100,1900,107000000,-2100,true,-3.57
"DMC",101431,"/Date(1701054884000)/",56800,100,1800,101000000,-2100,true,-3.57
"DMC",101045,"/Date(1701054658000)/",56800,100,1700,96000000,-2100,true,-3.57
"DMC",100700,"/Date(1701054432000)/",56800,100,1600,90000000,-2100,true,-3.57
"DMC",100314,"/Date(1701054206000)/",56800,100,1500,84000000,-2100,true,-3.57
"DMC",95928,"/Date(1701053980000)/",56800,100,1400,79000000,-2100,true,-3.57
"DMC",95545,"/Date(1701053755000)/",56700,100,1300,73000000,-2200,true,-3.74
"DMC",95200,"/Date(1701053530000)/",56700,100,1200,67000000,-2200,true,-3.74
"DMC",94816,"/Date(1701053306000)/",56700,100,1100,62000000,-2200,true,-3.74
"DMC",94431,"/Date(1701053082000)/",56700,100,1000,56000000,-2200,true,-3.74
"DMC",94049,"/Date(1701052858000)/",56600,100,900,50000000,-2300,true,-3.9
"DMC",93706,"/Date(1701052635000)/",56500,100,800,45000000,-2400,true,-4.07
"DMC",93318,"/Date(1701052405000)/",57200,100,700,39000000,-1700,false,-2.89
"DMC",93318,"/Date(1701052405000)/",57100,100,600,33000000,-1800,false,-3.06
"DMC",93318,"/Date(1701052405000)/",57100,100,500,28000000,-1800,false,-3.06
"DMC",92942,"/Date(1701052189000)/",56100,100,400,22000000,-2800,true,-4.75
"DMC",92600,"/Date(1701051967000)/",56100,100,300,16000000,-2800,true,-4.75
"DMC",92218,"/Date(1701051744000)/",56000,100,200,11000000,-2900,true,-4.92
"DMC",91836,"/Date(1701051523000)/",55600,100,100,5000000,-3300,true,-5.6
