"Stockcode","Package","TradingDate","Price","Vol","TotalVol","TotalVal","Change","IsBuy","PerChange"
"HSG",144426,"/Date(1701071100000)/",20650,309200,7223500,150156000000,-300,false,-1.43
"HSG",142919,"/Date(1701070195000)/",20750,500,6914300,143771000000,-200,true,-0.95
"HSG",142919,"/Date(1701070195000)/",20750,1500,6913800,143761000000,-200,true,-0.95
"HSG",142919,"/Date(1701070193000)/",20800,100,6912300,143730000000,-150,false,-0.72
"HSG",142906,"/Date(1701070183000)/",20750,500,6912200,143728000000,-200,true,-0.95
"HSG",142906,"/Date(1701070181000)/",20800,400,6911700,143717000000,-150,true,-0.72
"HSG",142906,"/Date(1701070181000)/",20800,100,6911300,143709000000,-150,true,-0.72
"HSG",142906,"/Date(1701070181000)/",20800,100,6911200,143707000000,-150,true,-0.72
"HSG",142906,"/Date(1701070181000)/",20800,2000,6911100,143705000000,-150,true,-0.72
"HSG",142906,"/Date(1701070181000)/",20800,400,6909100,143663000000,-150,true,-0.72
"HSG",142906,"/Date(1701070181000)/",20800,100,6908700,143655000000,-150,true,-0.72
"HSG",142906,"/Date(1701070181000)/",20800,1400,6908600,143653000000,-150,true,-0.72
"HSG",142906,"/Date(1701070181000)/",20800,500,6907200,143624000000,-150,true,-0.72
"HSG",142906,"/Date(1701070181000)/",20800,100,6906700,143613000000,-150,true,-0.72
"HSG",142906,"/Date(1701070181000)/",20800,400,6906600,143611000000,-150,true,-0.72
"HSG",142906,"/Date(1701070181000)/",20800,1000,6906200,143603000000,-150,true,-0.72
"HSG",142906,"/Date(1701070181000)/",20800,200,6905200,143582000000,-150,true,-0.72
"HSG",142906,"/Date(1701070181000)/",20800,500,6905000,143578000000,-150,true,-0.72
"HSG",142906,"/Date(1701070181000)/",20800,100,6904500,143568000000,-150,true,-0.72
"HSG",142906,"/Date(1701070181000)/",20800,1000,6904400,143566000000,-150,true,-0.72
"HSG",142906,"/Date(1701070181000)/",20800,300,6903400,143545000000,-150,true,-0.72
"HSG",142903,"/Date(1701070180000)/",20800,2000,6903100,143539000000,-150,true,-0.72
"HSG",142857,"/Date(1701070174000)/",20800,100,6901100,143497000000,-150,true,-0.72
"HSG",142850,"/Date(1701070167000)/",20800,100,6901000,143495000000,-150,true,-0.72
"HSG",142847,"/Date(1701070164000)/",20950,1400,6900900,143493000000,0,false,0
"HSG",142847,"/Date(1701070164000)/",20950,100,6899500,143463000000,0,false,0
"HSG",142847,"/Date(1701070164000)/",20950,100,6899400,143461000000,0,false,0
"HSG",142847,"/Date(1701070164000)/",20950,200,6899300,143459000000,0,false,0
"HSG",142847,"/Date(1701070164000)/",20950,6600,6899100,143455000000,0,false,0
"HSG",142847,"/Date(1701070164000)/",20950,3000,6892500,143317000000,0,false,0
"HSG",142847,"/Date(1701070164000)/",20950,300,6889500,143254000000,0,false,0
"HSG",142847,"/Date(1701070164000)/",20950,1000,6889200,143248000000,0,false,0
"HSG",142847,"/Date(1701070164000)/",20950,100,6888200,143227000000,0,false,0
"HSG",142847,"/Date(1701070164000)/",20950,100,6888100,143225000000,0,false,0
"HSG",142847,"/Date(1701070164000)/",20950,100,6888000,143223000000,0,false,0
"HSG",142847,"/Date(1701070164000)/",20950,100,6887900,143220000000,0,false,0
"HSG",142847,"/Date(1701070164000)/",20950,1200,6887800,143218000000,0,false,0
"HSG",142847,"/Date(1701070164000)/",20900,100,6886600,143193000000,-50,false,-0.24
"HSG",142844,"/Date(1701070160000)/",20800,800,6886500,143191000000,-150,true,-0.72
"HSG",142844,"/Date(1701070160000)/",20850,200,6885700,143174000000,-100,false,-0.48
"HSG",142844,"/Date(1701070160000)/",20900,300,6885500,143170000000,-50,false,-0.24
"HSG",142844,"/Date(1701070159000)/",20900,100,6885200,143164000000,-50,false,-0.24
"HSG",142844,"/Date(1701070159000)/",20900,100,6885100,143162000000,-50,false,-0.24
"HSG",142844,"/Date(1701070159000)/",20900,400,6885000,143160000000,-50,false,-0.24
"HSG",142844,"/Date(1701070159000)/",20900,100,6884600,143151000000,-50,false,-0.24
"HSG",142841,"/Date(1701070155000)/",20850,300,6884500,143149000000,-100,true,-0.48
"HSG",142837,"/Date(1701070152000)/",20800,800,6884200,143143000000,-150,true,-0.72
"HSG",142828,"/Date(1701070145000)/",20800,1700,6883400,143127000000,-150,true,-0.72
"HSG",142828,"/Date(1701070145000)/",20850,400,6881700,143091000000,-100,false,-0.48
"HSG",142828,"/Date(1701070145000)/",20850,100,6881300,143083000000,-100,false,-0.48
"HSG",142828,"/Date(1701070145000)/",20850,500,6881200,143081000000,-100,false,-0.48
"HSG",142828,"/Date(1701070145000)/",20850,900,6880700,143070000000,-100,false,-0.48
"HSG",142828,"/Date(1701070145000)/",20850,1000,6879800,143052000000,-100,false,-0.48
"HSG",142828,"/Date(1701070145000)/",20850,3000,6878800,143031000000,-100,false,-0.48
"HSG",142828,"/Date(1701070145000)/",20850,500,6875800,142968000000,-100,false,-0.48
"HSG",142828,"/Date(1701070145000)/",20850,100,6875300,142958000000,-100,false,-0.48
"HSG",142828,"/Date(1701070145000)/",20850,1000,6875200,142956000000,-100,false,-0.48
"HSG",142828,"/Date(1701070145000)/",20850,100,6874200,142935000000,-100,false,-0.48
"HSG",142828,"/Date(1701070145000)/",20850,100,6874100,142933000000,-100,false,-0.48
"HSG",142828,"/Date(1701070145000)/",20850,100,6874000,142931000000,-100,false,-0.48
"HSG",142828,"/Date(1701070145000)/",20850,500,6873900,142929000000,-100,false,-0.48
"HSG",142821,"/Date(1701070138000)/",20900,200,6873400,142918000000,-50,false,-0.24
"HSG",142821,"/Date(1701070136000)/",20900,500,6873200,142914000000,-50,false,-0.24
"HSG",142821,"/Date(1701070136000)/",20900,2700,6872700,142903000000,-50,false,-0.24
"HSG",142818,"/Date(1701070135000)/",20900,300,6870000,142847000000,-50,true,-0.24
"HSG",142818,"/Date(1701070135000)/",20900,1200,6869700,142841000000,-50,true,-0.24
"HSG",142815,"/Date(1701070129000)/",20900,1800,6868500,142816000000,-50,true,-0.24
"HSG",142815,"/Date(1701070129000)/",20900,200,6866700,142778000000,-50,true,-0.24
"HSG",142759,"/Date(1701070114000)/",20950,300,6866500,142774000000,0,false,0
"HSG",142749,"/Date(1701070106000)/",21000,700,6866200,142768000000,50,false,0.24
"HSG",142749,"/Date(1701070106000)/",21000,1000,6865500,142753000000,50,false,0.24
"HSG",142749,"/Date(1701070106000)/",21000,200,6864500,142732000000,50,false,0.24
"HSG",142749,"/Date(1701070106000)/",21000,500,6864300,142728000000,50,false,0.24
"HSG",142749,"/Date(1701070106000)/",21000,400,6863800,142717000000,50,false,0.24
"HSG",142749,"/Date(1701070106000)/",21000,400,6863400,142709000000,50,false,0.24
"HSG",142749,"/Date(1701070106000)/",21000,1000,6863000,142700000000,50,false,0.24
"HSG",142749,"/Date(1701070106000)/",21000,500,6862000,142679000000,50,false,0.24
"HSG",142749,"/Date(1701070106000)/",21000,1000,6861500,142669000000,50,false,0.24
"HSG",142749,"/Date(1701070106000)/",21000,500,6860500,142648000000,50,false,0.24
"HSG",142749,"/Date(1701070106000)/",21000,100,6860000,142637000000,50,false,0.24
"HSG",142749,"/Date(1701070106000)/",21000,400,6859900,142635000000,50,false,0.24
"HSG",142749,"/Date(1701070106000)/",21000,1000,6859500,142627000000,50,false,0.24
"HSG",142749,"/Date(1701070106000)/",21000,1000,6858500,142606000000,50,false,0.24
"HSG",142749,"/Date(1701070106000)/",21000,500,6857500,142585000000,50,false,0.24
"HSG",142749,"/Date(1701070106000)/",21000,2000,6857000,142574000000,50,false,0.24
"HSG",142749,"/Date(1701070106000)/",21000,200,6855000,142532000000,50,false,0.24
"HSG",142749,"/Date(1701070106000)/",21000,1000,6854800,142528000000,50,false,0.24
"HSG",142749,"/Date(1701070106000)/",21000,1000,6853800,142507000000,50,false,0.24
"HSG",142749,"/Date(1701070106000)/",21000,500,6852800,142486000000,50,false,0.24
"HSG",142749,"/Date(1701070106000)/",21000,200,6852300,142476000000,50,false,0.24
"HSG",142749,"/Date(1701070106000)/",21000,500,6852100,142471000000,50,false,0.24
"HSG",142749,"/Date(1701070106000)/",21000,1500,6851600,142461000000,50,false,0.24
"HSG",142749,"/Date(1701070106000)/",20950,100,6850100,142429000000,0,false,0
"HSG",142749,"/Date(1701070106000)/",20950,2700,6850000,142427000000,0,false,0
"HSG",142749,"/Date(1701070106000)/",20900,1000,6847300,142371000000,-50,false,-0.24
"HSG",142749,"/Date(1701070106000)/",20900,100,6846300,142350000000,-50,false,-0.24
"HSG",142749,"/Date(1701070104000)/",20900,400,6846200,142348000000,-50,false,-0.24
"HSG",142749,"/Date(1701070104000)/",20900,300,6845800,142339000000,-50,false,-0.24
"HSG",142743,"/Date(1701070099000)/",20900,2000,6845500,142333000000,-50,false,-0.24
"HSG",142743,"/Date(1701070099000)/",20900,200,6843500,142291000000,-50,false,-0.24
"HSG",142743,"/Date(1701070099000)/",20950,100,6843300,142287000000,0,false,0
"HSG",142740,"/Date(1701070094000)/",20950,200,6843200,142285000000,0,false,0
"HSG",142733,"/Date(1701070090000)/",20850,1100,6843000,142281000000,-100,true,-0.48
"HSG",142733,"/Date(1701070090000)/",20900,500,6841900,142258000000,-50,true,-0.24
"HSG",142733,"/Date(1701070090000)/",20900,400,6841400,142248000000,-50,true,-0.24
"HSG",142727,"/Date(1701070082000)/",21000,3500,6841000,142239000000,50,false,0.24
"HSG",142727,"/Date(1701070082000)/",21000,2000,6837500,142166000000,50,false,0.24
"HSG",142727,"/Date(1701070082000)/",21000,1500,6835500,142124000000,50,false,0.24
"HSG",142727,"/Date(1701070082000)/",21000,2500,6834000,142092000000,50,false,0.24
"HSG",142727,"/Date(1701070082000)/",21000,100,6831500,142040000000,50,false,0.24
"HSG",142727,"/Date(1701070082000)/",21000,1000,6831400,142038000000,50,false,0.24
"HSG",142727,"/Date(1701070082000)/",21000,4000,6830400,142017000000,50,false,0.24
"HSG",142727,"/Date(1701070082000)/",21000,100,6826400,141933000000,50,false,0.24
"HSG",142727,"/Date(1701070082000)/",21000,200,6826300,141931000000,50,false,0.24
"HSG",142727,"/Date(1701070082000)/",21000,300,6826100,141926000000,50,false,0.24
"HSG",142727,"/Date(1701070082000)/",21000,1000,6825800,141920000000,50,false,0.24
"HSG",142727,"/Date(1701070082000)/",21000,1700,6824800,141899000000,50,false,0.24
"HSG",142727,"/Date(1701070082000)/",21000,100,6823100,141863000000,50,false,0.24
"HSG",142727,"/Date(1701070082000)/",21000,200,6823000,141861000000,50,false,0.24
"HSG",142727,"/Date(1701070082000)/",21000,800,6822800,141857000000,50,false,0.24
"HSG",142727,"/Date(1701070082000)/",21000,1100,6822000,141840000000,50,false,0.24
"HSG",142727,"/Date(1701070082000)/",21000,100,6820900,141817000000,50,false,0.24
"HSG",142727,"/Date(1701070082000)/",21000,1000,6820800,141815000000,50,false,0.24
"HSG",142727,"/Date(1701070082000)/",21000,100,6819800,141794000000,50,false,0.24
"HSG",142727,"/Date(1701070082000)/",21000,500,6819700,141792000000,50,false,0.24
"HSG",142727,"/Date(1701070082000)/",21000,500,6819200,141781000000,50,false,0.24
"HSG",142727,"/Date(1701070082000)/",21000,100,6818700,141771000000,50,false,0.24
"HSG",142727,"/Date(1701070082000)/",21000,100,6818600,141769000000,50,false,0.24
"HSG",142727,"/Date(1701070082000)/",21000,5000,6818500,141767000000,50,false,0.24
"HSG",142727,"/Date(1701070082000)/",21000,200,6813500,141662000000,50,false,0.24
"HSG",142727,"/Date(1701070082000)/",21000,500,6813300,141658000000,50,false,0.24
"HSG",142727,"/Date(1701070082000)/",21000,100,6812800,141647000000,50,false,0.24
"HSG",142727,"/Date(1701070082000)/",21000,100,6812700,141645000000,50,false,0.24
"HSG",142727,"/Date(1701070082000)/",21000,400,6812600,141643000000,50,false,0.24
"HSG",142727,"/Date(1701070082000)/",20950,500,6812200,141634000000,0,false,0
"HSG",142727,"/Date(1701070082000)/",20950,3000,6811700,141624000000,0,false,0
"HSG",142727,"/Date(1701070082000)/",20950,3000,6808700,141561000000,0,false,0
"HSG",142727,"/Date(1701070082000)/",20950,100,6805700,141498000000,0,false,0
"HSG",142727,"/Date(1701070082000)/",20950,200,6805600,141496000000,0,false,0
"HSG",142727,"/Date(1701070082000)/",20950,3000,6805400,141492000000,0,false,0
"HSG",142727,"/Date(1701070082000)/",20950,1000,6802400,141429000000,0,false,0
"HSG",142727,"/Date(1701070082000)/",20950,1000,6801400,141408000000,0,false,0
"HSG",142727,"/Date(1701070082000)/",20950,700,6800400,141387000000,0,false,0
"HSG",142727,"/Date(1701070082000)/",20950,1000,6799700,141373000000,0,false,0
"HSG",142727,"/Date(1701070082000)/",20950,500,6798700,141352000000,0,false,0
"HSG",142727,"/Date(1701070082000)/",20950,500,6798200,141341000000,0,false,0
"HSG",142727,"/Date(1701070082000)/",20950,4400,6797700,141331000000,0,false,0
"HSG",142727,"/Date(1701070082000)/",20950,2100,6793300,141238000000,0,false,0
"HSG",142727,"/Date(1701070082000)/",20950,200,6791200,141194000000,0,false,0
"HSG",142721,"/Date(1701070077000)/",20900,200,6791000,141190000000,-50,true,-0.24
"HSG",142721,"/Date(1701070076000)/",20900,100,6790800,141186000000,-50,true,-0.24
"HSG",142717,"/Date(1701070074000)/",20900,1500,6790700,141184000000,-50,false,-0.24
"HSG",142717,"/Date(1701070074000)/",20900,7000,6789200,141153000000,-50,false,-0.24
"HSG",142717,"/Date(1701070074000)/",20900,800,6782200,141006000000,-50,false,-0.24
"HSG",142717,"/Date(1701070073000)/",20900,200,6781400,140990000000,-50,false,-0.24
"HSG",142717,"/Date(1701070073000)/",20900,100,6781200,140985000000,-50,false,-0.24
"HSG",142717,"/Date(1701070073000)/",20900,700,6781100,140983000000,-50,false,-0.24
"HSG",142714,"/Date(1701070070000)/",20900,9300,6780400,140969000000,-50,false,-0.24
"HSG",142714,"/Date(1701070070000)/",20900,600,6771100,140774000000,-50,false,-0.24
"HSG",142714,"/Date(1701070070000)/",20900,200,6770500,140762000000,-50,false,-0.24
"HSG",142714,"/Date(1701070070000)/",20900,1000,6770300,140758000000,-50,false,-0.24
"HSG",142714,"/Date(1701070070000)/",20900,500,6769300,140737000000,-50,false,-0.24
"HSG",142714,"/Date(1701070070000)/",20900,500,6768800,140726000000,-50,false,-0.24
"HSG",142714,"/Date(1701070070000)/",20900,500,6768300,140716000000,-50,false,-0.24
"HSG",142714,"/Date(1701070070000)/",20900,2000,6767800,140705000000,-50,false,-0.24
"HSG",142714,"/Date(1701070070000)/",20900,5000,6765800,140664000000,-50,false,-0.24
"HSG",142714,"/Date(1701070070000)/",20900,400,6760800,140559000000,-50,false,-0.24
"HSG",142705,"/Date(1701070059000)/",20850,100,6760400,140551000000,-100,true,-0.48
"HSG",142701,"/Date(1701070058000)/",20900,100,6760300,140549000000,-50,false,-0.24
"HSG",142701,"/Date(1701070058000)/",20900,500,6760200,140547000000,-50,false,-0.24
"HSG",142701,"/Date(1701070058000)/",20900,1400,6759700,140536000000,-50,false,-0.24
"HSG",142655,"/Date(1701070050000)/",20850,200,6758300,140507000000,-100,true,-0.48
"HSG",142652,"/Date(1701070048000)/",20900,200,6758100,140503000000,-50,false,-0.24
"HSG",142652,"/Date(1701070047000)/",20850,1100,6757900,140498000000,-100,true,-0.48
"HSG",142652,"/Date(1701070047000)/",20850,1000,6756800,140476000000,-100,true,-0.48
"HSG",142652,"/Date(1701070047000)/",20850,500,6755800,140455000000,-100,true,-0.48
"HSG",142652,"/Date(1701070047000)/",20850,2000,6755300,140444000000,-100,true,-0.48
"HSG",142652,"/Date(1701070047000)/",20850,300,6753300,140403000000,-100,true,-0.48
"HSG",142652,"/Date(1701070047000)/",20850,1000,6753000,140396000000,-100,true,-0.48
"HSG",142652,"/Date(1701070047000)/",20850,2600,6752000,140375000000,-100,true,-0.48
"HSG",142652,"/Date(1701070047000)/",20850,1500,6749400,140321000000,-100,true,-0.48
"HSG",142652,"/Date(1701070047000)/",20850,500,6747900,140290000000,-100,true,-0.48
"HSG",142652,"/Date(1701070047000)/",20850,200,6747400,140280000000,-100,true,-0.48
"HSG",142645,"/Date(1701070042000)/",20900,200,6747200,140275000000,-50,false,-0.24
"HSG",142642,"/Date(1701070038000)/",20900,200,6747000,140271000000,-50,false,-0.24
"HSG",142642,"/Date(1701070038000)/",20900,9800,6746800,140267000000,-50,false,-0.24
"HSG",142636,"/Date(1701070032000)/",20850,600,6737000,140062000000,-100,true,-0.48
"HSG",142636,"/Date(1701070031000)/",20900,200,6736400,140050000000,-50,false,-0.24
"HSG",142636,"/Date(1701070031000)/",20900,1000,6736200,140046000000,-50,false,-0.24
"HSG",142636,"/Date(1701070031000)/",20900,4000,6735200,140025000000,-50,false,-0.24
"HSG",142636,"/Date(1701070031000)/",20900,1000,6731200,139941000000,-50,false,-0.24
"HSG",142636,"/Date(1701070031000)/",20900,3800,6730200,139920000000,-50,false,-0.24
"HSG",142636,"/Date(1701070031000)/",20900,100,6726400,139841000000,-50,false,-0.24
"HSG",142633,"/Date(1701070028000)/",20900,4400,6726300,139839000000,-50,false,-0.24
"HSG",142630,"/Date(1701070025000)/",20900,100,6721900,139747000000,-50,false,-0.24
"HSG",142620,"/Date(1701070015000)/",20900,1000,6721800,139745000000,-50,false,-0.24
"HSG",142620,"/Date(1701070014000)/",20850,400,6720800,139724000000,-100,true,-0.48
"HSG",142617,"/Date(1701070013000)/",20850,800,6720400,139715000000,-100,true,-0.48
"HSG",142617,"/Date(1701070013000)/",20850,200,6719600,139699000000,-100,true,-0.48
"HSG",142614,"/Date(1701070009000)/",20850,200,6719400,139694000000,-100,true,-0.48
"HSG",142607,"/Date(1701070001000)/",20850,500,6719200,139690000000,-100,true,-0.48
"HSG",142558,"/Date(1701069995000)/",20850,500,6718700,139680000000,-100,true,-0.48
"HSG",142554,"/Date(1701069991000)/",20850,1000,6718200,139669000000,-100,true,-0.48
"HSG",142554,"/Date(1701069989000)/",20900,600,6717200,139649000000,-50,false,-0.24
"HSG",142554,"/Date(1701069989000)/",20900,100,6716600,139636000000,-50,false,-0.24
"HSG",142554,"/Date(1701069989000)/",20900,100,6716500,139634000000,-50,false,-0.24
"HSG",142548,"/Date(1701069984000)/",20850,4000,6716400,139632000000,-100,true,-0.48
"HSG",142545,"/Date(1701069980000)/",20850,100,6712400,139548000000,-100,true,-0.48
"HSG",142545,"/Date(1701069980000)/",20850,4700,6712300,139546000000,-100,true,-0.48
"HSG",142545,"/Date(1701069979000)/",20850,300,6707600,139448000000,-100,true,-0.48
"HSG",142545,"/Date(1701069979000)/",20850,500,6707300,139442000000,-100,true,-0.48
"HSG",142545,"/Date(1701069979000)/",20850,500,6706800,139432000000,-100,true,-0.48
"HSG",142545,"/Date(1701069979000)/",20850,700,6706300,139421000000,-100,true,-0.48
"HSG",142545,"/Date(1701069979000)/",20850,300,6705600,139407000000,-100,true,-0.48
"HSG",142535,"/Date(1701069970000)/",20850,1000,6705300,139400000000,-100,true,-0.48
"HSG",142529,"/Date(1701069964000)/",20850,1600,6704300,139380000000,-100,false,-0.48
"HSG",142529,"/Date(1701069964000)/",20850,2000,6702700,139346000000,-100,false,-0.48
"HSG",142529,"/Date(1701069964000)/",20850,100,6700700,139305000000,-100,false,-0.48
"HSG",142522,"/Date(1701069959000)/",20850,3400,6700600,139302000000,-100,false,-0.48
"HSG",142522,"/Date(1701069959000)/",20850,100,6697200,139232000000,-100,false,-0.48
"HSG",142522,"/Date(1701069959000)/",20850,500,6697100,139229000000,-100,false,-0.48
"HSG",142522,"/Date(1701069959000)/",20850,1000,6696600,139219000000,-100,false,-0.48
"HSG",142516,"/Date(1701069952000)/",20850,1000,6695600,139198000000,-100,false,-0.48
"HSG",142516,"/Date(1701069950000)/",20800,500,6694600,139177000000,-150,true,-0.72
"HSG",142513,"/Date(1701069947000)/",20800,3300,6694100,139167000000,-150,true,-0.72
"HSG",142513,"/Date(1701069947000)/",20800,15000,6690800,139098000000,-150,true,-0.72
"HSG",142513,"/Date(1701069947000)/",20800,300,6675800,138786000000,-150,true,-0.72
"HSG",142513,"/Date(1701069947000)/",20800,1000,6675500,138780000000,-150,true,-0.72
"HSG",142513,"/Date(1701069947000)/",20800,400,6674500,138759000000,-150,true,-0.72
"HSG",142506,"/Date(1701069942000)/",20800,600,6674100,138751000000,-150,true,-0.72
"HSG",142506,"/Date(1701069942000)/",20800,400,6673500,138738000000,-150,true,-0.72
"HSG",142500,"/Date(1701069936000)/",20800,500,6673100,138730000000,-150,false,-0.72
"HSG",142500,"/Date(1701069935000)/",20800,2800,6672600,138720000000,-150,false,-0.72
"HSG",142500,"/Date(1701069935000)/",20800,200,6669800,138662000000,-150,false,-0.72
"HSG",142500,"/Date(1701069935000)/",20800,1000,6669600,138657000000,-150,false,-0.72
"HSG",142500,"/Date(1701069935000)/",20800,1000,6668600,138637000000,-150,false,-0.72
"HSG",142500,"/Date(1701069935000)/",20800,4100,6667600,138616000000,-150,false,-0.72
"HSG",142500,"/Date(1701069935000)/",20800,300,6663500,138530000000,-150,false,-0.72
"HSG",142450,"/Date(1701069927000)/",20800,2600,6663200,138524000000,-150,false,-0.72
"HSG",142450,"/Date(1701069927000)/",20800,400,6660600,138470000000,-150,false,-0.72
"HSG",142447,"/Date(1701069923000)/",20700,2000,6660200,138462000000,-250,true,-1.19
"HSG",142444,"/Date(1701069920000)/",20700,200,6658200,138420000000,-250,true,-1.19
"HSG",142444,"/Date(1701069920000)/",20700,200,6658000,138416000000,-250,true,-1.19
"HSG",142444,"/Date(1701069920000)/",20750,100,6657800,138412000000,-200,true,-0.95
"HSG",142444,"/Date(1701069919000)/",20800,600,6657700,138410000000,-150,false,-0.72
"HSG",142444,"/Date(1701069919000)/",20800,7500,6657100,138398000000,-150,false,-0.72
"HSG",142444,"/Date(1701069919000)/",20800,800,6649600,138242000000,-150,false,-0.72
"HSG",142444,"/Date(1701069919000)/",20800,300,6648800,138225000000,-150,false,-0.72
"HSG",142444,"/Date(1701069919000)/",20800,800,6648500,138219000000,-150,false,-0.72
"HSG",142441,"/Date(1701069915000)/",20700,800,6647700,138202000000,-250,true,-1.19
"HSG",142441,"/Date(1701069915000)/",20700,200,6646900,138186000000,-250,true,-1.19
"HSG",142434,"/Date(1701069911000)/",20700,500,6646700,138181000000,-250,true,-1.19
"HSG",142434,"/Date(1701069910000)/",20750,1000,6646200,138171000000,-200,false,-0.95
"HSG",142425,"/Date(1701069900000)/",20700,300,6645200,138150000000,-250,true,-1.19
"HSG",142425,"/Date(1701069900000)/",20700,500,6644900,138144000000,-250,true,-1.19
"HSG",142425,"/Date(1701069900000)/",20700,200,6644400,138134000000,-250,true,-1.19
"HSG",142425,"/Date(1701069900000)/",20700,300,6644200,138130000000,-250,true,-1.19
"HSG",142425,"/Date(1701069900000)/",20700,2000,6643900,138123000000,-250,true,-1.19
"HSG",142425,"/Date(1701069899000)/",20700,300,6641900,138082000000,-250,true,-1.19
"HSG",142422,"/Date(1701069897000)/",20700,500,6641600,138076000000,-250,false,-1.19
"HSG",142422,"/Date(1701069896000)/",20700,1000,6641100,138065000000,-250,false,-1.19
"HSG",142418,"/Date(1701069894000)/",20700,3000,6640100,138045000000,-250,false,-1.19
"HSG",142418,"/Date(1701069893000)/",20650,400,6637100,137983000000,-300,true,-1.43
"HSG",142418,"/Date(1701069892000)/",20700,100,6636700,137974000000,-250,false,-1.19
"HSG",142418,"/Date(1701069892000)/",20700,100,6636600,137972000000,-250,false,-1.19
"HSG",142418,"/Date(1701069891000)/",20700,100,6636500,137970000000,-250,false,-1.19
"HSG",142418,"/Date(1701069891000)/",20650,500,6636400,137968000000,-300,true,-1.43
"HSG",142418,"/Date(1701069891000)/",20700,600,6635900,137958000000,-250,false,-1.19
"HSG",142409,"/Date(1701069885000)/",20700,200,6635300,137945000000,-250,true,-1.19
"HSG",142409,"/Date(1701069885000)/",20700,200,6635100,137941000000,-250,true,-1.19
"HSG",142406,"/Date(1701069880000)/",20700,200,6634900,137937000000,-250,false,-1.19
"HSG",142346,"/Date(1701069862000)/",20650,1000,6634700,137933000000,-300,true,-1.43
"HSG",142343,"/Date(1701069859000)/",20650,2000,6633700,137912000000,-300,true,-1.43
"HSG",142343,"/Date(1701069859000)/",20650,500,6631700,137871000000,-300,true,-1.43
"HSG",142343,"/Date(1701069858000)/",20800,200,6631200,137861000000,-150,false,-0.72
"HSG",142343,"/Date(1701069858000)/",20800,300,6631000,137857000000,-150,false,-0.72
"HSG",142337,"/Date(1701069852000)/",20700,1000,6630700,137850000000,-250,false,-1.19
"HSG",142337,"/Date(1701069851000)/",20650,4000,6629700,137830000000,-300,true,-1.43
"HSG",142324,"/Date(1701069839000)/",20650,600,6625700,137747000000,-300,true,-1.43
"HSG",142324,"/Date(1701069838000)/",20650,500,6625100,137735000000,-300,true,-1.43
"HSG",142314,"/Date(1701069829000)/",20650,100,6624600,137724000000,-300,true,-1.43
"HSG",142314,"/Date(1701069828000)/",20650,5000,6624500,137722000000,-300,true,-1.43
"HSG",142305,"/Date(1701069821000)/",20650,100,6619500,137619000000,-300,true,-1.43
"HSG",142302,"/Date(1701069817000)/",20650,2700,6619400,137617000000,-300,true,-1.43
"HSG",142302,"/Date(1701069817000)/",20650,1000,6616700,137561000000,-300,true,-1.43
"HSG",142302,"/Date(1701069816000)/",20600,500,6615700,137541000000,-350,true,-1.67
"HSG",142259,"/Date(1701069814000)/",20650,500,6615200,137530000000,-300,false,-1.43
"HSG",142259,"/Date(1701069814000)/",20650,800,6614700,137520000000,-300,false,-1.43
"HSG",142259,"/Date(1701069814000)/",20650,2000,6613900,137503000000,-300,false,-1.43
"HSG",142259,"/Date(1701069814000)/",20650,200,6611900,137462000000,-300,false,-1.43
"HSG",142259,"/Date(1701069814000)/",20650,100,6611700,137458000000,-300,false,-1.43
"HSG",142259,"/Date(1701069814000)/",20650,1900,6611600,137456000000,-300,false,-1.43
"HSG",142259,"/Date(1701069813000)/",20650,1000,6609700,137417000000,-300,false,-1.43
"HSG",142255,"/Date(1701069811000)/",20600,500,6608700,137396000000,-350,true,-1.67
"HSG",142249,"/Date(1701069804000)/",20650,100,6608200,137386000000,-300,false,-1.43
"HSG",142249,"/Date(1701069804000)/",20650,500,6608100,137384000000,-300,false,-1.43
"HSG",142249,"/Date(1701069803000)/",20600,500,6607600,137373000000,-350,true,-1.67
"HSG",142246,"/Date(1701069802000)/",20650,100,6607100,137363000000,-300,false,-1.43
"HSG",142246,"/Date(1701069802000)/",20650,100,6607000,137361000000,-300,false,-1.43
"HSG",142246,"/Date(1701069800000)/",20600,2000,6606900,137359000000,-350,true,-1.67
"HSG",142233,"/Date(1701069789000)/",20600,5000,6604900,137318000000,-350,true,-1.67
"HSG",142230,"/Date(1701069786000)/",20600,3000,6599900,137215000000,-350,true,-1.67
"HSG",142230,"/Date(1701069786000)/",20650,1000,6596900,137153000000,-300,false,-1.43
"HSG",142230,"/Date(1701069786000)/",20600,200,6595900,137132000000,-350,true,-1.67
"HSG",142230,"/Date(1701069784000)/",20650,100,6595700,137128000000,-300,false,-1.43
"HSG",142226,"/Date(1701069782000)/",20650,500,6595600,137126000000,-300,false,-1.43
"HSG",142226,"/Date(1701069782000)/",20600,2000,6595100,137116000000,-350,true,-1.67
"HSG",142223,"/Date(1701069777000)/",20600,20000,6593100,137074000000,-350,true,-1.67
"HSG",142217,"/Date(1701069773000)/",20650,8000,6573100,136662000000,-300,false,-1.43
"HSG",142217,"/Date(1701069772000)/",20650,1000,6565100,136497000000,-300,false,-1.43
"HSG",142217,"/Date(1701069771000)/",20650,500,6564100,136477000000,-300,false,-1.43
"HSG",142214,"/Date(1701069770000)/",20650,1000,6563600,136466000000,-300,false,-1.43
"HSG",142214,"/Date(1701069769000)/",20600,6000,6562600,136446000000,-350,true,-1.67
"HSG",142210,"/Date(1701069765000)/",20650,2000,6556600,136322000000,-300,false,-1.43
"HSG",142207,"/Date(1701069764000)/",20650,1000,6554600,136281000000,-300,true,-1.43
"HSG",142207,"/Date(1701069764000)/",20650,200,6553600,136260000000,-300,true,-1.43
"HSG",142207,"/Date(1701069764000)/",20650,10000,6553400,136256000000,-300,true,-1.43
"HSG",142207,"/Date(1701069764000)/",20650,1000,6543400,136049000000,-300,true,-1.43
"HSG",142207,"/Date(1701069764000)/",20650,1000,6542400,136029000000,-300,true,-1.43
"HSG",142207,"/Date(1701069764000)/",20650,100,6541400,136008000000,-300,true,-1.43
"HSG",142207,"/Date(1701069764000)/",20650,100,6541300,136006000000,-300,true,-1.43
"HSG",142207,"/Date(1701069764000)/",20650,5000,6541200,136004000000,-300,true,-1.43
"HSG",142207,"/Date(1701069764000)/",20650,100,6536200,135901000000,-300,true,-1.43
"HSG",142207,"/Date(1701069764000)/",20650,400,6536100,135899000000,-300,true,-1.43
"HSG",142207,"/Date(1701069764000)/",20650,700,6535700,135890000000,-300,true,-1.43
"HSG",142207,"/Date(1701069764000)/",20650,600,6535000,135876000000,-300,true,-1.43
"HSG",142207,"/Date(1701069762000)/",20650,400,6534400,135864000000,-300,true,-1.43
"HSG",142207,"/Date(1701069762000)/",20650,200,6534000,135855000000,-300,true,-1.43
"HSG",142207,"/Date(1701069762000)/",20650,100,6533800,135851000000,-300,true,-1.43
"HSG",142207,"/Date(1701069762000)/",20650,100,6533700,135849000000,-300,true,-1.43
"HSG",142207,"/Date(1701069762000)/",20650,100,6533600,135847000000,-300,true,-1.43
"HSG",142207,"/Date(1701069762000)/",20650,100,6533500,135845000000,-300,true,-1.43
"HSG",142207,"/Date(1701069762000)/",20650,300,6533400,135843000000,-300,true,-1.43
"HSG",142207,"/Date(1701069762000)/",20650,700,6533100,135837000000,-300,true,-1.43
"HSG",142201,"/Date(1701069757000)/",20650,100,6532400,135822000000,-300,true,-1.43
"HSG",142201,"/Date(1701069757000)/",20650,200,6532300,135820000000,-300,true,-1.43
"HSG",142201,"/Date(1701069757000)/",20650,500,6532100,135816000000,-300,true,-1.43
"HSG",142201,"/Date(1701069757000)/",20650,200,6531600,135806000000,-300,true,-1.43
"HSG",142201,"/Date(1701069757000)/",20650,2000,6531400,135802000000,-300,true,-1.43
"HSG",142201,"/Date(1701069757000)/",20650,100,6529400,135760000000,-300,true,-1.43
"HSG",142201,"/Date(1701069757000)/",20650,5000,6529300,135758000000,-300,true,-1.43
"HSG",142201,"/Date(1701069757000)/",20650,500,6524300,135655000000,-300,true,-1.43
"HSG",142201,"/Date(1701069757000)/",20650,1000,6523800,135645000000,-300,true,-1.43
"HSG",142201,"/Date(1701069757000)/",20650,500,6522800,135624000000,-300,true,-1.43
"HSG",142201,"/Date(1701069757000)/",20650,500,6522300,135614000000,-300,true,-1.43
"HSG",142201,"/Date(1701069757000)/",20650,100,6521800,135603000000,-300,true,-1.43
"HSG",142201,"/Date(1701069757000)/",20650,100,6521700,135601000000,-300,true,-1.43
"HSG",142201,"/Date(1701069757000)/",20650,100,6521600,135599000000,-300,true,-1.43
"HSG",142201,"/Date(1701069757000)/",20650,100,6521500,135597000000,-300,true,-1.43
"HSG",142201,"/Date(1701069757000)/",20650,800,6521400,135595000000,-300,true,-1.43
"HSG",142201,"/Date(1701069757000)/",20650,500,6520600,135579000000,-300,true,-1.43
"HSG",142201,"/Date(1701069757000)/",20650,1000,6520100,135568000000,-300,true,-1.43
"HSG",142201,"/Date(1701069757000)/",20650,500,6519100,135548000000,-300,true,-1.43
"HSG",142201,"/Date(1701069757000)/",20650,10000,6518600,135537000000,-300,true,-1.43
"HSG",142201,"/Date(1701069757000)/",20650,1000,6508600,135331000000,-300,true,-1.43
"HSG",142201,"/Date(1701069757000)/",20650,300,6507600,135310000000,-300,true,-1.43
"HSG",142201,"/Date(1701069756000)/",20650,100,6507300,135304000000,-300,true,-1.43
"HSG",142158,"/Date(1701069753000)/",20650,100,6507200,135302000000,-300,true,-1.43
"HSG",142158,"/Date(1701069753000)/",20650,1000,6507100,135300000000,-300,true,-1.43
"HSG",142158,"/Date(1701069753000)/",20650,5000,6506100,135279000000,-300,true,-1.43
"HSG",142158,"/Date(1701069753000)/",20650,100,6501100,135176000000,-300,true,-1.43
"HSG",142158,"/Date(1701069753000)/",20650,1000,6501000,135174000000,-300,true,-1.43
"HSG",142158,"/Date(1701069753000)/",20650,200,6500000,135153000000,-300,true,-1.43
"HSG",142158,"/Date(1701069753000)/",20650,200,6499800,135149000000,-300,true,-1.43
"HSG",142158,"/Date(1701069753000)/",20650,1000,6499600,135145000000,-300,true,-1.43
"HSG",142158,"/Date(1701069753000)/",20650,1400,6498600,135124000000,-300,true,-1.43
"HSG",142154,"/Date(1701069750000)/",20650,400,6497200,135095000000,-300,true,-1.43
"HSG",142154,"/Date(1701069750000)/",20650,100,6496800,135087000000,-300,true,-1.43
"HSG",142154,"/Date(1701069750000)/",20650,300,6496700,135085000000,-300,true,-1.43
"HSG",142154,"/Date(1701069748000)/",20650,700,6496400,135079000000,-300,true,-1.43
"HSG",142151,"/Date(1701069748000)/",20650,500,6495700,135064000000,-300,true,-1.43
"HSG",142151,"/Date(1701069748000)/",20650,200,6495200,135054000000,-300,true,-1.43
"HSG",142145,"/Date(1701069740000)/",20650,100,6495000,135050000000,-300,true,-1.43
"HSG",142145,"/Date(1701069740000)/",20650,500,6494900,135048000000,-300,true,-1.43
"HSG",142145,"/Date(1701069740000)/",20650,100,6494400,135038000000,-300,true,-1.43
"HSG",142145,"/Date(1701069740000)/",20650,300,6494300,135036000000,-300,true,-1.43
"HSG",142145,"/Date(1701069740000)/",20650,500,6494000,135029000000,-300,true,-1.43
"HSG",142145,"/Date(1701069740000)/",20650,500,6493500,135019000000,-300,true,-1.43
"HSG",142142,"/Date(1701069738000)/",20650,100,6493000,135009000000,-300,true,-1.43
"HSG",142142,"/Date(1701069738000)/",20650,200,6492900,135007000000,-300,true,-1.43
"HSG",142142,"/Date(1701069736000)/",20650,100,6492700,135003000000,-300,true,-1.43
"HSG",142138,"/Date(1701069734000)/",20650,200,6492600,135000000000,-300,true,-1.43
"HSG",142138,"/Date(1701069734000)/",20650,500,6492400,134996000000,-300,true,-1.43
"HSG",142138,"/Date(1701069734000)/",20650,100,6491900,134986000000,-300,true,-1.43
"HSG",142138,"/Date(1701069734000)/",20650,200,6491800,134984000000,-300,true,-1.43
"HSG",142132,"/Date(1701069728000)/",20650,800,6491600,134980000000,-300,true,-1.43
"HSG",142132,"/Date(1701069728000)/",20650,200,6490800,134963000000,-300,true,-1.43
"HSG",142132,"/Date(1701069728000)/",20650,1000,6490600,134959000000,-300,true,-1.43
"HSG",142132,"/Date(1701069728000)/",20650,3000,6489600,134939000000,-300,true,-1.43
"HSG",142132,"/Date(1701069728000)/",20650,1000,6486600,134877000000,-300,true,-1.43
"HSG",142132,"/Date(1701069728000)/",20650,400,6485600,134856000000,-300,true,-1.43
"HSG",142132,"/Date(1701069728000)/",20650,800,6485200,134848000000,-300,true,-1.43
"HSG",142132,"/Date(1701069728000)/",20700,100,6484400,134831000000,-250,false,-1.19
"HSG",142132,"/Date(1701069728000)/",20700,100,6484300,134829000000,-250,false,-1.19
"HSG",142132,"/Date(1701069728000)/",20700,2000,6484200,134827000000,-250,false,-1.19
"HSG",142132,"/Date(1701069728000)/",20700,10000,6482200,134786000000,-250,false,-1.19
"HSG",142132,"/Date(1701069728000)/",20700,600,6472200,134579000000,-250,false,-1.19
"HSG",142126,"/Date(1701069721000)/",20700,400,6471600,134566000000,-250,true,-1.19
"HSG",142126,"/Date(1701069720000)/",20700,100,6471200,134558000000,-250,true,-1.19
"HSG",142126,"/Date(1701069720000)/",20700,100,6471100,134556000000,-250,true,-1.19
"HSG",142126,"/Date(1701069720000)/",20700,100,6471000,134554000000,-250,true,-1.19
"HSG",142126,"/Date(1701069720000)/",20750,300,6470900,134552000000,-200,true,-0.95
"HSG",142122,"/Date(1701069718000)/",20800,500,6470600,134545000000,-150,false,-0.72
"HSG",142110,"/Date(1701069704000)/",20800,1000,6470100,134535000000,-150,false,-0.72
"HSG",142107,"/Date(1701069701000)/",20650,29200,6469100,134514000000,-300,true,-1.43
"HSG",142107,"/Date(1701069701000)/",20650,100,6439900,133911000000,-300,true,-1.43
"HSG",142107,"/Date(1701069701000)/",20650,100,6439800,133909000000,-300,true,-1.43
"HSG",142107,"/Date(1701069701000)/",20650,200,6439700,133907000000,-300,true,-1.43
"HSG",142107,"/Date(1701069701000)/",20650,5000,6439500,133903000000,-300,true,-1.43
"HSG",142107,"/Date(1701069701000)/",20650,3000,6434500,133800000000,-300,true,-1.43
"HSG",142107,"/Date(1701069701000)/",20650,1200,6431500,133738000000,-300,true,-1.43
"HSG",142107,"/Date(1701069701000)/",20650,2000,6430300,133713000000,-300,true,-1.43
"HSG",142107,"/Date(1701069701000)/",20650,5000,6428300,133672000000,-300,true,-1.43
"HSG",142107,"/Date(1701069701000)/",20650,1000,6423300,133568000000,-300,true,-1.43
"HSG",142107,"/Date(1701069701000)/",20650,17000,6422300,133548000000,-300,true,-1.43
"HSG",142107,"/Date(1701069701000)/",20700,600,6405300,133197000000,-250,true,-1.19
"HSG",142107,"/Date(1701069701000)/",20700,500,6404700,133184000000,-250,true,-1.19
"HSG",142107,"/Date(1701069701000)/",20700,100,6404200,133174000000,-250,true,-1.19
"HSG",142107,"/Date(1701069701000)/",20700,200,6404100,133172000000,-250,true,-1.19
"HSG",142107,"/Date(1701069701000)/",20700,5000,6403900,133168000000,-250,true,-1.19
"HSG",142107,"/Date(1701069701000)/",20700,1000,6398900,133064000000,-250,true,-1.19
"HSG",142107,"/Date(1701069701000)/",20700,100,6397900,133044000000,-250,true,-1.19
"HSG",142107,"/Date(1701069701000)/",20700,300,6397800,133042000000,-250,true,-1.19
"HSG",142107,"/Date(1701069701000)/",20700,1000,6397500,133035000000,-250,true,-1.19
"HSG",142107,"/Date(1701069701000)/",20700,100,6396500,133015000000,-250,true,-1.19
"HSG",142107,"/Date(1701069701000)/",20700,1000,6396400,133013000000,-250,true,-1.19
"HSG",142107,"/Date(1701069701000)/",20700,300,6395400,132992000000,-250,true,-1.19
"HSG",142107,"/Date(1701069701000)/",20700,10000,6395100,132986000000,-250,true,-1.19
"HSG",142107,"/Date(1701069701000)/",20700,1000,6385100,132779000000,-250,true,-1.19
"HSG",142107,"/Date(1701069701000)/",20700,400,6384100,132758000000,-250,true,-1.19
"HSG",142107,"/Date(1701069701000)/",20700,700,6383700,132750000000,-250,true,-1.19
"HSG",142107,"/Date(1701069701000)/",20700,300,6383000,132735000000,-250,true,-1.19
"HSG",142107,"/Date(1701069701000)/",20700,100,6382700,132729000000,-250,true,-1.19
"HSG",142107,"/Date(1701069701000)/",20700,100,6382600,132727000000,-250,true,-1.19
"HSG",142107,"/Date(1701069701000)/",20700,1000,6382500,132725000000,-250,true,-1.19
"HSG",142107,"/Date(1701069701000)/",20700,100,6381500,132704000000,-250,true,-1.19
"HSG",142107,"/Date(1701069701000)/",20700,100,6381400,132702000000,-250,true,-1.19
"HSG",142107,"/Date(1701069701000)/",20700,500,6381300,132700000000,-250,true,-1.19
"HSG",142107,"/Date(1701069701000)/",20700,500,6380800,132690000000,-250,true,-1.19
"HSG",142107,"/Date(1701069701000)/",20700,5000,6380300,132679000000,-250,true,-1.19
"HSG",142107,"/Date(1701069701000)/",20700,5000,6375300,132576000000,-250,true,-1.19
"HSG",142107,"/Date(1701069701000)/",20700,500,6370300,132472000000,-250,true,-1.19
"HSG",142107,"/Date(1701069701000)/",20700,6000,6369800,132462000000,-250,true,-1.19
"HSG",142107,"/Date(1701069701000)/",20700,100,6363800,132338000000,-250,true,-1.19
"HSG",142107,"/Date(1701069701000)/",20700,100,6363700,132336000000,-250,true,-1.19
"HSG",142107,"/Date(1701069701000)/",20700,1000,6363600,132334000000,-250,true,-1.19
"HSG",142107,"/Date(1701069701000)/",20700,200,6362600,132313000000,-250,true,-1.19
"HSG",142107,"/Date(1701069701000)/",20700,1000,6362400,132309000000,-250,true,-1.19
"HSG",142107,"/Date(1701069701000)/",20700,500,6361400,132288000000,-250,true,-1.19
"HSG",142107,"/Date(1701069701000)/",20700,1000,6360900,132278000000,-250,true,-1.19
"HSG",142107,"/Date(1701069701000)/",20700,100,6359900,132257000000,-250,true,-1.19
"HSG",142107,"/Date(1701069701000)/",20700,1500,6359800,132255000000,-250,true,-1.19
"HSG",142107,"/Date(1701069701000)/",20700,100,6358300,132224000000,-250,true,-1.19
"HSG",142107,"/Date(1701069701000)/",20700,1000,6358200,132222000000,-250,true,-1.19
"HSG",142107,"/Date(1701069701000)/",20700,100,6357200,132201000000,-250,true,-1.19
"HSG",142107,"/Date(1701069701000)/",20700,2000,6357100,132199000000,-250,true,-1.19
"HSG",142107,"/Date(1701069701000)/",20700,5000,6355100,132158000000,-250,true,-1.19
"HSG",142107,"/Date(1701069701000)/",20700,5000,6350100,132054000000,-250,true,-1.19
"HSG",142107,"/Date(1701069701000)/",20750,2000,6345100,131951000000,-200,true,-0.95
"HSG",142107,"/Date(1701069701000)/",20750,1000,6343100,131909000000,-200,true,-0.95
"HSG",142107,"/Date(1701069701000)/",20750,200,6342100,131888000000,-200,true,-0.95
"HSG",142107,"/Date(1701069701000)/",20750,500,6341900,131884000000,-200,true,-0.95
"HSG",142107,"/Date(1701069701000)/",20750,300,6341400,131874000000,-200,true,-0.95
"HSG",142107,"/Date(1701069701000)/",20750,2800,6341100,131868000000,-200,true,-0.95
"HSG",142107,"/Date(1701069701000)/",20750,2000,6338300,131810000000,-200,true,-0.95
"HSG",142107,"/Date(1701069701000)/",20750,100,6336300,131768000000,-200,true,-0.95
"HSG",142107,"/Date(1701069701000)/",20750,50000,6336200,131766000000,-200,true,-0.95
"HSG",142107,"/Date(1701069701000)/",20750,5000,6286200,130728000000,-200,true,-0.95
"HSG",142107,"/Date(1701069701000)/",20750,1000,6281200,130625000000,-200,true,-0.95
"HSG",142107,"/Date(1701069701000)/",20750,500,6280200,130604000000,-200,true,-0.95
"HSG",142107,"/Date(1701069701000)/",20750,100,6279700,130594000000,-200,true,-0.95
"HSG",142107,"/Date(1701069701000)/",20750,1000,6279600,130592000000,-200,true,-0.95
"HSG",142107,"/Date(1701069701000)/",20750,300,6278600,130571000000,-200,true,-0.95
"HSG",142107,"/Date(1701069701000)/",20750,1200,6278300,130565000000,-200,true,-0.95
"HSG",142107,"/Date(1701069701000)/",20750,100,6277100,130540000000,-200,true,-0.95
"HSG",142107,"/Date(1701069701000)/",20750,100,6277000,130538000000,-200,true,-0.95
"HSG",142107,"/Date(1701069701000)/",20750,3000,6276900,130536000000,-200,true,-0.95
"HSG",142107,"/Date(1701069701000)/",20750,500,6273900,130473000000,-200,true,-0.95
"HSG",142107,"/Date(1701069701000)/",20750,500,6273400,130463000000,-200,true,-0.95
"HSG",142107,"/Date(1701069701000)/",20750,100,6272900,130453000000,-200,true,-0.95
"HSG",142107,"/Date(1701069701000)/",20750,300,6272800,130450000000,-200,true,-0.95
"HSG",142107,"/Date(1701069701000)/",20750,500,6272500,130444000000,-200,true,-0.95
"HSG",142107,"/Date(1701069701000)/",20750,1000,6272000,130434000000,-200,true,-0.95
"HSG",142107,"/Date(1701069701000)/",20750,1000,6271000,130413000000,-200,true,-0.95
"HSG",142107,"/Date(1701069701000)/",20750,500,6270000,130392000000,-200,true,-0.95
"HSG",142107,"/Date(1701069701000)/",20750,400,6269500,130382000000,-200,true,-0.95
"HSG",142103,"/Date(1701069699000)/",20800,100,6269100,130374000000,-150,false,-0.72
"HSG",142103,"/Date(1701069697000)/",20750,2000,6269000,130372000000,-200,true,-0.95
"HSG",142057,"/Date(1701069693000)/",20800,100,6267000,130330000000,-150,false,-0.72
"HSG",142057,"/Date(1701069692000)/",20750,1900,6266900,130328000000,-200,true,-0.95
"HSG",142057,"/Date(1701069692000)/",20800,1000,6265000,130289000000,-150,false,-0.72
"HSG",142057,"/Date(1701069692000)/",20800,1000,6264000,130268000000,-150,false,-0.72
"HSG",142057,"/Date(1701069692000)/",20800,300,6263000,130247000000,-150,false,-0.72
"HSG",142057,"/Date(1701069692000)/",20800,300,6262700,130241000000,-150,false,-0.72
"HSG",142057,"/Date(1701069692000)/",20800,500,6262400,130234000000,-150,false,-0.72
"HSG",142057,"/Date(1701069692000)/",20800,500,6261900,130224000000,-150,false,-0.72
"HSG",142057,"/Date(1701069692000)/",20800,900,6261400,130214000000,-150,false,-0.72
"HSG",142057,"/Date(1701069692000)/",20800,1600,6260500,130195000000,-150,false,-0.72
"HSG",142057,"/Date(1701069692000)/",20800,200,6258900,130162000000,-150,false,-0.72
"HSG",142057,"/Date(1701069692000)/",20800,1000,6258700,130158000000,-150,false,-0.72
"HSG",142057,"/Date(1701069692000)/",20800,500,6257700,130137000000,-150,false,-0.72
"HSG",142057,"/Date(1701069692000)/",20800,300,6257200,130126000000,-150,false,-0.72
"HSG",142057,"/Date(1701069692000)/",20800,1000,6256900,130120000000,-150,false,-0.72
"HSG",142054,"/Date(1701069688000)/",20800,100,6255900,130099000000,-150,true,-0.72
"HSG",142054,"/Date(1701069688000)/",20800,1000,6255800,130097000000,-150,true,-0.72
"HSG",142054,"/Date(1701069688000)/",20800,1000,6254800,130076000000,-150,true,-0.72
"HSG",142054,"/Date(1701069688000)/",20800,2000,6253800,130056000000,-150,true,-0.72
"HSG",142054,"/Date(1701069688000)/",20800,100,6251800,130014000000,-150,true,-0.72
"HSG",142054,"/Date(1701069688000)/",20800,800,6251700,130012000000,-150,true,-0.72
"HSG",142051,"/Date(1701069686000)/",20900,100,6250900,129995000000,-50,false,-0.24
"HSG",142051,"/Date(1701069686000)/",20900,100,6250800,129993000000,-50,false,-0.24
"HSG",142051,"/Date(1701069686000)/",20900,1800,6250700,129991000000,-50,false,-0.24
"HSG",142051,"/Date(1701069685000)/",20800,500,6248900,129953000000,-150,true,-0.72
"HSG",142051,"/Date(1701069685000)/",20800,25500,6248400,129943000000,-150,true,-0.72
"HSG",142047,"/Date(1701069683000)/",20800,500,6222900,129413000000,-150,true,-0.72
"HSG",142047,"/Date(1701069682000)/",20800,7000,6222400,129402000000,-150,true,-0.72
"HSG",142044,"/Date(1701069678000)/",20800,500,6215400,129257000000,-150,true,-0.72
"HSG",142038,"/Date(1701069673000)/",20800,5000,6214900,129246000000,-150,true,-0.72
"HSG",142035,"/Date(1701069669000)/",20800,200,6209900,129142000000,-150,true,-0.72
"HSG",142035,"/Date(1701069669000)/",20900,200,6209700,129138000000,-50,false,-0.24
"HSG",142035,"/Date(1701069669000)/",20850,300,6209500,129134000000,-100,false,-0.48
"HSG",142035,"/Date(1701069669000)/",20800,500,6209200,129128000000,-150,true,-0.72
"HSG",142035,"/Date(1701069669000)/",20800,1000,6208700,129117000000,-150,true,-0.72
"HSG",142035,"/Date(1701069669000)/",20800,1000,6207700,129096000000,-150,true,-0.72
"HSG",142035,"/Date(1701069669000)/",20800,500,6206700,129076000000,-150,true,-0.72
"HSG",142031,"/Date(1701069666000)/",20800,100,6206200,129065000000,-150,true,-0.72
"HSG",142031,"/Date(1701069665000)/",20900,500,6206100,129063000000,-50,false,-0.24
"HSG",142025,"/Date(1701069661000)/",20900,200,6205600,129053000000,-50,false,-0.24
"HSG",142019,"/Date(1701069653000)/",20800,4400,6205400,129049000000,-150,true,-0.72
"HSG",142019,"/Date(1701069653000)/",20800,600,6201000,128957000000,-150,true,-0.72
"HSG",142012,"/Date(1701069647000)/",20900,1000,6200400,128945000000,-50,false,-0.24
"HSG",142012,"/Date(1701069647000)/",20800,1400,6199400,128924000000,-150,true,-0.72
"HSG",142012,"/Date(1701069647000)/",20800,10000,6198000,128895000000,-150,true,-0.72
"HSG",142012,"/Date(1701069647000)/",20800,1000,6188000,128687000000,-150,true,-0.72
"HSG",142012,"/Date(1701069647000)/",20800,100,6187000,128666000000,-150,true,-0.72
"HSG",142012,"/Date(1701069647000)/",20800,200,6186900,128664000000,-150,true,-0.72
"HSG",142012,"/Date(1701069647000)/",20800,500,6186700,128660000000,-150,true,-0.72
"HSG",142012,"/Date(1701069647000)/",20800,1000,6186200,128649000000,-150,true,-0.72
"HSG",142012,"/Date(1701069647000)/",20800,100,6185200,128628000000,-150,true,-0.72
"HSG",142012,"/Date(1701069647000)/",20800,1000,6185100,128626000000,-150,true,-0.72
"HSG",142012,"/Date(1701069647000)/",20800,1000,6184100,128605000000,-150,true,-0.72
"HSG",142012,"/Date(1701069647000)/",20800,300,6183100,128585000000,-150,true,-0.72
"HSG",142012,"/Date(1701069647000)/",20800,5000,6182800,128578000000,-150,true,-0.72
"HSG",142012,"/Date(1701069647000)/",20800,200,6177800,128474000000,-150,true,-0.72
"HSG",142012,"/Date(1701069647000)/",20800,200,6177600,128470000000,-150,true,-0.72
"HSG",142012,"/Date(1701069647000)/",20800,800,6177400,128466000000,-150,true,-0.72
"HSG",142012,"/Date(1701069647000)/",20800,500,6176600,128449000000,-150,true,-0.72
"HSG",142012,"/Date(1701069647000)/",20800,100,6176100,128439000000,-150,true,-0.72
"HSG",142012,"/Date(1701069647000)/",20800,200,6176000,128437000000,-150,true,-0.72
"HSG",142012,"/Date(1701069647000)/",20800,1000,6175800,128433000000,-150,true,-0.72
"HSG",142012,"/Date(1701069647000)/",20800,100,6174800,128412000000,-150,true,-0.72
"HSG",142012,"/Date(1701069647000)/",20800,100,6174700,128410000000,-150,true,-0.72
"HSG",142012,"/Date(1701069647000)/",20850,100,6174600,128408000000,-100,true,-0.48
"HSG",142012,"/Date(1701069647000)/",20850,200,6174500,128406000000,-100,true,-0.48
"HSG",142012,"/Date(1701069647000)/",20850,100,6174300,128402000000,-100,true,-0.48
"HSG",142012,"/Date(1701069647000)/",20850,10000,6174200,128400000000,-100,true,-0.48
"HSG",142012,"/Date(1701069647000)/",20850,1000,6164200,128191000000,-100,true,-0.48
"HSG",142012,"/Date(1701069647000)/",20850,300,6163200,128170000000,-100,true,-0.48
"HSG",142012,"/Date(1701069647000)/",20850,500,6162900,128164000000,-100,true,-0.48
"HSG",142012,"/Date(1701069647000)/",20850,5000,6162400,128153000000,-100,true,-0.48
"HSG",142012,"/Date(1701069647000)/",20850,5000,6157400,128049000000,-100,true,-0.48
"HSG",142012,"/Date(1701069647000)/",20850,3000,6152400,127945000000,-100,true,-0.48
"HSG",142009,"/Date(1701069644000)/",20900,500,6149400,127882000000,-50,true,-0.24
"HSG",142009,"/Date(1701069644000)/",20900,800,6148900,127872000000,-50,true,-0.24
"HSG",142009,"/Date(1701069643000)/",20900,1000,6148100,127855000000,-50,true,-0.24
"HSG",142009,"/Date(1701069643000)/",20900,100,6147100,127834000000,-50,true,-0.24
"HSG",142009,"/Date(1701069643000)/",20900,100,6147000,127832000000,-50,true,-0.24
"HSG",142009,"/Date(1701069643000)/",20900,100,6146900,127830000000,-50,true,-0.24
"HSG",142009,"/Date(1701069643000)/",20900,2000,6146800,127828000000,-50,true,-0.24
"HSG",142009,"/Date(1701069643000)/",20900,100,6144800,127786000000,-50,true,-0.24
"HSG",142009,"/Date(1701069643000)/",20900,1000,6144700,127784000000,-50,true,-0.24
"HSG",142009,"/Date(1701069643000)/",20900,1000,6143700,127763000000,-50,true,-0.24
"HSG",142009,"/Date(1701069643000)/",20900,1000,6142700,127742000000,-50,true,-0.24
"HSG",142009,"/Date(1701069643000)/",20900,200,6141700,127721000000,-50,true,-0.24
"HSG",142009,"/Date(1701069643000)/",20900,3900,6141500,127717000000,-50,true,-0.24
"HSG",142009,"/Date(1701069643000)/",20900,500,6137600,127636000000,-50,true,-0.24
"HSG",142009,"/Date(1701069643000)/",20900,500,6137100,127625000000,-50,true,-0.24
"HSG",142009,"/Date(1701069643000)/",20900,1100,6136600,127615000000,-50,true,-0.24
"HSG",142009,"/Date(1701069643000)/",20950,600,6135500,127592000000,0,false,0
"HSG",142002,"/Date(1701069639000)/",20900,600,6134900,127579000000,-50,true,-0.24
"HSG",142002,"/Date(1701069638000)/",20900,10000,6134300,127567000000,-50,true,-0.24
"HSG",141953,"/Date(1701069628000)/",20950,200,6124300,127358000000,0,false,0
"HSG",141940,"/Date(1701069616000)/",20950,500,6124100,127354000000,0,false,0
"HSG",141940,"/Date(1701069615000)/",20950,400,6123600,127343000000,0,false,0
"HSG",141934,"/Date(1701069610000)/",20950,200,6123200,127335000000,0,false,0
"HSG",141934,"/Date(1701069609000)/",20950,2600,6123000,127331000000,0,false,0
"HSG",141934,"/Date(1701069609000)/",20950,400,6120400,127276000000,0,false,0
"HSG",141934,"/Date(1701069607000)/",20950,600,6120000,127268000000,0,false,0
"HSG",141934,"/Date(1701069607000)/",20950,400,6119400,127255000000,0,false,0
"HSG",141924,"/Date(1701069598000)/",20950,2000,6119000,127247000000,0,false,0
"HSG",141924,"/Date(1701069598000)/",20950,300,6117000,127205000000,0,false,0
"HSG",141924,"/Date(1701069598000)/",20950,200,6116700,127199000000,0,false,0
"HSG",141924,"/Date(1701069598000)/",20950,1100,6116500,127194000000,0,false,0
"HSG",141924,"/Date(1701069598000)/",20950,300,6115400,127171000000,0,false,0
"HSG",141921,"/Date(1701069596000)/",20950,2000,6115100,127165000000,0,true,0
"HSG",141918,"/Date(1701069591000)/",20950,1600,6113100,127123000000,0,true,0
"HSG",141918,"/Date(1701069591000)/",20950,2400,6111500,127090000000,0,true,0
"HSG",141908,"/Date(1701069582000)/",20950,500,6109100,127039000000,0,true,0
"HSG",141902,"/Date(1701069577000)/",21000,2000,6108600,127029000000,50,false,0.24
"HSG",141902,"/Date(1701069577000)/",20950,100,6106600,126987000000,0,true,0
"HSG",141855,"/Date(1701069570000)/",21000,600,6106500,126985000000,50,false,0.24
"HSG",141855,"/Date(1701069570000)/",21000,200,6105900,126972000000,50,false,0.24
"HSG",141855,"/Date(1701069570000)/",21000,100,6105700,126968000000,50,false,0.24
"HSG",141855,"/Date(1701069570000)/",20950,1000,6105600,126966000000,0,true,0
"HSG",141855,"/Date(1701069570000)/",20950,1000,6104600,126945000000,0,true,0
"HSG",141846,"/Date(1701069560000)/",20950,2800,6103600,126924000000,0,true,0
"HSG",141846,"/Date(1701069560000)/",20950,100,6100800,126865000000,0,true,0
"HSG",141846,"/Date(1701069560000)/",20950,200,6100700,126863000000,0,true,0
"HSG",141846,"/Date(1701069560000)/",20950,900,6100500,126859000000,0,true,0
"HSG",141833,"/Date(1701069549000)/",20950,700,6099600,126840000000,0,false,0
"HSG",141833,"/Date(1701069549000)/",20950,300,6098900,126826000000,0,false,0
"HSG",141833,"/Date(1701069547000)/",20950,1500,6098600,126819000000,0,false,0
"HSG",141827,"/Date(1701069543000)/",20950,1700,6097100,126788000000,0,false,0
"HSG",141827,"/Date(1701069542000)/",20950,1200,6095400,126752000000,0,false,0
"HSG",141817,"/Date(1701069531000)/",20950,300,6094200,126727000000,0,false,0
"HSG",141817,"/Date(1701069531000)/",20950,100,6093900,126721000000,0,false,0
"HSG",141817,"/Date(1701069531000)/",20950,100,6093800,126719000000,0,false,0
"HSG",141811,"/Date(1701069525000)/",20950,200,6093700,126717000000,0,false,0
"HSG",141807,"/Date(1701069522000)/",20950,500,6093500,126712000000,0,true,0
"HSG",141804,"/Date(1701069520000)/",20950,300,6093000,126702000000,0,true,0
"HSG",141804,"/Date(1701069520000)/",20950,100,6092700,126696000000,0,true,0
"HSG",141804,"/Date(1701069520000)/",20950,500,6092600,126694000000,0,true,0
"HSG",141804,"/Date(1701069518000)/",20950,4400,6092100,126683000000,0,true,0
"HSG",141804,"/Date(1701069518000)/",20950,1000,6087700,126591000000,0,true,0
"HSG",141755,"/Date(1701069510000)/",20950,1600,6086700,126570000000,0,false,0
"HSG",141755,"/Date(1701069509000)/",20950,100,6085100,126536000000,0,false,0
"HSG",141745,"/Date(1701069501000)/",20950,1500,6085000,126534000000,0,false,0
"HSG",141745,"/Date(1701069501000)/",20950,7000,6083500,126503000000,0,false,0
"HSG",141742,"/Date(1701069497000)/",20950,100,6076500,126356000000,0,true,0
"HSG",141742,"/Date(1701069497000)/",20950,1000,6076400,126354000000,0,true,0
"HSG",141742,"/Date(1701069497000)/",20950,3900,6075400,126333000000,0,true,0
"HSG",141739,"/Date(1701069492000)/",20950,300,6071500,126252000000,0,true,0
"HSG",141729,"/Date(1701069484000)/",20950,500,6071200,126245000000,0,true,0
"HSG",141729,"/Date(1701069484000)/",20950,400,6070700,126235000000,0,true,0
"HSG",141729,"/Date(1701069484000)/",20950,1300,6070300,126226000000,0,true,0
"HSG",141729,"/Date(1701069484000)/",20950,500,6069000,126199000000,0,true,0
"HSG",141729,"/Date(1701069484000)/",20950,100,6068500,126189000000,0,true,0
"HSG",141729,"/Date(1701069484000)/",20950,3000,6068400,126187000000,0,true,0
"HSG",141729,"/Date(1701069484000)/",20950,100,6065400,126124000000,0,true,0
"HSG",141729,"/Date(1701069483000)/",20900,500,6065300,126122000000,-50,true,-0.24
"HSG",141723,"/Date(1701069478000)/",20950,1000,6064800,126111000000,0,false,0
"HSG",141723,"/Date(1701069478000)/",20950,3000,6063800,126090000000,0,false,0
"HSG",141720,"/Date(1701069474000)/",20950,100,6060800,126027000000,0,false,0
"HSG",141716,"/Date(1701069472000)/",20950,6000,6060700,126025000000,0,false,0
"HSG",141710,"/Date(1701069466000)/",20950,500,6054700,125900000000,0,false,0
"HSG",141710,"/Date(1701069465000)/",20950,5400,6054200,125889000000,0,false,0
"HSG",141710,"/Date(1701069465000)/",20950,600,6048800,125776000000,0,false,0
"HSG",141710,"/Date(1701069465000)/",20900,500,6048200,125763000000,-50,true,-0.24
"HSG",141707,"/Date(1701069462000)/",20950,200,6047700,125753000000,0,false,0
"HSG",141700,"/Date(1701069457000)/",20950,200,6047500,125749000000,0,false,0
"HSG",141700,"/Date(1701069457000)/",20950,500,6047300,125745000000,0,false,0
"HSG",141700,"/Date(1701069457000)/",20950,1000,6046800,125734000000,0,false,0
"HSG",141700,"/Date(1701069457000)/",20950,300,6045800,125713000000,0,false,0
"HSG",141700,"/Date(1701069456000)/",20950,4700,6045500,125707000000,0,false,0
"HSG",141700,"/Date(1701069456000)/",20950,300,6040800,125608000000,0,false,0
"HSG",141700,"/Date(1701069455000)/",20950,4000,6040500,125602000000,0,false,0
"HSG",141657,"/Date(1701069453000)/",20900,7300,6036500,125518000000,-50,true,-0.24
"HSG",141657,"/Date(1701069453000)/",20900,200,6029200,125366000000,-50,true,-0.24
"HSG",141657,"/Date(1701069453000)/",20900,3500,6029000,125362000000,-50,true,-0.24
"HSG",141657,"/Date(1701069453000)/",20950,100,6025500,125288000000,0,false,0
"HSG",141657,"/Date(1701069451000)/",20950,500,6025400,125286000000,0,false,0
"HSG",141657,"/Date(1701069450000)/",20950,800,6024900,125276000000,0,false,0
"HSG",141657,"/Date(1701069450000)/",20950,200,6024100,125259000000,0,false,0
"HSG",141657,"/Date(1701069450000)/",20950,900,6023900,125255000000,0,false,0
"HSG",141657,"/Date(1701069450000)/",20950,1000,6023000,125236000000,0,false,0
"HSG",141657,"/Date(1701069450000)/",20950,1000,6022000,125215000000,0,false,0
"HSG",141657,"/Date(1701069450000)/",20950,1000,6021000,125194000000,0,false,0
"HSG",141657,"/Date(1701069450000)/",20950,100,6020000,125173000000,0,false,0
"HSG",141648,"/Date(1701069443000)/",20950,400,6019900,125171000000,0,false,0
"HSG",141648,"/Date(1701069443000)/",20950,100,6019500,125163000000,0,false,0
"HSG",141645,"/Date(1701069441000)/",20900,500,6019400,125161000000,-50,true,-0.24
"HSG",141645,"/Date(1701069439000)/",20900,400,6018900,125150000000,-50,true,-0.24
"HSG",141645,"/Date(1701069439000)/",20900,1000,6018500,125142000000,-50,true,-0.24
"HSG",141629,"/Date(1701069424000)/",20900,200,6017500,125121000000,-50,true,-0.24
"HSG",141629,"/Date(1701069422000)/",20900,100,6017300,125117000000,-50,true,-0.24
"HSG",141622,"/Date(1701069416000)/",20900,200,6017200,125115000000,-50,true,-0.24
"HSG",141622,"/Date(1701069416000)/",20900,300,6017000,125110000000,-50,true,-0.24
"HSG",141622,"/Date(1701069416000)/",20900,500,6016700,125104000000,-50,true,-0.24
"HSG",141613,"/Date(1701069407000)/",20900,200,6016200,125094000000,-50,false,-0.24
"HSG",141613,"/Date(1701069407000)/",20900,1000,6016000,125090000000,-50,false,-0.24
"HSG",141613,"/Date(1701069407000)/",20900,3000,6015000,125069000000,-50,false,-0.24
"HSG",141613,"/Date(1701069406000)/",20900,500,6012000,125006000000,-50,false,-0.24
"HSG",141603,"/Date(1701069399000)/",20900,500,6011500,124995000000,-50,false,-0.24
"HSG",141557,"/Date(1701069391000)/",20900,2000,6011000,124985000000,-50,false,-0.24
"HSG",141557,"/Date(1701069391000)/",20900,2000,6009000,124943000000,-50,false,-0.24
"HSG",141557,"/Date(1701069391000)/",20900,500,6007000,124901000000,-50,false,-0.24
"HSG",141557,"/Date(1701069391000)/",20900,500,6006500,124891000000,-50,false,-0.24
"HSG",141547,"/Date(1701069381000)/",20850,600,6006000,124881000000,-100,true,-0.48
"HSG",141544,"/Date(1701069379000)/",20850,1400,6005400,124868000000,-100,false,-0.48
"HSG",141544,"/Date(1701069377000)/",20850,900,6004000,124839000000,-100,false,-0.48
"HSG",141541,"/Date(1701069376000)/",20850,100,6003100,124820000000,-100,false,-0.48
"HSG",141541,"/Date(1701069376000)/",20850,500,6003000,124818000000,-100,false,-0.48
"HSG",141541,"/Date(1701069376000)/",20850,500,6002500,124808000000,-100,false,-0.48
"HSG",141541,"/Date(1701069376000)/",20850,7400,6002000,124797000000,-100,false,-0.48
"HSG",141541,"/Date(1701069376000)/",20850,20000,5994600,124643000000,-100,false,-0.48
"HSG",141541,"/Date(1701069376000)/",20850,1500,5974600,124226000000,-100,false,-0.48
"HSG",141537,"/Date(1701069373000)/",20800,900,5973100,124195000000,-150,true,-0.72
"HSG",141537,"/Date(1701069373000)/",20800,100,5972200,124176000000,-150,true,-0.72
"HSG",141528,"/Date(1701069362000)/",20800,200,5972100,124174000000,-150,true,-0.72
"HSG",141528,"/Date(1701069362000)/",20800,100,5971900,124170000000,-150,true,-0.72
"HSG",141518,"/Date(1701069354000)/",20850,100,5971800,124168000000,-100,false,-0.48
"HSG",141518,"/Date(1701069354000)/",20850,400,5971700,124165000000,-100,false,-0.48
"HSG",141515,"/Date(1701069350000)/",20800,5700,5971300,124157000000,-150,true,-0.72
"HSG",141515,"/Date(1701069350000)/",20850,500,5965600,124039000000,-100,false,-0.48
"HSG",141515,"/Date(1701069349000)/",20850,500,5965100,124028000000,-100,false,-0.48
"HSG",141512,"/Date(1701069346000)/",20850,2000,5964600,124018000000,-100,false,-0.48
"HSG",141506,"/Date(1701069341000)/",20850,100,5962600,123976000000,-100,false,-0.48
"HSG",141502,"/Date(1701069336000)/",20800,600,5962500,123974000000,-150,true,-0.72
"HSG",141459,"/Date(1701069333000)/",20800,500,5961900,123961000000,-150,true,-0.72
"HSG",141450,"/Date(1701069325000)/",20800,200,5961400,123951000000,-150,true,-0.72
"HSG",141450,"/Date(1701069323000)/",20800,100,5961200,123947000000,-150,true,-0.72
"HSG",141434,"/Date(1701069309000)/",20800,1000,5961100,123945000000,-150,true,-0.72
"HSG",141434,"/Date(1701069308000)/",20800,100,5960100,123924000000,-150,true,-0.72
"HSG",141434,"/Date(1701069307000)/",20850,300,5960000,123922000000,-100,false,-0.48
"HSG",141427,"/Date(1701069301000)/",20800,1500,5959700,123916000000,-150,true,-0.72
"HSG",141424,"/Date(1701069300000)/",20800,300,5958200,123884000000,-150,true,-0.72
"HSG",141424,"/Date(1701069300000)/",20800,1700,5957900,123878000000,-150,true,-0.72
"HSG",141418,"/Date(1701069294000)/",20800,300,5956200,123843000000,-150,true,-0.72
"HSG",141418,"/Date(1701069294000)/",20800,300,5955900,123837000000,-150,true,-0.72
"HSG",141418,"/Date(1701069294000)/",20800,1000,5955600,123830000000,-150,true,-0.72
"HSG",141418,"/Date(1701069294000)/",20800,1500,5954600,123810000000,-150,true,-0.72
"HSG",141402,"/Date(1701069278000)/",20850,500,5953100,123778000000,-100,false,-0.48
"HSG",141402,"/Date(1701069278000)/",20850,500,5952600,123768000000,-100,false,-0.48
"HSG",141355,"/Date(1701069269000)/",20800,500,5952100,123758000000,-150,true,-0.72
"HSG",141352,"/Date(1701069267000)/",20800,1000,5951600,123747000000,-150,true,-0.72
"HSG",141349,"/Date(1701069265000)/",20800,1000,5950600,123726000000,-150,true,-0.72
"HSG",141346,"/Date(1701069259000)/",20800,500,5949600,123706000000,-150,true,-0.72
"HSG",141336,"/Date(1701069251000)/",20800,2100,5949100,123695000000,-150,true,-0.72
"HSG",141336,"/Date(1701069251000)/",20800,900,5947000,123651000000,-150,true,-0.72
"HSG",141336,"/Date(1701069251000)/",20800,400,5946100,123633000000,-150,true,-0.72
"HSG",141333,"/Date(1701069246000)/",20800,500,5945700,123624000000,-150,true,-0.72
"HSG",141330,"/Date(1701069245000)/",20800,100,5945200,123614000000,-150,true,-0.72
"HSG",141330,"/Date(1701069244000)/",20800,1000,5945100,123612000000,-150,true,-0.72
"HSG",141324,"/Date(1701069239000)/",20800,2000,5944100,123591000000,-150,true,-0.72
"HSG",141308,"/Date(1701069223000)/",20800,500,5942100,123550000000,-150,true,-0.72
"HSG",141308,"/Date(1701069223000)/",20800,700,5941600,123539000000,-150,true,-0.72
"HSG",141308,"/Date(1701069223000)/",20800,600,5940900,123525000000,-150,true,-0.72
"HSG",141308,"/Date(1701069223000)/",20800,300,5940300,123512000000,-150,true,-0.72
"HSG",141308,"/Date(1701069223000)/",20800,3400,5940000,123506000000,-150,true,-0.72
"HSG",141308,"/Date(1701069223000)/",20800,400,5936600,123435000000,-150,true,-0.72
"HSG",141308,"/Date(1701069223000)/",20800,100,5936200,123427000000,-150,true,-0.72
"HSG",141308,"/Date(1701069222000)/",20800,100,5936100,123425000000,-150,true,-0.72
"HSG",141301,"/Date(1701069215000)/",20800,100,5936000,123423000000,-150,false,-0.72
"HSG",141255,"/Date(1701069210000)/",20800,1200,5935900,123421000000,-150,false,-0.72
"HSG",141255,"/Date(1701069210000)/",20800,600,5934700,123396000000,-150,false,-0.72
"HSG",141255,"/Date(1701069210000)/",20800,200,5934100,123383000000,-150,false,-0.72
"HSG",141255,"/Date(1701069208000)/",20800,1000,5933900,123379000000,-150,false,-0.72
"HSG",141249,"/Date(1701069202000)/",20800,1000,5932900,123358000000,-150,false,-0.72
"HSG",141245,"/Date(1701069198000)/",20800,200,5931900,123337000000,-150,false,-0.72
"HSG",141242,"/Date(1701069197000)/",20750,200,5931700,123333000000,-200,true,-0.95
"HSG",141236,"/Date(1701069191000)/",20750,1500,5931500,123329000000,-200,true,-0.95
"HSG",141233,"/Date(1701069186000)/",20800,1000,5930000,123298000000,-150,false,-0.72
"HSG",141229,"/Date(1701069183000)/",20800,100,5929000,123277000000,-150,false,-0.72
"HSG",141229,"/Date(1701069183000)/",20800,500,5928900,123275000000,-150,false,-0.72
"HSG",141223,"/Date(1701069177000)/",20800,1100,5928400,123265000000,-150,false,-0.72
"HSG",141220,"/Date(1701069173000)/",20800,700,5927300,123242000000,-150,false,-0.72
"HSG",141213,"/Date(1701069168000)/",20800,8000,5926600,123227000000,-150,false,-0.72
"HSG",141213,"/Date(1701069166000)/",20800,500,5918600,123061000000,-150,false,-0.72
"HSG",141213,"/Date(1701069166000)/",20800,100,5918100,123050000000,-150,false,-0.72
"HSG",141213,"/Date(1701069166000)/",20800,500,5918000,123048000000,-150,false,-0.72
"HSG",141213,"/Date(1701069166000)/",20800,3100,5917500,123038000000,-150,false,-0.72
"HSG",141210,"/Date(1701069163000)/",20800,200,5914400,122973000000,-150,true,-0.72
"HSG",141204,"/Date(1701069157000)/",20800,3300,5914200,122969000000,-150,true,-0.72
"HSG",141201,"/Date(1701069155000)/",20800,500,5910900,122901000000,-150,true,-0.72
"HSG",141154,"/Date(1701069149000)/",20800,2900,5910400,122890000000,-150,false,-0.72
"HSG",141154,"/Date(1701069148000)/",20800,1000,5907500,122830000000,-150,false,-0.72
"HSG",141145,"/Date(1701069140000)/",20800,800,5906500,122809000000,-150,false,-0.72
"HSG",141142,"/Date(1701069136000)/",20800,5000,5905700,122793000000,-150,false,-0.72
"HSG",141129,"/Date(1701069123000)/",20800,1000,5900700,122689000000,-150,false,-0.72
"HSG",141126,"/Date(1701069121000)/",20800,500,5899700,122668000000,-150,true,-0.72
"HSG",141126,"/Date(1701069121000)/",20800,5000,5899200,122657000000,-150,true,-0.72
"HSG",141126,"/Date(1701069121000)/",20800,3000,5894200,122553000000,-150,true,-0.72
"HSG",141126,"/Date(1701069121000)/",20800,200,5891200,122491000000,-150,true,-0.72
"HSG",141126,"/Date(1701069121000)/",20800,100,5891000,122487000000,-150,true,-0.72
"HSG",141126,"/Date(1701069121000)/",20800,200,5890900,122485000000,-150,true,-0.72
"HSG",141126,"/Date(1701069121000)/",20800,200,5890700,122481000000,-150,true,-0.72
"HSG",141126,"/Date(1701069121000)/",20800,500,5890500,122476000000,-150,true,-0.72
"HSG",141126,"/Date(1701069121000)/",20800,100,5890000,122466000000,-150,true,-0.72
"HSG",141126,"/Date(1701069121000)/",20800,100,5889900,122464000000,-150,true,-0.72
"HSG",141126,"/Date(1701069121000)/",20800,100,5889800,122462000000,-150,true,-0.72
"HSG",141126,"/Date(1701069121000)/",20800,100,5889700,122460000000,-150,true,-0.72
"HSG",141126,"/Date(1701069121000)/",20800,300,5889600,122458000000,-150,true,-0.72
"HSG",141126,"/Date(1701069121000)/",20800,500,5889300,122451000000,-150,true,-0.72
"HSG",141126,"/Date(1701069121000)/",20800,400,5888800,122441000000,-150,true,-0.72
"HSG",141126,"/Date(1701069121000)/",20800,200,5888400,122433000000,-150,true,-0.72
"HSG",141126,"/Date(1701069121000)/",20800,200,5888200,122429000000,-150,true,-0.72
"HSG",141126,"/Date(1701069121000)/",20800,1000,5888000,122424000000,-150,true,-0.72
"HSG",141126,"/Date(1701069121000)/",20800,2000,5887000,122404000000,-150,true,-0.72
"HSG",141126,"/Date(1701069121000)/",20800,300,5885000,122362000000,-150,true,-0.72
"HSG",141126,"/Date(1701069121000)/",20800,300,5884700,122356000000,-150,true,-0.72
"HSG",141126,"/Date(1701069121000)/",20800,200,5884400,122349000000,-150,true,-0.72
"HSG",141126,"/Date(1701069121000)/",20800,100,5884200,122345000000,-150,true,-0.72
"HSG",141126,"/Date(1701069121000)/",20800,200,5884100,122343000000,-150,true,-0.72
"HSG",141126,"/Date(1701069121000)/",20800,1000,5883900,122339000000,-150,true,-0.72
"HSG",141126,"/Date(1701069121000)/",20800,5000,5882900,122318000000,-150,true,-0.72
"HSG",141126,"/Date(1701069121000)/",20800,100,5877900,122214000000,-150,true,-0.72
"HSG",141126,"/Date(1701069121000)/",20800,2000,5877800,122212000000,-150,true,-0.72
"HSG",141126,"/Date(1701069121000)/",20800,1000,5875800,122171000000,-150,true,-0.72
"HSG",141126,"/Date(1701069121000)/",20800,100,5874800,122150000000,-150,true,-0.72
"HSG",141126,"/Date(1701069121000)/",20800,1000,5874700,122148000000,-150,true,-0.72
"HSG",141126,"/Date(1701069121000)/",20800,100,5873700,122127000000,-150,true,-0.72
"HSG",141126,"/Date(1701069121000)/",20800,500,5873600,122125000000,-150,true,-0.72
"HSG",141126,"/Date(1701069121000)/",20800,200,5873100,122114000000,-150,true,-0.72
"HSG",141126,"/Date(1701069121000)/",20800,1000,5872900,122110000000,-150,true,-0.72
"HSG",141126,"/Date(1701069121000)/",20800,500,5871900,122089000000,-150,true,-0.72
"HSG",141126,"/Date(1701069121000)/",20800,1000,5871400,122079000000,-150,true,-0.72
"HSG",141126,"/Date(1701069121000)/",20800,500,5870400,122058000000,-150,true,-0.72
"HSG",141126,"/Date(1701069121000)/",20800,900,5869900,122048000000,-150,true,-0.72
"HSG",141126,"/Date(1701069121000)/",20800,500,5869000,122029000000,-150,true,-0.72
"HSG",141126,"/Date(1701069121000)/",20800,100,5868500,122019000000,-150,true,-0.72
"HSG",141126,"/Date(1701069121000)/",20800,900,5868400,122017000000,-150,true,-0.72
"HSG",141126,"/Date(1701069121000)/",20800,5000,5867500,121998000000,-150,true,-0.72
"HSG",141126,"/Date(1701069121000)/",20800,500,5862500,121894000000,-150,true,-0.72
"HSG",141126,"/Date(1701069121000)/",20800,100,5862000,121884000000,-150,true,-0.72
"HSG",141126,"/Date(1701069121000)/",20800,500,5861900,121881000000,-150,true,-0.72
"HSG",141126,"/Date(1701069121000)/",20800,1000,5861400,121871000000,-150,true,-0.72
"HSG",141119,"/Date(1701069112000)/",20850,500,5860400,121850000000,-100,true,-0.48
"HSG",141119,"/Date(1701069112000)/",20850,100,5859900,121840000000,-100,true,-0.48
"HSG",141119,"/Date(1701069112000)/",20850,3900,5859800,121838000000,-100,true,-0.48
"HSG",141116,"/Date(1701069111000)/",20850,1100,5855900,121756000000,-100,true,-0.48
"HSG",141116,"/Date(1701069111000)/",20850,2000,5854800,121734000000,-100,true,-0.48
"HSG",141113,"/Date(1701069105000)/",20850,1000,5852800,121692000000,-100,true,-0.48
"HSG",141110,"/Date(1701069105000)/",20850,1000,5851800,121671000000,-100,true,-0.48
"HSG",141110,"/Date(1701069104000)/",20850,700,5850800,121650000000,-100,true,-0.48
"HSG",141110,"/Date(1701069103000)/",20850,2000,5850100,121636000000,-100,true,-0.48
"HSG",141110,"/Date(1701069103000)/",20850,3300,5848100,121594000000,-100,true,-0.48
"HSG",141110,"/Date(1701069103000)/",20850,2000,5844800,121525000000,-100,true,-0.48
"HSG",141110,"/Date(1701069103000)/",20850,100,5842800,121483000000,-100,true,-0.48
"HSG",141110,"/Date(1701069103000)/",20850,3000,5842700,121481000000,-100,true,-0.48
"HSG",141110,"/Date(1701069103000)/",20850,300,5839700,121419000000,-100,true,-0.48
"HSG",141110,"/Date(1701069103000)/",20850,300,5839400,121412000000,-100,true,-0.48
"HSG",141110,"/Date(1701069103000)/",20850,2500,5839100,121406000000,-100,true,-0.48
"HSG",141110,"/Date(1701069103000)/",20850,500,5836600,121354000000,-100,true,-0.48
"HSG",141110,"/Date(1701069103000)/",20850,5000,5836100,121344000000,-100,true,-0.48
"HSG",141110,"/Date(1701069103000)/",20850,1700,5831100,121239000000,-100,true,-0.48
"HSG",141110,"/Date(1701069103000)/",20850,100,5829400,121204000000,-100,true,-0.48
"HSG",141110,"/Date(1701069103000)/",20850,200,5829300,121202000000,-100,true,-0.48
"HSG",141110,"/Date(1701069103000)/",20850,300,5829100,121198000000,-100,true,-0.48
"HSG",141110,"/Date(1701069103000)/",20850,100,5828800,121191000000,-100,true,-0.48
"HSG",141110,"/Date(1701069103000)/",20850,300,5828700,121189000000,-100,true,-0.48
"HSG",141110,"/Date(1701069103000)/",20850,100,5828400,121183000000,-100,true,-0.48
"HSG",141110,"/Date(1701069103000)/",20850,2000,5828300,121181000000,-100,true,-0.48
"HSG",141110,"/Date(1701069103000)/",20850,2000,5826300,121139000000,-100,true,-0.48
"HSG",141110,"/Date(1701069102000)/",20850,100,5824300,121098000000,-100,true,-0.48
"HSG",141110,"/Date(1701069102000)/",20850,200,5824200,121095000000,-100,true,-0.48
"HSG",141110,"/Date(1701069102000)/",20850,1000,5824000,121091000000,-100,true,-0.48
"HSG",141110,"/Date(1701069102000)/",20850,300,5823000,121070000000,-100,true,-0.48
"HSG",141110,"/Date(1701069102000)/",20850,1000,5822700,121064000000,-100,true,-0.48
"HSG",141110,"/Date(1701069102000)/",20850,100,5821700,121043000000,-100,true,-0.48
"HSG",141110,"/Date(1701069102000)/",20850,2000,5821600,121041000000,-100,true,-0.48
"HSG",141110,"/Date(1701069102000)/",20850,1000,5819600,121000000000,-100,true,-0.48
"HSG",141110,"/Date(1701069102000)/",20850,500,5818600,120979000000,-100,true,-0.48
"HSG",141106,"/Date(1701069100000)/",20850,200,5818100,120968000000,-100,true,-0.48
"HSG",141057,"/Date(1701069090000)/",20850,300,5817900,120964000000,-100,true,-0.48
"HSG",141057,"/Date(1701069090000)/",20850,700,5817600,120958000000,-100,true,-0.48
"HSG",141034,"/Date(1701069068000)/",20850,300,5816900,120943000000,-100,true,-0.48
"HSG",141034,"/Date(1701069068000)/",20850,2700,5816600,120937000000,-100,true,-0.48
"HSG",141028,"/Date(1701069061000)/",20850,100,5813900,120881000000,-100,true,-0.48
"HSG",141019,"/Date(1701069053000)/",20900,900,5813800,120879000000,-50,false,-0.24
"HSG",141019,"/Date(1701069053000)/",20900,3200,5812900,120860000000,-50,false,-0.24
"HSG",141019,"/Date(1701069053000)/",20900,900,5809700,120793000000,-50,false,-0.24
"HSG",141012,"/Date(1701069045000)/",20900,500,5808800,120774000000,-50,false,-0.24
"HSG",141012,"/Date(1701069045000)/",20900,600,5808300,120764000000,-50,false,-0.24
"HSG",141012,"/Date(1701069045000)/",20900,400,5807700,120751000000,-50,false,-0.24
"HSG",141009,"/Date(1701069043000)/",20900,1000,5807300,120743000000,-50,false,-0.24
"HSG",140947,"/Date(1701069019000)/",20900,100,5806300,120722000000,-50,true,-0.24
"HSG",140947,"/Date(1701069019000)/",20900,500,5806200,120720000000,-50,true,-0.24
"HSG",140927,"/Date(1701069001000)/",20900,1000,5805700,120709000000,-50,false,-0.24
"HSG",140921,"/Date(1701068995000)/",20900,100,5804700,120688000000,-50,false,-0.24
"HSG",140921,"/Date(1701068994000)/",20900,100,5804600,120686000000,-50,false,-0.24
"HSG",140921,"/Date(1701068994000)/",20900,800,5804500,120684000000,-50,false,-0.24
"HSG",140921,"/Date(1701068994000)/",20900,200,5803700,120668000000,-50,false,-0.24
"HSG",140915,"/Date(1701068990000)/",20900,2800,5803500,120663000000,-50,false,-0.24
"HSG",140915,"/Date(1701068990000)/",20900,3200,5800700,120605000000,-50,false,-0.24
"HSG",140905,"/Date(1701068980000)/",20900,3600,5797500,120538000000,-50,false,-0.24
"HSG",140905,"/Date(1701068979000)/",20900,600,5793900,120463000000,-50,false,-0.24
"HSG",140905,"/Date(1701068979000)/",20900,200,5793300,120450000000,-50,false,-0.24
"HSG",140905,"/Date(1701068979000)/",20900,500,5793100,120446000000,-50,false,-0.24
"HSG",140905,"/Date(1701068979000)/",20900,1700,5792600,120436000000,-50,false,-0.24
"HSG",140905,"/Date(1701068979000)/",20900,500,5790900,120400000000,-50,false,-0.24
"HSG",140905,"/Date(1701068979000)/",20900,1000,5790400,120390000000,-50,false,-0.24
"HSG",140905,"/Date(1701068979000)/",20900,1000,5789400,120369000000,-50,false,-0.24
"HSG",140905,"/Date(1701068979000)/",20900,10900,5788400,120348000000,-50,false,-0.24
"HSG",140905,"/Date(1701068979000)/",20900,100,5777500,120120000000,-50,false,-0.24
"HSG",140902,"/Date(1701068975000)/",20900,1000,5777400,120118000000,-50,false,-0.24
"HSG",140846,"/Date(1701068960000)/",20900,100,5776400,120097000000,-50,false,-0.24
"HSG",140843,"/Date(1701068955000)/",20900,5000,5776300,120095000000,-50,false,-0.24
"HSG",140833,"/Date(1701068948000)/",20900,2000,5771300,119990000000,-50,false,-0.24
"HSG",140830,"/Date(1701068945000)/",20900,900,5769300,119949000000,-50,false,-0.24
"HSG",140827,"/Date(1701068942000)/",20900,100,5768400,119930000000,-50,true,-0.24
"HSG",140827,"/Date(1701068939000)/",20850,300,5768300,119928000000,-100,true,-0.48
"HSG",140827,"/Date(1701068939000)/",20900,1000,5768000,119921000000,-50,true,-0.24
"HSG",140827,"/Date(1701068939000)/",20900,1900,5767000,119901000000,-50,true,-0.24
"HSG",140824,"/Date(1701068939000)/",20900,3100,5765100,119861000000,-50,true,-0.24
"HSG",140824,"/Date(1701068939000)/",20900,200,5762000,119796000000,-50,true,-0.24
"HSG",140824,"/Date(1701068939000)/",20900,100,5761800,119792000000,-50,true,-0.24
"HSG",140824,"/Date(1701068939000)/",20900,100,5761700,119790000000,-50,true,-0.24
"HSG",140824,"/Date(1701068939000)/",20900,4500,5761600,119788000000,-50,true,-0.24
"HSG",140824,"/Date(1701068939000)/",20900,400,5757100,119694000000,-50,true,-0.24
"HSG",140824,"/Date(1701068939000)/",20900,100,5756700,119685000000,-50,true,-0.24
"HSG",140824,"/Date(1701068939000)/",20900,100,5756600,119683000000,-50,true,-0.24
"HSG",140824,"/Date(1701068939000)/",20900,1000,5756500,119681000000,-50,true,-0.24
"HSG",140824,"/Date(1701068939000)/",20900,300,5755500,119660000000,-50,true,-0.24
"HSG",140824,"/Date(1701068939000)/",20900,200,5755200,119654000000,-50,true,-0.24
"HSG",140824,"/Date(1701068939000)/",20900,100,5755000,119650000000,-50,true,-0.24
"HSG",140824,"/Date(1701068939000)/",20900,300,5754900,119648000000,-50,true,-0.24
"HSG",140824,"/Date(1701068939000)/",20900,3000,5754600,119641000000,-50,true,-0.24
"HSG",140824,"/Date(1701068939000)/",20900,100,5751600,119579000000,-50,true,-0.24
"HSG",140824,"/Date(1701068939000)/",20900,1000,5751500,119577000000,-50,true,-0.24
"HSG",140824,"/Date(1701068939000)/",20900,5000,5750500,119556000000,-50,true,-0.24
"HSG",140824,"/Date(1701068939000)/",20900,400,5745500,119451000000,-50,true,-0.24
"HSG",140824,"/Date(1701068937000)/",20900,3000,5745100,119443000000,-50,true,-0.24
"HSG",140817,"/Date(1701068932000)/",20900,6600,5742100,119380000000,-50,true,-0.24
"HSG",140817,"/Date(1701068932000)/",20900,300,5735500,119242000000,-50,true,-0.24
"HSG",140817,"/Date(1701068932000)/",20900,100,5735200,119236000000,-50,true,-0.24
"HSG",140817,"/Date(1701068932000)/",20900,3000,5735100,119234000000,-50,true,-0.24
"HSG",140814,"/Date(1701068927000)/",20900,200,5732100,119171000000,-50,true,-0.24
"HSG",140811,"/Date(1701068926000)/",20950,400,5731900,119167000000,0,false,0
"HSG",140811,"/Date(1701068926000)/",20950,3000,5731500,119159000000,0,false,0
"HSG",140811,"/Date(1701068926000)/",20950,2000,5728500,119096000000,0,false,0
"HSG",140811,"/Date(1701068926000)/",20950,100,5726500,119054000000,0,false,0
"HSG",140804,"/Date(1701068918000)/",20900,1800,5726400,119052000000,-50,true,-0.24
"HSG",140804,"/Date(1701068918000)/",20900,2200,5724600,119014000000,-50,true,-0.24
"HSG",140804,"/Date(1701068918000)/",20900,1000,5722400,118968000000,-50,true,-0.24
"HSG",140804,"/Date(1701068918000)/",20900,100,5721400,118947000000,-50,true,-0.24
"HSG",140804,"/Date(1701068918000)/",20900,1000,5721300,118945000000,-50,true,-0.24
"HSG",140804,"/Date(1701068918000)/",20900,300,5720300,118924000000,-50,true,-0.24
"HSG",140804,"/Date(1701068918000)/",20900,2000,5720000,118918000000,-50,true,-0.24
"HSG",140804,"/Date(1701068918000)/",20900,200,5718000,118876000000,-50,true,-0.24
"HSG",140804,"/Date(1701068918000)/",20900,500,5717800,118872000000,-50,true,-0.24
"HSG",140804,"/Date(1701068918000)/",20900,500,5717300,118862000000,-50,true,-0.24
"HSG",140804,"/Date(1701068918000)/",20900,400,5716800,118851000000,-50,true,-0.24
"HSG",140758,"/Date(1701068913000)/",20900,1600,5716400,118843000000,-50,true,-0.24
"HSG",140758,"/Date(1701068913000)/",20900,200,5714800,118809000000,-50,true,-0.24
"HSG",140758,"/Date(1701068913000)/",20900,200,5714600,118805000000,-50,true,-0.24
"HSG",140758,"/Date(1701068913000)/",20900,3000,5714400,118801000000,-50,true,-0.24
"HSG",140758,"/Date(1701068913000)/",20900,5000,5711400,118738000000,-50,true,-0.24
"HSG",140745,"/Date(1701068900000)/",20900,200,5706400,118634000000,-50,true,-0.24
"HSG",140742,"/Date(1701068894000)/",20900,3000,5706200,118630000000,-50,true,-0.24
"HSG",140739,"/Date(1701068893000)/",20950,1500,5703200,118567000000,0,false,0
"HSG",140739,"/Date(1701068893000)/",20950,3500,5701700,118535000000,0,false,0
"HSG",140735,"/Date(1701068890000)/",20900,100,5698200,118462000000,-50,true,-0.24
"HSG",140729,"/Date(1701068882000)/",20900,200,5698100,118460000000,-50,true,-0.24
"HSG",140726,"/Date(1701068879000)/",20900,2000,5697900,118456000000,-50,true,-0.24
"HSG",140723,"/Date(1701068876000)/",20900,2500,5695900,118414000000,-50,true,-0.24
"HSG",140723,"/Date(1701068876000)/",20900,200,5693400,118362000000,-50,true,-0.24
"HSG",140723,"/Date(1701068876000)/",20900,100,5693200,118358000000,-50,true,-0.24
"HSG",140723,"/Date(1701068876000)/",20900,1000,5693100,118356000000,-50,true,-0.24
"HSG",140723,"/Date(1701068876000)/",20900,1000,5692100,118335000000,-50,true,-0.24
"HSG",140723,"/Date(1701068876000)/",20900,200,5691100,118314000000,-50,true,-0.24
"HSG",140719,"/Date(1701068872000)/",20950,1000,5690900,118310000000,0,false,0
"HSG",140713,"/Date(1701068868000)/",20950,100,5689900,118289000000,0,false,0
"HSG",140703,"/Date(1701068857000)/",20900,300,5689800,118286000000,-50,true,-0.24
"HSG",140700,"/Date(1701068853000)/",20900,3100,5689500,118280000000,-50,true,-0.24
"HSG",140651,"/Date(1701068843000)/",20900,1400,5686400,118215000000,-50,true,-0.24
"HSG",140651,"/Date(1701068843000)/",20900,2100,5685000,118186000000,-50,true,-0.24
"HSG",140651,"/Date(1701068843000)/",20900,1000,5682900,118142000000,-50,true,-0.24
"HSG",140651,"/Date(1701068843000)/",20900,500,5681900,118121000000,-50,true,-0.24
"HSG",140641,"/Date(1701068836000)/",20900,100,5681400,118111000000,-50,true,-0.24
"HSG",140641,"/Date(1701068835000)/",20950,100,5681300,118109000000,0,false,0
"HSG",140638,"/Date(1701068832000)/",20950,100,5681200,118107000000,0,false,0
"HSG",140635,"/Date(1701068828000)/",20950,200,5681100,118105000000,0,false,0
"HSG",140615,"/Date(1701068810000)/",20900,400,5680900,118100000000,-50,true,-0.24
"HSG",140615,"/Date(1701068810000)/",20900,2000,5680500,118092000000,-50,true,-0.24
"HSG",140615,"/Date(1701068810000)/",20950,400,5678500,118050000000,0,false,0
"HSG",140615,"/Date(1701068810000)/",20950,100,5678100,118042000000,0,false,0
"HSG",140615,"/Date(1701068809000)/",20950,400,5678000,118040000000,0,false,0
"HSG",140615,"/Date(1701068809000)/",20950,500,5677600,118031000000,0,false,0
"HSG",140615,"/Date(1701068809000)/",20950,100,5677100,118021000000,0,false,0
"HSG",140612,"/Date(1701068805000)/",20950,400,5677000,118019000000,0,true,0
"HSG",140612,"/Date(1701068805000)/",20950,1600,5676600,118010000000,0,true,0
"HSG",140612,"/Date(1701068805000)/",21000,500,5675000,117977000000,50,false,0.24
"HSG",140612,"/Date(1701068805000)/",21000,1000,5674500,117966000000,50,false,0.24
"HSG",140609,"/Date(1701068803000)/",20950,1000,5673500,117945000000,0,true,0
"HSG",140550,"/Date(1701068784000)/",20950,300,5672500,117925000000,0,true,0
"HSG",140550,"/Date(1701068784000)/",20950,2000,5672200,117918000000,0,true,0
"HSG",140550,"/Date(1701068784000)/",20950,3100,5670200,117876000000,0,true,0
"HSG",140550,"/Date(1701068784000)/",20950,200,5667100,117811000000,0,true,0
"HSG",140550,"/Date(1701068784000)/",20950,300,5666900,117807000000,0,true,0
"HSG",140550,"/Date(1701068784000)/",20950,1000,5666600,117801000000,0,true,0
"HSG",140550,"/Date(1701068784000)/",20950,100,5665600,117780000000,0,true,0
"HSG",140550,"/Date(1701068784000)/",20950,400,5665500,117778000000,0,true,0
"HSG",140547,"/Date(1701068782000)/",20950,100,5665100,117769000000,0,false,0
"HSG",140543,"/Date(1701068777000)/",20900,100,5665000,117767000000,-50,true,-0.24
"HSG",140543,"/Date(1701068777000)/",20900,400,5664900,117765000000,-50,true,-0.24
"HSG",140537,"/Date(1701068771000)/",20900,400,5664500,117757000000,-50,true,-0.24
"HSG",140537,"/Date(1701068769000)/",20900,100,5664100,117749000000,-50,true,-0.24
"HSG",140521,"/Date(1701068756000)/",20900,1500,5664000,117746000000,-50,true,-0.24
"HSG",140521,"/Date(1701068756000)/",20900,300,5662500,117715000000,-50,true,-0.24
"HSG",140521,"/Date(1701068756000)/",20900,500,5662200,117709000000,-50,true,-0.24
"HSG",140521,"/Date(1701068756000)/",20900,2000,5661700,117698000000,-50,true,-0.24
"HSG",140521,"/Date(1701068756000)/",20900,300,5659700,117657000000,-50,true,-0.24
"HSG",140521,"/Date(1701068756000)/",20900,400,5659400,117650000000,-50,true,-0.24
"HSG",140515,"/Date(1701068747000)/",20850,200,5659000,117642000000,-100,true,-0.48
"HSG",140515,"/Date(1701068747000)/",20900,800,5658800,117638000000,-50,true,-0.24
"HSG",140512,"/Date(1701068744000)/",20900,500,5658000,117621000000,-50,true,-0.24
"HSG",140512,"/Date(1701068744000)/",20900,100,5657500,117611000000,-50,true,-0.24
"HSG",140512,"/Date(1701068744000)/",20900,400,5657400,117609000000,-50,true,-0.24
"HSG",140512,"/Date(1701068744000)/",20900,600,5657000,117600000000,-50,true,-0.24
"HSG",140512,"/Date(1701068744000)/",20850,1500,5656400,117588000000,-100,true,-0.48
"HSG",140508,"/Date(1701068741000)/",20900,1000,5654900,117556000000,-50,false,-0.24
"HSG",140508,"/Date(1701068740000)/",20900,100,5653900,117535000000,-50,false,-0.24
"HSG",140508,"/Date(1701068740000)/",20900,400,5653800,117533000000,-50,false,-0.24
"HSG",140502,"/Date(1701068737000)/",20850,200,5653400,117525000000,-100,true,-0.48
"HSG",140502,"/Date(1701068737000)/",20850,100,5653200,117521000000,-100,true,-0.48
"HSG",140459,"/Date(1701068731000)/",20900,100,5653100,117519000000,-50,false,-0.24
"HSG",140456,"/Date(1701068729000)/",20900,1000,5653000,117517000000,-50,false,-0.24
"HSG",140456,"/Date(1701068729000)/",20900,200,5652000,117496000000,-50,false,-0.24
"HSG",140449,"/Date(1701068724000)/",20900,500,5651800,117492000000,-50,true,-0.24
"HSG",140449,"/Date(1701068723000)/",20900,500,5651300,117481000000,-50,true,-0.24
"HSG",140449,"/Date(1701068723000)/",20900,500,5650800,117471000000,-50,true,-0.24
"HSG",140449,"/Date(1701068723000)/",20900,300,5650300,117460000000,-50,true,-0.24
"HSG",140443,"/Date(1701068716000)/",20900,200,5650000,117454000000,-50,true,-0.24
"HSG",140443,"/Date(1701068715000)/",20900,500,5649800,117450000000,-50,true,-0.24
"HSG",140443,"/Date(1701068715000)/",20900,500,5649300,117439000000,-50,true,-0.24
"HSG",140436,"/Date(1701068710000)/",21000,3000,5648800,117429000000,50,false,0.24
"HSG",140436,"/Date(1701068710000)/",21000,100,5645800,117366000000,50,false,0.24
"HSG",140436,"/Date(1701068710000)/",21000,2000,5645700,117364000000,50,false,0.24
"HSG",140436,"/Date(1701068710000)/",21000,5700,5643700,117322000000,50,false,0.24
"HSG",140436,"/Date(1701068710000)/",21000,1000,5638000,117202000000,50,false,0.24
"HSG",140436,"/Date(1701068710000)/",21000,1100,5637000,117181000000,50,false,0.24
"HSG",140436,"/Date(1701068710000)/",20950,200,5635900,117158000000,0,false,0
"HSG",140436,"/Date(1701068710000)/",20900,21700,5635700,117154000000,-50,false,-0.24
"HSG",140433,"/Date(1701068706000)/",20850,400,5614000,116700000000,-100,true,-0.48
"HSG",140433,"/Date(1701068706000)/",20850,200,5613600,116692000000,-100,true,-0.48
"HSG",140433,"/Date(1701068706000)/",20850,400,5613400,116688000000,-100,true,-0.48
"HSG",140433,"/Date(1701068706000)/",20850,100,5613000,116679000000,-100,true,-0.48
"HSG",140430,"/Date(1701068705000)/",20900,2000,5612900,116677000000,-50,false,-0.24
"HSG",140430,"/Date(1701068703000)/",20900,100,5610900,116636000000,-50,false,-0.24
"HSG",140430,"/Date(1701068703000)/",20900,1000,5610800,116633000000,-50,false,-0.24
"HSG",140430,"/Date(1701068703000)/",20900,2000,5609800,116613000000,-50,false,-0.24
"HSG",140430,"/Date(1701068703000)/",20900,1000,5607800,116571000000,-50,false,-0.24
"HSG",140430,"/Date(1701068703000)/",20900,1000,5606800,116550000000,-50,false,-0.24
"HSG",140430,"/Date(1701068703000)/",20900,10000,5605800,116529000000,-50,false,-0.24
"HSG",140430,"/Date(1701068703000)/",20900,500,5595800,116320000000,-50,false,-0.24
"HSG",140430,"/Date(1701068703000)/",20900,2000,5595300,116310000000,-50,false,-0.24
"HSG",140430,"/Date(1701068703000)/",20900,8100,5593300,116268000000,-50,false,-0.24
"HSG",140430,"/Date(1701068703000)/",20950,200,5585200,116098000000,0,false,0
"HSG",140430,"/Date(1701068703000)/",20950,400,5585000,116094000000,0,false,0
"HSG",140427,"/Date(1701068700000)/",21000,2000,5584600,116086000000,50,false,0.24
"HSG",140420,"/Date(1701068693000)/",21000,1000,5582600,116044000000,50,false,0.24
"HSG",140420,"/Date(1701068693000)/",20900,200,5581600,116023000000,-50,true,-0.24
"HSG",140420,"/Date(1701068693000)/",20950,300,5581400,116019000000,0,false,0
"HSG",140420,"/Date(1701068693000)/",21000,200,5581100,116012000000,50,false,0.24
"HSG",140414,"/Date(1701068687000)/",21000,200,5580900,116008000000,50,false,0.24
"HSG",140411,"/Date(1701068683000)/",20950,700,5580700,116004000000,0,true,0
"HSG",140411,"/Date(1701068683000)/",20950,300,5580000,115989000000,0,true,0
"HSG",140411,"/Date(1701068683000)/",20950,500,5579700,115983000000,0,true,0
"HSG",140411,"/Date(1701068683000)/",20950,100,5579200,115973000000,0,true,0
"HSG",140411,"/Date(1701068683000)/",20950,200,5579100,115970000000,0,true,0
"HSG",140411,"/Date(1701068683000)/",20950,1000,5578900,115966000000,0,true,0
"HSG",140411,"/Date(1701068683000)/",20950,100,5577900,115945000000,0,true,0
"HSG",140411,"/Date(1701068683000)/",20950,300,5577800,115943000000,0,true,0
"HSG",140408,"/Date(1701068682000)/",21000,700,5577500,115937000000,50,false,0.24
"HSG",140405,"/Date(1701068679000)/",21000,1800,5576800,115922000000,50,false,0.24
"HSG",140405,"/Date(1701068679000)/",21000,3200,5575000,115884000000,50,false,0.24
"HSG",140405,"/Date(1701068678000)/",21000,100,5571800,115817000000,50,false,0.24
"HSG",140405,"/Date(1701068677000)/",21000,100,5571700,115815000000,50,false,0.24
"HSG",140405,"/Date(1701068677000)/",21000,200,5571600,115813000000,50,false,0.24
"HSG",140401,"/Date(1701068676000)/",21000,100,5571400,115809000000,50,false,0.24
"HSG",140401,"/Date(1701068674000)/",20950,700,5571300,115807000000,0,true,0
"HSG",140401,"/Date(1701068674000)/",20950,1000,5570600,115792000000,0,true,0
"HSG",140401,"/Date(1701068674000)/",20950,1000,5569600,115771000000,0,true,0
"HSG",140401,"/Date(1701068674000)/",20950,500,5568600,115750000000,0,true,0
"HSG",140401,"/Date(1701068674000)/",20950,100,5568100,115740000000,0,true,0
"HSG",140401,"/Date(1701068674000)/",20950,2000,5568000,115738000000,0,true,0
"HSG",140401,"/Date(1701068674000)/",20950,100,5566000,115696000000,0,true,0
"HSG",140401,"/Date(1701068674000)/",20950,500,5565900,115694000000,0,true,0
"HSG",140401,"/Date(1701068674000)/",20950,500,5565400,115683000000,0,true,0
"HSG",140401,"/Date(1701068674000)/",20950,2000,5564900,115673000000,0,true,0
"HSG",140401,"/Date(1701068674000)/",20950,1600,5562900,115631000000,0,true,0
"HSG",140358,"/Date(1701068672000)/",21000,100,5561300,115597000000,50,false,0.24
"HSG",140355,"/Date(1701068670000)/",21000,26700,5561200,115595000000,50,false,0.24
"HSG",140355,"/Date(1701068669000)/",21000,1000,5534500,115034000000,50,false,0.24
"HSG",140352,"/Date(1701068665000)/",21000,500,5533500,115013000000,50,false,0.24
"HSG",140352,"/Date(1701068665000)/",21000,200,5533000,115003000000,50,false,0.24
"HSG",140352,"/Date(1701068665000)/",21000,100,5532800,114999000000,50,false,0.24
"HSG",140352,"/Date(1701068665000)/",21000,300,5532700,114997000000,50,false,0.24
"HSG",140352,"/Date(1701068665000)/",21000,1000,5532400,114990000000,50,false,0.24
"HSG",140352,"/Date(1701068665000)/",21000,4600,5531400,114969000000,50,false,0.24
"HSG",140352,"/Date(1701068665000)/",21000,1000,5526800,114873000000,50,false,0.24
"HSG",140352,"/Date(1701068665000)/",21000,200,5525800,114852000000,50,false,0.24
"HSG",140352,"/Date(1701068665000)/",21000,2000,5525600,114848000000,50,false,0.24
"HSG",140352,"/Date(1701068665000)/",21000,400,5523600,114806000000,50,false,0.24
"HSG",140352,"/Date(1701068665000)/",21000,1000,5523200,114797000000,50,false,0.24
"HSG",140352,"/Date(1701068665000)/",21000,1000,5522200,114776000000,50,false,0.24
"HSG",140352,"/Date(1701068665000)/",21000,2000,5521200,114755000000,50,false,0.24
"HSG",140352,"/Date(1701068665000)/",21000,100,5519200,114713000000,50,false,0.24
"HSG",140352,"/Date(1701068665000)/",21000,2000,5519100,114711000000,50,false,0.24
"HSG",140352,"/Date(1701068665000)/",21000,2000,5517100,114669000000,50,false,0.24
"HSG",140352,"/Date(1701068665000)/",21000,1000,5515100,114627000000,50,false,0.24
"HSG",140352,"/Date(1701068665000)/",21000,1000,5514100,114606000000,50,false,0.24
"HSG",140352,"/Date(1701068665000)/",21000,500,5513100,114585000000,50,false,0.24
"HSG",140352,"/Date(1701068665000)/",21000,1100,5512600,114575000000,50,false,0.24
"HSG",140352,"/Date(1701068665000)/",21000,1000,5511500,114551000000,50,false,0.24
"HSG",140352,"/Date(1701068665000)/",21000,200,5510500,114530000000,50,false,0.24
"HSG",140352,"/Date(1701068665000)/",21000,300,5510300,114526000000,50,false,0.24
"HSG",140352,"/Date(1701068665000)/",21000,100,5510000,114520000000,50,false,0.24
"HSG",140352,"/Date(1701068665000)/",21000,3500,5509900,114518000000,50,false,0.24
"HSG",140352,"/Date(1701068664000)/",21000,300,5506400,114444000000,50,false,0.24
"HSG",140349,"/Date(1701068663000)/",21000,5000,5506100,114438000000,50,true,0.24
"HSG",140349,"/Date(1701068663000)/",21000,20000,5501100,114333000000,50,true,0.24
"HSG",140345,"/Date(1701068658000)/",21050,1000,5481100,113913000000,100,false,0.48
"HSG",140342,"/Date(1701068657000)/",21000,10000,5480100,113892000000,50,true,0.24
"HSG",140339,"/Date(1701068654000)/",21000,100,5470100,113682000000,50,true,0.24
"HSG",140339,"/Date(1701068652000)/",21000,5000,5470000,113680000000,50,true,0.24
"HSG",140336,"/Date(1701068650000)/",21000,6100,5465000,113575000000,50,true,0.24
"HSG",140336,"/Date(1701068650000)/",21000,100,5458900,113447000000,50,true,0.24
"HSG",140336,"/Date(1701068650000)/",21000,100,5458800,113445000000,50,true,0.24
"HSG",140336,"/Date(1701068650000)/",21000,300,5458700,113443000000,50,true,0.24
"HSG",140336,"/Date(1701068650000)/",21000,1000,5458400,113436000000,50,true,0.24
"HSG",140336,"/Date(1701068650000)/",21000,400,5457400,113415000000,50,true,0.24
"HSG",140336,"/Date(1701068650000)/",21000,1000,5457000,113407000000,50,true,0.24
"HSG",140336,"/Date(1701068650000)/",21000,500,5456000,113386000000,50,true,0.24
"HSG",140336,"/Date(1701068650000)/",21000,500,5455500,113375000000,50,true,0.24
"HSG",140329,"/Date(1701068642000)/",21000,6400,5455000,113365000000,50,true,0.24
"HSG",140329,"/Date(1701068642000)/",21000,100,5448600,113231000000,50,true,0.24
"HSG",140329,"/Date(1701068642000)/",21000,2000,5448500,113228000000,50,true,0.24
"HSG",140329,"/Date(1701068642000)/",21000,1500,5446500,113186000000,50,true,0.24
"HSG",140317,"/Date(1701068631000)/",21000,1500,5445000,113155000000,50,true,0.24
"HSG",140317,"/Date(1701068631000)/",21000,4100,5443500,113123000000,50,true,0.24
"HSG",140317,"/Date(1701068631000)/",21050,100,5439400,113037000000,100,false,0.48
"HSG",140317,"/Date(1701068631000)/",21050,100,5439300,113035000000,100,false,0.48
"HSG",140317,"/Date(1701068631000)/",21050,100,5439200,113033000000,100,false,0.48
"HSG",140317,"/Date(1701068631000)/",21050,500,5439100,113031000000,100,false,0.48
"HSG",140317,"/Date(1701068631000)/",21050,1000,5438600,113020000000,100,false,0.48
"HSG",140317,"/Date(1701068631000)/",21050,1000,5437600,112999000000,100,false,0.48
"HSG",140317,"/Date(1701068631000)/",21050,1000,5436600,112978000000,100,false,0.48
"HSG",140317,"/Date(1701068631000)/",21050,600,5435600,112957000000,100,false,0.48
"HSG",140317,"/Date(1701068631000)/",21100,300,5435000,112945000000,150,false,0.72
"HSG",140317,"/Date(1701068630000)/",21050,100,5434700,112938000000,100,false,0.48
"HSG",140317,"/Date(1701068629000)/",21050,300,5434600,112936000000,100,false,0.48
"HSG",140317,"/Date(1701068629000)/",21050,200,5434300,112930000000,100,false,0.48
"HSG",140314,"/Date(1701068627000)/",21050,1800,5434100,112926000000,100,true,0.48
"HSG",140314,"/Date(1701068627000)/",21050,200,5432300,112888000000,100,true,0.48
"HSG",140314,"/Date(1701068626000)/",21050,300,5432100,112884000000,100,true,0.48
"HSG",140314,"/Date(1701068626000)/",21050,200,5431800,112877000000,100,true,0.48
"HSG",140314,"/Date(1701068626000)/",21050,2000,5431600,112873000000,100,true,0.48
"HSG",140314,"/Date(1701068626000)/",21050,100,5429600,112831000000,100,true,0.48
"HSG",140314,"/Date(1701068626000)/",21050,1000,5429500,112829000000,100,true,0.48
"HSG",140314,"/Date(1701068626000)/",21050,100,5428500,112808000000,100,true,0.48
"HSG",140314,"/Date(1701068626000)/",21050,1000,5428400,112806000000,100,true,0.48
"HSG",140314,"/Date(1701068626000)/",21050,300,5427400,112785000000,100,true,0.48
"HSG",140314,"/Date(1701068626000)/",21050,300,5427100,112778000000,100,true,0.48
"HSG",140314,"/Date(1701068626000)/",21050,100,5426800,112772000000,100,true,0.48
"HSG",140314,"/Date(1701068625000)/",21050,1000,5426700,112770000000,100,true,0.48
"HSG",140310,"/Date(1701068625000)/",21050,100,5425700,112749000000,100,true,0.48
"HSG",140310,"/Date(1701068624000)/",21050,200,5425600,112747000000,100,true,0.48
"HSG",140310,"/Date(1701068623000)/",21050,300,5425400,112743000000,100,true,0.48
"HSG",140310,"/Date(1701068623000)/",21050,2700,5425100,112736000000,100,true,0.48
"HSG",140307,"/Date(1701068621000)/",21050,5300,5422400,112679000000,100,true,0.48
"HSG",140307,"/Date(1701068621000)/",21050,1000,5417100,112568000000,100,true,0.48
"HSG",140307,"/Date(1701068621000)/",21050,3700,5416100,112547000000,100,true,0.48
"HSG",140307,"/Date(1701068621000)/",21050,200,5412400,112469000000,100,true,0.48
"HSG",140307,"/Date(1701068620000)/",21050,300,5412200,112465000000,100,true,0.48
"HSG",140307,"/Date(1701068620000)/",21050,500,5411900,112458000000,100,true,0.48
"HSG",140304,"/Date(1701068617000)/",21050,300,5411400,112448000000,100,true,0.48
"HSG",140301,"/Date(1701068616000)/",21050,1000,5411100,112442000000,100,true,0.48
"HSG",140301,"/Date(1701068615000)/",21050,1000,5410100,112421000000,100,true,0.48
"HSG",140301,"/Date(1701068614000)/",21050,100,5409100,112399000000,100,true,0.48
"HSG",140257,"/Date(1701068611000)/",21050,1000,5409000,112397000000,100,true,0.48
"HSG",140257,"/Date(1701068611000)/",21050,100,5408000,112376000000,100,true,0.48
"HSG",140257,"/Date(1701068611000)/",21050,100,5407900,112374000000,100,true,0.48
"HSG",140254,"/Date(1701068607000)/",21050,100,5407800,112372000000,100,true,0.48
"HSG",140254,"/Date(1701068607000)/",21050,1600,5407700,112370000000,100,true,0.48
"HSG",140254,"/Date(1701068607000)/",21050,2000,5406100,112336000000,100,true,0.48
"HSG",140254,"/Date(1701068607000)/",21050,200,5404100,112294000000,100,true,0.48
"HSG",140254,"/Date(1701068607000)/",21050,3000,5403900,112290000000,100,true,0.48
"HSG",140254,"/Date(1701068607000)/",21050,2000,5400900,112227000000,100,true,0.48
"HSG",140254,"/Date(1701068607000)/",21050,2000,5398900,112185000000,100,true,0.48
"HSG",140254,"/Date(1701068607000)/",21050,300,5396900,112143000000,100,true,0.48
"HSG",140254,"/Date(1701068607000)/",21050,2000,5396600,112136000000,100,true,0.48
"HSG",140254,"/Date(1701068607000)/",21050,6900,5394600,112094000000,100,true,0.48
"HSG",140251,"/Date(1701068605000)/",21050,1000,5387700,111949000000,100,true,0.48
"HSG",140248,"/Date(1701068602000)/",21050,500,5386700,111928000000,100,true,0.48
"HSG",140245,"/Date(1701068597000)/",21050,200,5386200,111917000000,100,true,0.48
"HSG",140245,"/Date(1701068597000)/",21050,200,5386000,111913000000,100,true,0.48
"HSG",140241,"/Date(1701068595000)/",21100,3000,5385800,111909000000,150,false,0.72
"HSG",140238,"/Date(1701068591000)/",21050,500,5382800,111846000000,100,true,0.48
"HSG",140235,"/Date(1701068590000)/",21050,100,5382300,111835000000,100,true,0.48
"HSG",140235,"/Date(1701068590000)/",21050,600,5382200,111833000000,100,true,0.48
"HSG",140235,"/Date(1701068590000)/",21050,2300,5381600,111820000000,100,true,0.48
"HSG",140235,"/Date(1701068589000)/",21100,1000,5379300,111772000000,150,false,0.72
"HSG",140232,"/Date(1701068586000)/",21100,500,5378300,111751000000,150,false,0.72
"HSG",140232,"/Date(1701068585000)/",21100,800,5377800,111740000000,150,false,0.72
"HSG",140229,"/Date(1701068583000)/",21100,4500,5377000,111724000000,150,false,0.72
"HSG",140229,"/Date(1701068581000)/",21100,500,5372500,111629000000,150,false,0.72
"HSG",140229,"/Date(1701068581000)/",21050,700,5372000,111618000000,100,true,0.48
"HSG",140229,"/Date(1701068581000)/",21050,1000,5371300,111603000000,100,true,0.48
"HSG",140229,"/Date(1701068581000)/",21050,300,5370300,111582000000,100,true,0.48
"HSG",140229,"/Date(1701068581000)/",21050,1000,5370000,111576000000,100,true,0.48
"HSG",140226,"/Date(1701068580000)/",21100,200,5369000,111555000000,150,false,0.72
"HSG",140222,"/Date(1701068575000)/",21100,600,5368800,111551000000,150,false,0.72
"HSG",140219,"/Date(1701068573000)/",21100,1000,5368200,111538000000,150,false,0.72
"HSG",140216,"/Date(1701068570000)/",21100,100,5367200,111517000000,150,false,0.72
"HSG",140216,"/Date(1701068570000)/",21100,1800,5367100,111515000000,150,false,0.72
"HSG",140213,"/Date(1701068568000)/",21050,1000,5365300,111477000000,100,true,0.48
"HSG",140213,"/Date(1701068568000)/",21050,1000,5364300,111456000000,100,true,0.48
"HSG",140213,"/Date(1701068567000)/",21100,1000,5363300,111435000000,150,false,0.72
"HSG",140213,"/Date(1701068566000)/",21050,1000,5362300,111414000000,100,true,0.48
