"Stockcode","Package","TradingDate","Price","Vol","TotalVol","TotalVal","Change","IsBuy","PerChange"
"IDJ",144506,"/Date(1701071100000)/",6100,149600,965798,5948670500,-200,true,-3.17
"IDJ",142954,"/Date(1701070195000)/",6200,600,816198,5036110500,-100,false,-1.59
"IDJ",142902,"/Date(1701070142000)/",6100,100,815598,5032390500,-200,true,-3.17
"IDJ",142856,"/Date(1701070136000)/",6100,4300,815498,5031780500,-200,true,-3.17
"IDJ",142819,"/Date(1701070100000)/",6100,20000,811198,5005550500,-200,true,-3.17
"IDJ",142752,"/Date(1701070073000)/",6100,2000,791198,4883550500,-200,true,-3.17
"IDJ",142751,"/Date(1701070072000)/",6200,200,789198,4871350500,-100,false,-1.59
"IDJ",142721,"/Date(1701070042000)/",6100,700,788998,4870110500,-200,true,-3.17
"IDJ",142707,"/Date(1701070028000)/",6100,4800,788298,4865840500,-200,true,-3.17
"IDJ",142624,"/Date(1701069985000)/",6100,7000,783498,4836560500,-200,true,-3.17
"IDJ",142449,"/Date(1701069890000)/",6100,200,776498,4793860500,-200,false,-3.17
"IDJ",142448,"/Date(1701069889000)/",6100,1000,776298,4792640500,-200,false,-3.17
"IDJ",142443,"/Date(1701069884000)/",6100,1000,775298,4786540500,-200,false,-3.17
"IDJ",142441,"/Date(1701069882000)/",6100,6000,774298,4780440500,-200,false,-3.17
"IDJ",142438,"/Date(1701069879000)/",6100,1000,768298,4743840500,-200,false,-3.17
"IDJ",142421,"/Date(1701069862000)/",6100,100,767298,4737740500,-200,true,-3.17
"IDJ",142417,"/Date(1701069858000)/",6100,300,767198,4737130500,-200,false,-3.17
"IDJ",142350,"/Date(1701069831000)/",6100,186800,766898,4735300500,-200,true,-3.17
"IDJ",142327,"/Date(1701069808000)/",6100,2000,580098,3595820500,-200,true,-3.17
"IDJ",142326,"/Date(1701069807000)/",6100,2200,578098,3583620500,-200,true,-3.17
"IDJ",142308,"/Date(1701069789000)/",6100,1500,575898,3570200500,-200,true,-3.17
"IDJ",142256,"/Date(1701069777000)/",6100,11500,574398,3561050500,-200,true,-3.17
"IDJ",142157,"/Date(1701069718000)/",6100,500,562898,3490900500,-200,true,-3.17
"IDJ",142104,"/Date(1701069665000)/",6200,52,562398,3487850500,-100,false,-1.59
"IDJ",142050,"/Date(1701069651000)/",6200,100,562346,3487528100,-100,false,-1.59
"IDJ",141814,"/Date(1701069494000)/",6200,100,562246,3486908100,-100,false,-1.59
"IDJ",141742,"/Date(1701069462000)/",6200,500,562146,3486288100,-100,false,-1.59
"IDJ",141616,"/Date(1701069376000)/",6200,2000,561646,3483188100,-100,false,-1.59
"IDJ",141539,"/Date(1701069339000)/",6100,3,559646,3470788100,-200,true,-3.17
"IDJ",141513,"/Date(1701069313000)/",6100,300,559643,3470769800,-200,true,-3.17
"IDJ",141412,"/Date(1701069252000)/",6100,400,559343,3468939800,-200,true,-3.17
"IDJ",141320,"/Date(1701069200000)/",6100,10000,558943,3466499800,-200,true,-3.17
"IDJ",141318,"/Date(1701069198000)/",6100,5000,548943,3405499800,-200,true,-3.17
"IDJ",141157,"/Date(1701069117000)/",6200,1500,543943,3374999800,-100,false,-1.59
"IDJ",141013,"/Date(1701069013000)/",6200,3200,542443,3365699800,-100,true,-1.59
"IDJ",140951,"/Date(1701068991000)/",6200,4800,539243,3345859800,-100,false,-1.59
"IDJ",140925,"/Date(1701068965000)/",6200,300,534443,3316099800,-100,false,-1.59
"IDJ",140904,"/Date(1701068944000)/",6200,100,534143,3314239800,-100,false,-1.59
"IDJ",140840,"/Date(1701068920000)/",6200,500,534043,3313619800,-100,false,-1.59
"IDJ",140745,"/Date(1701068865000)/",6200,4700,533543,3310519800,-100,false,-1.59
"IDJ",140732,"/Date(1701068852000)/",6200,100,528843,3281379800,-100,false,-1.59
"IDJ",140731,"/Date(1701068851000)/",6200,200,528743,3280759800,-100,false,-1.59
"IDJ",140700,"/Date(1701068820000)/",6200,100,528543,3279519800,-100,false,-1.59
"IDJ",140656,"/Date(1701068816000)/",6100,100,528443,3278899800,-200,true,-3.17
"IDJ",140636,"/Date(1701068796000)/",6200,8900,528343,3278289800,-100,false,-1.59
"IDJ",140444,"/Date(1701068684000)/",6200,300,519443,3223109800,-100,true,-1.59
"IDJ",140308,"/Date(1701068588000)/",6200,200,519143,3221249800,-100,false,-1.59
"IDJ",140303,"/Date(1701068583000)/",6200,5000,518943,3220009800,-100,false,-1.59
"IDJ",140249,"/Date(1701068569000)/",6200,100,513943,3189009800,-100,false,-1.59
"IDJ",140243,"/Date(1701068563000)/",6200,6000,513843,3188389800,-100,false,-1.59
"IDJ",140204,"/Date(1701068524000)/",6200,1000,507843,3151189800,-100,false,-1.59
"IDJ",140108,"/Date(1701068468000)/",6200,5000,506843,3144989800,-100,false,-1.59
"IDJ",140045,"/Date(1701068445000)/",6200,4000,501843,3113989800,-100,false,-1.59
"IDJ",140013,"/Date(1701068413000)/",6200,100,497843,3089189800,-100,false,-1.59
"IDJ",135957,"/Date(1701068397000)/",6200,1000,497743,3088569800,-100,false,-1.59
"IDJ",135927,"/Date(1701068367000)/",6200,100,496743,3082369800,-100,false,-1.59
"IDJ",135917,"/Date(1701068357000)/",6200,500,496643,3081749800,-100,false,-1.59
"IDJ",135820,"/Date(1701068300000)/",6200,500,496143,3078649800,-100,false,-1.59
"IDJ",135642,"/Date(1701068202000)/",6200,500,495643,3075549800,-100,false,-1.59
"IDJ",135623,"/Date(1701068183000)/",6200,1000,495143,3072449800,-100,false,-1.59
"IDJ",135600,"/Date(1701068160000)/",6200,100,494143,3066249800,-100,false,-1.59
"IDJ",135434,"/Date(1701068074000)/",6200,200,494043,3065629800,-100,false,-1.59
"IDJ",135250,"/Date(1701067970000)/",6200,3600,493843,3064389800,-100,false,-1.59
"IDJ",135121,"/Date(1701067882000)/",6200,1000,490243,3042069800,-100,false,-1.59
"IDJ",135044,"/Date(1701067844000)/",6200,100,489243,3035869800,-100,false,-1.59
"IDJ",134944,"/Date(1701067785000)/",6200,1000,489143,3035249800,-100,false,-1.59
"IDJ",134929,"/Date(1701067770000)/",6200,300,488143,3029049800,-100,false,-1.59
"IDJ",134828,"/Date(1701067709000)/",6200,10000,487843,3027189800,-100,false,-1.59
"IDJ",134745,"/Date(1701067665000)/",6200,200,477843,2965189800,-100,false,-1.59
"IDJ",134737,"/Date(1701067658000)/",6100,2000,477643,2963949800,-200,true,-3.17
"IDJ",134651,"/Date(1701067612000)/",6100,500,475643,2951749800,-200,true,-3.17
"IDJ",134558,"/Date(1701067559000)/",6100,55600,475143,2948699800,-200,true,-3.17
"IDJ",134504,"/Date(1701067505000)/",6200,300,419543,2609539800,-100,false,-1.59
"IDJ",134502,"/Date(1701067503000)/",6200,64200,419243,2607679800,-100,true,-1.59
"IDJ",134501,"/Date(1701067502000)/",6200,67800,355043,2209639800,-100,true,-1.59
"IDJ",134404,"/Date(1701067445000)/",6200,14600,287243,1789279800,-100,true,-1.59
"IDJ",134257,"/Date(1701067378000)/",6200,1000,272643,1698759800,-100,true,-1.59
"IDJ",134057,"/Date(1701067257000)/",6300,100,271643,1692559800,0,false,0
"IDJ",134039,"/Date(1701067239000)/",6200,8000,271543,1691929800,-100,true,-1.59
"IDJ",134004,"/Date(1701067204000)/",6200,200,263543,1642329800,-100,true,-1.59
"IDJ",133529,"/Date(1701066929000)/",6200,100,263343,1641089800,-100,true,-1.59
"IDJ",133219,"/Date(1701066739000)/",6200,700,263243,1640469800,-100,true,-1.59
"IDJ",133109,"/Date(1701066669000)/",6200,1000,262543,1636129800,-100,true,-1.59
"IDJ",133104,"/Date(1701066664000)/",6200,2500,261543,1629929800,-100,true,-1.59
"IDJ",133022,"/Date(1701066622000)/",6200,1000,259043,1614429800,-100,true,-1.59
"IDJ",133005,"/Date(1701066605000)/",6200,500,258043,1608229800,-100,true,-1.59
"IDJ",132934,"/Date(1701066574000)/",6200,500,257543,1605129800,-100,true,-1.59
"IDJ",132735,"/Date(1701066455000)/",6200,3000,257043,1602029800,-100,true,-1.59
"IDJ",132517,"/Date(1701066317000)/",6200,15000,254043,1583429800,-100,true,-1.59
"IDJ",132511,"/Date(1701066311000)/",6200,7000,239043,1490429800,-100,true,-1.59
"IDJ",132426,"/Date(1701066266000)/",6200,6,232043,1447029800,-100,true,-1.59
"IDJ",132353,"/Date(1701066233000)/",6200,5000,232037,1446992600,-100,true,-1.59
"IDJ",132318,"/Date(1701066198000)/",6200,1600,227037,1415992600,-100,true,-1.59
"IDJ",132139,"/Date(1701066099000)/",6200,500,225437,1406072600,-100,true,-1.59
"IDJ",132051,"/Date(1701066051000)/",6200,3000,224937,1402972600,-100,true,-1.59
"IDJ",131913,"/Date(1701065953000)/",6200,2000,221937,1384372600,-100,true,-1.59
"IDJ",131910,"/Date(1701065950000)/",6200,20000,219937,1371972600,-100,true,-1.59
"IDJ",131523,"/Date(1701065723000)/",6200,100,199937,1247972600,-100,true,-1.59
"IDJ",131339,"/Date(1701065619000)/",6200,300,199837,1247352600,-100,true,-1.59
"IDJ",131324,"/Date(1701065605000)/",6200,1600,199537,1245492600,-100,true,-1.59
"IDJ",131110,"/Date(1701065471000)/",6200,11000,197937,1235572600,-100,true,-1.59
"IDJ",130824,"/Date(1701065305000)/",6200,10000,186937,1167372600,-100,true,-1.59
"IDJ",130611,"/Date(1701065171000)/",6200,2300,176937,1105372600,-100,true,-1.59
"IDJ",130551,"/Date(1701065151000)/",6200,600,174637,1091112600,-100,true,-1.59
"IDJ",130257,"/Date(1701064977000)/",6200,10000,174037,1087392600,-100,true,-1.59
"IDJ",130028,"/Date(1701064805000)/",6300,210,164037,1025392600,0,false,0
"IDJ",130015,"/Date(1701064802000)/",6200,40100,163827,1024070600,-100,true,-1.59
"IDJ",112708,"/Date(1701059228000)/",6300,500,123727,775450600,0,false,0
"IDJ",112639,"/Date(1701059199000)/",6300,700,123227,772300600,0,false,0
"IDJ",110851,"/Date(1701058130000)/",6200,4000,122527,767890600,-100,true,-1.59
"IDJ",110844,"/Date(1701058123000)/",6200,2200,118527,743090600,-100,true,-1.59
"IDJ",110756,"/Date(1701058075000)/",6200,1000,116327,729450600,-100,true,-1.59
"IDJ",110410,"/Date(1701057850000)/",6200,46,115327,723250600,-100,true,-1.59
"IDJ",110342,"/Date(1701057822000)/",6200,100,115281,722965400,-100,true,-1.59
"IDJ",110327,"/Date(1701057807000)/",6200,100,115181,722345400,-100,true,-1.59
"IDJ",105432,"/Date(1701057272000)/",6200,100,115081,721725400,-100,true,-1.59
"IDJ",104613,"/Date(1701056773000)/",6200,100,114981,721105400,-100,true,-1.59
"IDJ",104133,"/Date(1701056493000)/",6200,4500,114881,720485400,-100,true,-1.59
"IDJ",104101,"/Date(1701056461000)/",6200,100,110381,692585400,-100,true,-1.59
"IDJ",103528,"/Date(1701056127000)/",6200,2000,110281,691965400,-100,true,-1.59
"IDJ",103038,"/Date(1701055837000)/",6300,500,108281,679565400,0,false,0
"IDJ",102439,"/Date(1701055478000)/",6300,3400,107781,676415400,0,false,0
"IDJ",102257,"/Date(1701055377000)/",6300,1000,104381,654995400,0,false,0
"IDJ",102248,"/Date(1701055367000)/",6300,500,103381,648695400,0,false,0
"IDJ",102218,"/Date(1701055338000)/",6300,2800,102881,645545400,0,false,0
"IDJ",102127,"/Date(1701055287000)/",6300,2000,100081,627905400,0,false,0
"IDJ",101338,"/Date(1701054818000)/",6200,1800,98081,615305400,-100,true,-1.59
"IDJ",101234,"/Date(1701054754000)/",6300,1200,96281,604145400,0,false,0
"IDJ",101218,"/Date(1701054738000)/",6200,1100,95081,596585400,-100,true,-1.59
"IDJ",100444,"/Date(1701054284000)/",6200,200,93981,589765400,-100,true,-1.59
"IDJ",100407,"/Date(1701054247000)/",6200,500,93781,588525400,-100,true,-1.59
"IDJ",100247,"/Date(1701054167000)/",6200,20000,93281,585425400,-100,true,-1.59
"IDJ",100146,"/Date(1701054106000)/",6200,50,73281,461425400,-100,true,-1.59
"IDJ",95809,"/Date(1701053889000)/",6200,1200,73231,461115400,-100,true,-1.59
"IDJ",95514,"/Date(1701053713000)/",6200,1000,72031,453675400,-100,true,-1.59
"IDJ",95346,"/Date(1701053625000)/",6200,22,71031,447475400,-100,true,-1.59
"IDJ",94929,"/Date(1701053368000)/",6200,200,71009,447336800,-100,true,-1.59
"IDJ",94028,"/Date(1701052828000)/",6300,200,70809,446096800,0,false,0
"IDJ",94014,"/Date(1701052814000)/",6300,200,70609,444836800,0,false,0
"IDJ",93801,"/Date(1701052681000)/",6300,500,70409,443576800,0,false,0
"IDJ",93736,"/Date(1701052656000)/",6300,100,69909,440426800,0,false,0
"IDJ",93707,"/Date(1701052627000)/",6300,78,69809,439796800,0,false,0
"IDJ",93516,"/Date(1701052516000)/",6300,100,69731,439305300,0,false,0
"IDJ",93255,"/Date(1701052375000)/",6300,100,69631,438675300,0,false,0
"IDJ",93159,"/Date(1701052319000)/",6300,100,69531,438045300,0,false,0
"IDJ",92517,"/Date(1701051917000)/",6300,1500,69431,437415300,0,false,0
"IDJ",92349,"/Date(1701051829000)/",6200,2000,67931,427965300,-100,true,-1.59
"IDJ",92344,"/Date(1701051824000)/",6300,11,65931,415565300,0,false,0
"IDJ",92038,"/Date(1701051638000)/",6300,400,65920,415496000,0,false,0
"IDJ",92006,"/Date(1701051606000)/",6300,100,65520,412976000,0,false,0
"IDJ",91951,"/Date(1701051591000)/",6300,600,65420,412346000,0,false,0
"IDJ",91831,"/Date(1701051510000)/",6300,100,64820,408566000,0,false,0
"IDJ",91816,"/Date(1701051495000)/",6300,36800,64720,407936000,0,false,0
"IDJ",91736,"/Date(1701051455000)/",6300,6500,27920,176096000,0,true,0
"IDJ",91451,"/Date(1701051290000)/",6300,100,21420,135146000,0,true,0
"IDJ",91318,"/Date(1701051198000)/",6300,3000,21320,134516000,0,true,0
"IDJ",91022,"/Date(1701051022000)/",6300,100,18320,115616000,0,true,0
"IDJ",90727,"/Date(1701050847000)/",6300,100,18220,114986000,0,true,0
"IDJ",90107,"/Date(1701050437000)/",6300,14000,18120,114356000,0,true,0
"IDJ",90059,"/Date(1701050424000)/",6300,100,4120,26156000,0,true,0
"IDJ",90050,"/Date(1701050417000)/",6300,20,4020,25526000,0,true,0
"IDJ",90045,"/Date(1701050414000)/",6300,900,4000,25400000,0,true,0
"IDJ",90043,"/Date(1701050413000)/",6300,100,3100,19730000,0,true,0
"IDJ",90035,"/Date(1701050410000)/",6400,2000,3000,19100000,100,false,1.59
"IDJ",90031,"/Date(1701050409000)/",6300,900,1000,6300000,0,false,0
"IDJ",90026,"/Date(1701050406000)/",6300,100,100,630000,0,false,0
