"Stockcode","Package","TradingDate","Price","Vol","TotalVol","TotalVal","Change","IsBuy","PerChange"
"NKG",144426,"/Date(1701071101000)/",21800,631600,8933100,197071000000,-300,false,-1.36
"NKG",142922,"/Date(1701070199000)/",22050,4600,8301500,183302000000,-50,true,-0.23
"NKG",142922,"/Date(1701070198000)/",22100,200,8296900,183201000000,0,false,0
"NKG",142922,"/Date(1701070198000)/",22100,500,8296700,183196000000,0,false,0
"NKG",142919,"/Date(1701070193000)/",22100,400,8296200,183185000000,0,false,0
"NKG",142919,"/Date(1701070193000)/",22100,200,8295800,183176000000,0,false,0
"NKG",142909,"/Date(1701070186000)/",22050,1500,8295600,183172000000,-50,true,-0.23
"NKG",142909,"/Date(1701070186000)/",22100,1000,8294100,183139000000,0,false,0
"NKG",142909,"/Date(1701070184000)/",22100,600,8293100,183117000000,0,false,0
"NKG",142906,"/Date(1701070183000)/",22050,400,8292500,183103000000,-50,true,-0.23
"NKG",142906,"/Date(1701070183000)/",22050,4000,8292100,183095000000,-50,true,-0.23
"NKG",142906,"/Date(1701070183000)/",22050,600,8288100,183006000000,-50,true,-0.23
"NKG",142906,"/Date(1701070181000)/",22100,20000,8287500,182993000000,0,false,0
"NKG",142906,"/Date(1701070181000)/",22100,500,8267500,182551000000,0,false,0
"NKG",142906,"/Date(1701070180000)/",22050,3500,8267000,182540000000,-50,true,-0.23
"NKG",142903,"/Date(1701070179000)/",22050,900,8263500,182463000000,-50,true,-0.23
"NKG",142903,"/Date(1701070179000)/",22050,1000,8262600,182443000000,-50,true,-0.23
"NKG",142903,"/Date(1701070179000)/",22050,100,8261600,182421000000,-50,true,-0.23
"NKG",142903,"/Date(1701070178000)/",22100,5000,8261500,182419000000,0,false,0
"NKG",142900,"/Date(1701070176000)/",22100,5500,8256500,182308000000,0,false,0
"NKG",142853,"/Date(1701070169000)/",22100,100,8251000,182187000000,0,true,0
"NKG",142853,"/Date(1701070169000)/",22100,300,8250900,182185000000,0,true,0
"NKG",142853,"/Date(1701070169000)/",22100,500,8250600,182178000000,0,true,0
"NKG",142853,"/Date(1701070169000)/",22100,20000,8250100,182167000000,0,true,0
"NKG",142853,"/Date(1701070169000)/",22100,20000,8230100,181725000000,0,true,0
"NKG",142853,"/Date(1701070169000)/",22100,20000,8210100,181283000000,0,true,0
"NKG",142853,"/Date(1701070169000)/",22100,20000,8190100,180841000000,0,true,0
"NKG",142853,"/Date(1701070169000)/",22100,3700,8170100,180399000000,0,true,0
"NKG",142853,"/Date(1701070169000)/",22100,500,8166400,180317000000,0,true,0
"NKG",142853,"/Date(1701070169000)/",22100,200,8165900,180306000000,0,true,0
"NKG",142853,"/Date(1701070169000)/",22100,10000,8165700,180302000000,0,true,0
"NKG",142853,"/Date(1701070169000)/",22100,1000,8155700,180081000000,0,true,0
"NKG",142853,"/Date(1701070168000)/",22100,1000,8154700,180059000000,0,true,0
"NKG",142847,"/Date(1701070162000)/",22150,800,8153700,180037000000,50,false,0.23
"NKG",142847,"/Date(1701070162000)/",22150,200,8152900,180019000000,50,false,0.23
"NKG",142844,"/Date(1701070161000)/",22150,100,8152700,180014000000,50,false,0.23
"NKG",142844,"/Date(1701070160000)/",22150,100,8152600,180012000000,50,false,0.23
"NKG",142844,"/Date(1701070160000)/",22150,400,8152500,180010000000,50,false,0.23
"NKG",142844,"/Date(1701070160000)/",22150,8000,8152100,180001000000,50,false,0.23
"NKG",142844,"/Date(1701070159000)/",22150,5000,8144100,179824000000,50,false,0.23
"NKG",142841,"/Date(1701070155000)/",22150,700,8139100,179713000000,50,true,0.23
"NKG",142837,"/Date(1701070154000)/",22150,400,8138400,179698000000,50,true,0.23
"NKG",142837,"/Date(1701070154000)/",22150,5400,8138000,179689000000,50,true,0.23
"NKG",142837,"/Date(1701070154000)/",22150,500,8132600,179569000000,50,true,0.23
"NKG",142837,"/Date(1701070154000)/",22150,1000,8132100,179558000000,50,true,0.23
"NKG",142837,"/Date(1701070154000)/",22150,1200,8131100,179536000000,50,true,0.23
"NKG",142837,"/Date(1701070154000)/",22150,500,8129900,179509000000,50,true,0.23
"NKG",142837,"/Date(1701070154000)/",22150,2000,8129400,179498000000,50,true,0.23
"NKG",142837,"/Date(1701070154000)/",22150,9400,8127400,179454000000,50,true,0.23
"NKG",142834,"/Date(1701070150000)/",22150,1000,8118000,179246000000,50,true,0.23
"NKG",142821,"/Date(1701070136000)/",22200,400,8117000,179224000000,100,false,0.45
"NKG",142818,"/Date(1701070133000)/",22150,9400,8116600,179215000000,50,true,0.23
"NKG",142818,"/Date(1701070133000)/",22200,600,8107200,179007000000,100,false,0.45
"NKG",142818,"/Date(1701070133000)/",22200,400,8106600,178993000000,100,false,0.45
"NKG",142818,"/Date(1701070133000)/",22200,600,8106200,178984000000,100,false,0.45
"NKG",142818,"/Date(1701070132000)/",22200,400,8105600,178971000000,100,false,0.45
"NKG",142818,"/Date(1701070132000)/",22200,1500,8105200,178962000000,100,false,0.45
"NKG",142818,"/Date(1701070132000)/",22200,1400,8103700,178929000000,100,false,0.45
"NKG",142815,"/Date(1701070132000)/",22200,1000,8102300,178898000000,100,false,0.45
"NKG",142815,"/Date(1701070129000)/",22200,1000,8101300,178876000000,100,false,0.45
"NKG",142815,"/Date(1701070129000)/",22200,500,8100300,178853000000,100,false,0.45
"NKG",142815,"/Date(1701070129000)/",22200,500,8099800,178842000000,100,false,0.45
"NKG",142815,"/Date(1701070129000)/",22200,100,8099300,178831000000,100,false,0.45
"NKG",142812,"/Date(1701070127000)/",22200,100,8099200,178829000000,100,false,0.45
"NKG",142812,"/Date(1701070127000)/",22200,100,8099100,178827000000,100,false,0.45
"NKG",142812,"/Date(1701070127000)/",22200,500,8099000,178824000000,100,false,0.45
"NKG",142812,"/Date(1701070127000)/",22200,400,8098500,178813000000,100,false,0.45
"NKG",142812,"/Date(1701070127000)/",22200,900,8098100,178805000000,100,false,0.45
"NKG",142802,"/Date(1701070119000)/",22150,200,8097200,178785000000,50,true,0.23
"NKG",142802,"/Date(1701070119000)/",22150,300,8097000,178780000000,50,true,0.23
"NKG",142756,"/Date(1701070110000)/",22150,700,8096700,178773000000,50,true,0.23
"NKG",142756,"/Date(1701070110000)/",22200,300,8096000,178758000000,100,false,0.45
"NKG",142753,"/Date(1701070109000)/",22200,1000,8095700,178751000000,100,true,0.45
"NKG",142753,"/Date(1701070108000)/",22200,5000,8094700,178729000000,100,true,0.45
"NKG",142749,"/Date(1701070106000)/",22200,2000,8089700,178618000000,100,true,0.45
"NKG",142749,"/Date(1701070104000)/",22200,500,8087700,178574000000,100,true,0.45
"NKG",142749,"/Date(1701070104000)/",22200,200,8087200,178563000000,100,true,0.45
"NKG",142749,"/Date(1701070104000)/",22200,1000,8087000,178558000000,100,true,0.45
"NKG",142749,"/Date(1701070104000)/",22200,2000,8086000,178536000000,100,true,0.45
"NKG",142749,"/Date(1701070104000)/",22200,1000,8084000,178492000000,100,true,0.45
"NKG",142749,"/Date(1701070104000)/",22200,1000,8083000,178469000000,100,true,0.45
"NKG",142749,"/Date(1701070104000)/",22200,100,8082000,178447000000,100,true,0.45
"NKG",142749,"/Date(1701070104000)/",22200,1000,8081900,178445000000,100,true,0.45
"NKG",142749,"/Date(1701070104000)/",22200,5500,8080900,178423000000,100,true,0.45
"NKG",142749,"/Date(1701070104000)/",22200,1000,8075400,178301000000,100,true,0.45
"NKG",142749,"/Date(1701070104000)/",22200,900,8074400,178278000000,100,true,0.45
"NKG",142746,"/Date(1701070103000)/",22200,100,8073500,178258000000,100,false,0.45
"NKG",142746,"/Date(1701070103000)/",22200,600,8073400,178256000000,100,false,0.45
"NKG",142746,"/Date(1701070101000)/",22150,500,8072800,178243000000,50,true,0.23
"NKG",142737,"/Date(1701070091000)/",22200,500,8072300,178232000000,100,false,0.45
"NKG",142733,"/Date(1701070090000)/",22200,500,8071800,178221000000,100,true,0.45
"NKG",142733,"/Date(1701070089000)/",22200,1400,8071300,178210000000,100,true,0.45
"NKG",142730,"/Date(1701070087000)/",22200,500,8069900,178179000000,100,true,0.45
"NKG",142730,"/Date(1701070087000)/",22200,500,8069400,178167000000,100,true,0.45
"NKG",142730,"/Date(1701070087000)/",22200,500,8068900,178156000000,100,true,0.45
"NKG",142730,"/Date(1701070087000)/",22200,100,8068400,178145000000,100,true,0.45
"NKG",142730,"/Date(1701070087000)/",22200,1600,8068300,178143000000,100,true,0.45
"NKG",142730,"/Date(1701070086000)/",22200,100,8066700,178108000000,100,true,0.45
"NKG",142730,"/Date(1701070086000)/",22200,6000,8066600,178105000000,100,true,0.45
"NKG",142730,"/Date(1701070086000)/",22200,3800,8060600,177972000000,100,true,0.45
"NKG",142724,"/Date(1701070079000)/",22250,200,8056800,177888000000,150,false,0.68
"NKG",142717,"/Date(1701070074000)/",22250,1000,8056600,177883000000,150,false,0.68
"NKG",142717,"/Date(1701070074000)/",22250,500,8055600,177861000000,150,false,0.68
"NKG",142717,"/Date(1701070072000)/",22250,100,8055100,177850000000,150,false,0.68
"NKG",142717,"/Date(1701070072000)/",22200,500,8055000,177848000000,100,true,0.45
"NKG",142714,"/Date(1701070071000)/",22200,1000,8054500,177837000000,100,true,0.45
"NKG",142714,"/Date(1701070069000)/",22200,5000,8053500,177814000000,100,true,0.45
"NKG",142711,"/Date(1701070066000)/",22250,2000,8048500,177703000000,150,false,0.68
"NKG",142711,"/Date(1701070065000)/",22200,1600,8046500,177659000000,100,true,0.45
"NKG",142708,"/Date(1701070063000)/",22200,1000,8044900,177623000000,100,true,0.45
"NKG",142705,"/Date(1701070061000)/",22250,200,8043900,177601000000,150,false,0.68
"NKG",142705,"/Date(1701070061000)/",22250,200,8043700,177597000000,150,false,0.68
"NKG",142701,"/Date(1701070057000)/",22250,100,8043500,177592000000,150,true,0.68
"NKG",142701,"/Date(1701070056000)/",22250,2500,8043400,177590000000,150,true,0.68
"NKG",142658,"/Date(1701070054000)/",22250,200,8040900,177534000000,150,true,0.68
"NKG",142655,"/Date(1701070050000)/",22250,100,8040700,177530000000,150,true,0.68
"NKG",142652,"/Date(1701070047000)/",22300,500,8040600,177528000000,200,false,0.9
"NKG",142649,"/Date(1701070046000)/",22250,100,8040100,177517000000,150,false,0.68
"NKG",142649,"/Date(1701070044000)/",22300,200,8040000,177514000000,200,false,0.9
"NKG",142649,"/Date(1701070044000)/",22300,300,8039800,177510000000,200,false,0.9
"NKG",142649,"/Date(1701070044000)/",22300,500,8039500,177503000000,200,false,0.9
"NKG",142649,"/Date(1701070044000)/",22300,3500,8039000,177492000000,200,false,0.9
"NKG",142649,"/Date(1701070044000)/",22300,4100,8035500,177414000000,200,false,0.9
"NKG",142649,"/Date(1701070044000)/",22300,1300,8031400,177323000000,200,false,0.9
"NKG",142649,"/Date(1701070044000)/",22250,100,8030100,177294000000,150,false,0.68
"NKG",142639,"/Date(1701070035000)/",22300,1700,8030000,177291000000,200,false,0.9
"NKG",142639,"/Date(1701070035000)/",22300,300,8028300,177253000000,200,false,0.9
"NKG",142639,"/Date(1701070033000)/",22250,300,8028000,177247000000,150,true,0.68
"NKG",142636,"/Date(1701070033000)/",22250,100,8027700,177240000000,150,false,0.68
"NKG",142636,"/Date(1701070032000)/",22250,100,8027600,177238000000,150,false,0.68
"NKG",142636,"/Date(1701070031000)/",22300,500,8027500,177236000000,200,false,0.9
"NKG",142636,"/Date(1701070031000)/",22250,100,8027000,177224000000,150,false,0.68
"NKG",142636,"/Date(1701070031000)/",22250,700,8026900,177222000000,150,false,0.68
"NKG",142630,"/Date(1701070026000)/",22200,5700,8026200,177207000000,100,true,0.45
"NKG",142630,"/Date(1701070026000)/",22250,100,8020500,177080000000,150,false,0.68
"NKG",142630,"/Date(1701070026000)/",22250,2500,8020400,177078000000,150,false,0.68
"NKG",142630,"/Date(1701070026000)/",22250,3000,8017900,177022000000,150,false,0.68
"NKG",142630,"/Date(1701070025000)/",22300,1000,8014900,176956000000,200,false,0.9
"NKG",142626,"/Date(1701070023000)/",22250,400,8013900,176933000000,150,true,0.68
"NKG",142623,"/Date(1701070020000)/",22250,500,8013500,176924000000,150,true,0.68
"NKG",142623,"/Date(1701070017000)/",22250,100,8013000,176913000000,150,true,0.68
"NKG",142620,"/Date(1701070016000)/",22300,3200,8012900,176911000000,200,false,0.9
"NKG",142620,"/Date(1701070016000)/",22300,1500,8009700,176840000000,200,false,0.9
"NKG",142620,"/Date(1701070016000)/",22300,1000,8008200,176806000000,200,false,0.9
"NKG",142620,"/Date(1701070016000)/",22300,200,8007200,176784000000,200,false,0.9
"NKG",142620,"/Date(1701070016000)/",22300,1400,8007000,176779000000,200,false,0.9
"NKG",142620,"/Date(1701070016000)/",22300,100,8005600,176748000000,200,false,0.9
"NKG",142620,"/Date(1701070016000)/",22300,10000,8005500,176746000000,200,false,0.9
"NKG",142620,"/Date(1701070016000)/",22300,300,7995500,176523000000,200,false,0.9
"NKG",142620,"/Date(1701070016000)/",22300,500,7995200,176516000000,200,false,0.9
"NKG",142620,"/Date(1701070016000)/",22250,500,7994700,176505000000,150,false,0.68
"NKG",142620,"/Date(1701070016000)/",22250,100,7994200,176494000000,150,false,0.68
"NKG",142620,"/Date(1701070016000)/",22250,1200,7994100,176492000000,150,false,0.68
"NKG",142617,"/Date(1701070012000)/",22200,1000,7992900,176465000000,100,true,0.45
"NKG",142617,"/Date(1701070011000)/",22250,300,7991900,176443000000,150,false,0.68
"NKG",142617,"/Date(1701070011000)/",22250,500,7991600,176436000000,150,false,0.68
"NKG",142617,"/Date(1701070011000)/",22250,1000,7991100,176425000000,150,false,0.68
"NKG",142617,"/Date(1701070011000)/",22250,100,7990100,176403000000,150,false,0.68
"NKG",142617,"/Date(1701070011000)/",22250,600,7990000,176401000000,150,false,0.68
"NKG",142617,"/Date(1701070011000)/",22250,600,7989400,176387000000,150,false,0.68
"NKG",142614,"/Date(1701070008000)/",22200,3000,7988800,176374000000,100,true,0.45
"NKG",142614,"/Date(1701070008000)/",22250,600,7985800,176307000000,150,false,0.68
"NKG",142614,"/Date(1701070008000)/",22250,2000,7985200,176294000000,150,false,0.68
"NKG",142614,"/Date(1701070008000)/",22250,1800,7983200,176249000000,150,false,0.68
"NKG",142614,"/Date(1701070008000)/",22250,100,7981400,176209000000,150,false,0.68
"NKG",142614,"/Date(1701070008000)/",22250,1000,7981300,176207000000,150,false,0.68
"NKG",142614,"/Date(1701070008000)/",22250,300,7980300,176185000000,150,false,0.68
"NKG",142614,"/Date(1701070008000)/",22250,100,7980000,176178000000,150,false,0.68
"NKG",142614,"/Date(1701070008000)/",22250,100,7979900,176176000000,150,false,0.68
"NKG",142614,"/Date(1701070008000)/",22250,1000,7979800,176174000000,150,false,0.68
"NKG",142614,"/Date(1701070008000)/",22250,500,7978800,176152000000,150,false,0.68
"NKG",142614,"/Date(1701070008000)/",22250,1500,7978300,176140000000,150,false,0.68
"NKG",142614,"/Date(1701070008000)/",22250,1000,7976800,176107000000,150,false,0.68
"NKG",142614,"/Date(1701070008000)/",22200,100,7975800,176085000000,100,true,0.45
"NKG",142610,"/Date(1701070007000)/",22200,1000,7975700,176083000000,100,true,0.45
"NKG",142610,"/Date(1701070006000)/",22200,100,7974700,176060000000,100,true,0.45
"NKG",142607,"/Date(1701070004000)/",22200,300,7974600,176058000000,100,false,0.45
"NKG",142607,"/Date(1701070002000)/",22200,5000,7974300,176052000000,100,false,0.45
"NKG",142604,"/Date(1701070001000)/",22200,500,7969300,175941000000,100,false,0.45
"NKG",142604,"/Date(1701070001000)/",22200,100,7968800,175929000000,100,false,0.45
"NKG",142604,"/Date(1701070001000)/",22200,1000,7968700,175927000000,100,false,0.45
"NKG",142604,"/Date(1701070001000)/",22200,1000,7967700,175905000000,100,false,0.45
"NKG",142604,"/Date(1701070001000)/",22200,1000,7966700,175883000000,100,false,0.45
"NKG",142604,"/Date(1701070001000)/",22200,100,7965700,175861000000,100,false,0.45
"NKG",142604,"/Date(1701070001000)/",22200,100,7965600,175858000000,100,false,0.45
"NKG",142604,"/Date(1701070001000)/",22200,100,7965500,175856000000,100,false,0.45
"NKG",142604,"/Date(1701070001000)/",22200,500,7965400,175854000000,100,false,0.45
"NKG",142604,"/Date(1701070001000)/",22200,500,7964900,175843000000,100,false,0.45
"NKG",142604,"/Date(1701070001000)/",22200,10000,7964400,175832000000,100,false,0.45
"NKG",142604,"/Date(1701070001000)/",22200,1500,7954400,175610000000,100,false,0.45
"NKG",142604,"/Date(1701070001000)/",22200,200,7952900,175576000000,100,false,0.45
"NKG",142601,"/Date(1701069996000)/",22200,300,7952700,175572000000,100,false,0.45
"NKG",142601,"/Date(1701069996000)/",22200,700,7952400,175565000000,100,false,0.45
"NKG",142558,"/Date(1701069994000)/",22200,100,7951700,175550000000,100,false,0.45
"NKG",142558,"/Date(1701069994000)/",22200,1000,7951600,175548000000,100,false,0.45
"NKG",142558,"/Date(1701069994000)/",22200,500,7950600,175525000000,100,false,0.45
"NKG",142558,"/Date(1701069994000)/",22200,100,7950100,175514000000,100,false,0.45
"NKG",142558,"/Date(1701069994000)/",22200,100,7950000,175512000000,100,false,0.45
"NKG",142558,"/Date(1701069994000)/",22200,100,7949900,175510000000,100,false,0.45
"NKG",142558,"/Date(1701069994000)/",22200,1000,7949800,175508000000,100,false,0.45
"NKG",142558,"/Date(1701069994000)/",22200,1000,7948800,175485000000,100,false,0.45
"NKG",142558,"/Date(1701069994000)/",22200,300,7947800,175463000000,100,false,0.45
"NKG",142558,"/Date(1701069994000)/",22200,800,7947500,175457000000,100,false,0.45
"NKG",142554,"/Date(1701069990000)/",22200,1100,7946700,175439000000,100,false,0.45
"NKG",142554,"/Date(1701069990000)/",22200,100,7945600,175414000000,100,false,0.45
"NKG",142554,"/Date(1701069990000)/",22200,300,7945500,175412000000,100,false,0.45
"NKG",142554,"/Date(1701069990000)/",22200,800,7945200,175406000000,100,false,0.45
"NKG",142551,"/Date(1701069985000)/",22150,600,7944400,175388000000,50,true,0.23
"NKG",142548,"/Date(1701069984000)/",22150,300,7943800,175374000000,50,true,0.23
"NKG",142542,"/Date(1701069978000)/",22200,200,7943500,175368000000,100,false,0.45
"NKG",142542,"/Date(1701069978000)/",22200,200,7943300,175363000000,100,false,0.45
"NKG",142538,"/Date(1701069975000)/",22200,100,7943100,175359000000,100,false,0.45
"NKG",142538,"/Date(1701069975000)/",22150,1500,7943000,175357000000,50,true,0.23
"NKG",142538,"/Date(1701069975000)/",22150,500,7941500,175323000000,50,true,0.23
"NKG",142538,"/Date(1701069973000)/",22150,200,7941000,175312000000,50,true,0.23
"NKG",142532,"/Date(1701069968000)/",22200,200,7940800,175308000000,100,false,0.45
"NKG",142532,"/Date(1701069968000)/",22200,4100,7940600,175304000000,100,false,0.45
"NKG",142526,"/Date(1701069962000)/",22200,5900,7936500,175213000000,100,false,0.45
"NKG",142526,"/Date(1701069962000)/",22200,200,7930600,175082000000,100,false,0.45
"NKG",142526,"/Date(1701069962000)/",22200,1000,7930400,175077000000,100,false,0.45
"NKG",142526,"/Date(1701069962000)/",22200,100,7929400,175055000000,100,false,0.45
"NKG",142526,"/Date(1701069962000)/",22200,500,7929300,175053000000,100,false,0.45
"NKG",142526,"/Date(1701069962000)/",22200,2300,7928800,175042000000,100,false,0.45
"NKG",142522,"/Date(1701069959000)/",22150,200,7926500,174991000000,50,true,0.23
"NKG",142522,"/Date(1701069959000)/",22150,200,7926300,174986000000,50,true,0.23
"NKG",142522,"/Date(1701069959000)/",22150,900,7926100,174982000000,50,true,0.23
"NKG",142522,"/Date(1701069959000)/",22100,500,7925200,174962000000,0,true,0
"NKG",142522,"/Date(1701069958000)/",22150,100,7924700,174951000000,50,true,0.23
"NKG",142513,"/Date(1701069949000)/",22100,1200,7924600,174948000000,0,false,0
"NKG",142513,"/Date(1701069949000)/",22100,100,7923400,174922000000,0,false,0
"NKG",142513,"/Date(1701069948000)/",22100,1300,7923300,174920000000,0,false,0
"NKG",142513,"/Date(1701069948000)/",22100,100,7922000,174891000000,0,false,0
"NKG",142513,"/Date(1701069948000)/",22100,500,7921900,174889000000,0,false,0
"NKG",142513,"/Date(1701069948000)/",22100,1000,7921400,174878000000,0,false,0
"NKG",142513,"/Date(1701069948000)/",22100,100,7920400,174856000000,0,false,0
"NKG",142513,"/Date(1701069948000)/",22100,1300,7920300,174853000000,0,false,0
"NKG",142513,"/Date(1701069948000)/",22050,800,7919000,174825000000,-50,true,-0.23
"NKG",142513,"/Date(1701069947000)/",22100,2500,7918200,174807000000,0,false,0
"NKG",142510,"/Date(1701069945000)/",22100,1000,7915700,174752000000,0,false,0
"NKG",142503,"/Date(1701069938000)/",22100,200,7914700,174730000000,0,false,0
"NKG",142503,"/Date(1701069938000)/",22100,800,7914500,174725000000,0,false,0
"NKG",142500,"/Date(1701069936000)/",22100,4600,7913700,174708000000,0,true,0
"NKG",142500,"/Date(1701069936000)/",22100,800,7909100,174606000000,0,true,0
"NKG",142500,"/Date(1701069936000)/",22100,100,7908300,174588000000,0,true,0
"NKG",142500,"/Date(1701069936000)/",22100,900,7908200,174586000000,0,true,0
"NKG",142500,"/Date(1701069936000)/",22200,1000,7907300,174566000000,100,false,0.45
"NKG",142500,"/Date(1701069936000)/",22150,100,7906300,174544000000,50,false,0.23
"NKG",142457,"/Date(1701069933000)/",22100,1000,7906200,174542000000,0,true,0
"NKG",142457,"/Date(1701069932000)/",22100,200,7905200,174520000000,0,true,0
"NKG",142447,"/Date(1701069922000)/",22100,300,7905000,174515000000,0,false,0
"NKG",142447,"/Date(1701069921000)/",22200,1700,7904700,174509000000,100,false,0.45
"NKG",142447,"/Date(1701069921000)/",22200,500,7903000,174471000000,100,false,0.45
"NKG",142447,"/Date(1701069921000)/",22200,2000,7902500,174460000000,100,false,0.45
"NKG",142447,"/Date(1701069921000)/",22200,2000,7900500,174415000000,100,false,0.45
"NKG",142447,"/Date(1701069921000)/",22150,1000,7898500,174371000000,50,false,0.23
"NKG",142447,"/Date(1701069921000)/",22150,200,7897500,174349000000,50,false,0.23
"NKG",142447,"/Date(1701069921000)/",22150,100,7897300,174344000000,50,false,0.23
"NKG",142447,"/Date(1701069921000)/",22150,2000,7897200,174342000000,50,false,0.23
"NKG",142447,"/Date(1701069921000)/",22150,500,7895200,174298000000,50,false,0.23
"NKG",142447,"/Date(1701069921000)/",22100,2200,7894700,174287000000,0,false,0
"NKG",142447,"/Date(1701069921000)/",22100,100,7892500,174238000000,0,false,0
"NKG",142447,"/Date(1701069921000)/",22100,300,7892400,174236000000,0,false,0
"NKG",142444,"/Date(1701069920000)/",22100,200,7892100,174229000000,0,false,0
"NKG",142444,"/Date(1701069920000)/",22100,800,7891900,174225000000,0,false,0
"NKG",142441,"/Date(1701069917000)/",22100,200,7891100,174207000000,0,false,0
"NKG",142441,"/Date(1701069917000)/",22100,100,7890900,174203000000,0,false,0
"NKG",142441,"/Date(1701069917000)/",22100,900,7890800,174201000000,0,false,0
"NKG",142441,"/Date(1701069917000)/",22100,19100,7889900,174181000000,0,false,0
"NKG",142441,"/Date(1701069916000)/",22100,3000,7870800,173759000000,0,false,0
"NKG",142438,"/Date(1701069914000)/",22050,1000,7867800,173692000000,-50,true,-0.23
"NKG",142438,"/Date(1701069914000)/",22100,27900,7866800,173670000000,0,false,0
"NKG",142438,"/Date(1701069914000)/",22100,1000,7838900,173054000000,0,false,0
"NKG",142438,"/Date(1701069914000)/",22100,300,7837900,173032000000,0,false,0
"NKG",142438,"/Date(1701069914000)/",22100,5000,7837600,173025000000,0,false,0
"NKG",142438,"/Date(1701069914000)/",22100,1000,7832600,172914000000,0,false,0
"NKG",142438,"/Date(1701069914000)/",22100,100,7831600,172892000000,0,false,0
"NKG",142438,"/Date(1701069914000)/",22100,1000,7831500,172890000000,0,false,0
"NKG",142438,"/Date(1701069914000)/",22100,23700,7830500,172868000000,0,false,0
"NKG",142434,"/Date(1701069911000)/",22050,100,7806800,172344000000,-50,true,-0.23
"NKG",142434,"/Date(1701069911000)/",22050,400,7806700,172342000000,-50,true,-0.23
"NKG",142434,"/Date(1701069910000)/",22050,100,7806300,172333000000,-50,true,-0.23
"NKG",142434,"/Date(1701069909000)/",22100,600,7806200,172331000000,0,false,0
"NKG",142428,"/Date(1701069903000)/",22050,500,7805600,172318000000,-50,true,-0.23
"NKG",142428,"/Date(1701069902000)/",22050,400,7805100,172307000000,-50,true,-0.23
"NKG",142425,"/Date(1701069901000)/",22050,1000,7804700,172298000000,-50,true,-0.23
"NKG",142425,"/Date(1701069900000)/",22050,900,7803700,172276000000,-50,true,-0.23
"NKG",142422,"/Date(1701069898000)/",22050,200,7802800,172256000000,-50,true,-0.23
"NKG",142422,"/Date(1701069898000)/",22050,500,7802600,172252000000,-50,true,-0.23
"NKG",142422,"/Date(1701069897000)/",22050,200,7802100,172241000000,-50,true,-0.23
"NKG",142418,"/Date(1701069895000)/",22000,1000,7801900,172236000000,-100,true,-0.45
"NKG",142418,"/Date(1701069892000)/",22000,200,7800900,172214000000,-100,true,-0.45
"NKG",142418,"/Date(1701069891000)/",22050,3000,7800700,172210000000,-50,false,-0.23
"NKG",142418,"/Date(1701069891000)/",22050,5000,7797700,172144000000,-50,false,-0.23
"NKG",142418,"/Date(1701069891000)/",22050,2000,7792700,172033000000,-50,false,-0.23
"NKG",142409,"/Date(1701069885000)/",22000,100,7790700,171989000000,-100,true,-0.45
"NKG",142409,"/Date(1701069883000)/",22000,2000,7790600,171987000000,-100,true,-0.45
"NKG",142406,"/Date(1701069880000)/",22000,100,7788600,171943000000,-100,true,-0.45
"NKG",142402,"/Date(1701069877000)/",22000,300,7788500,171941000000,-100,true,-0.45
"NKG",142359,"/Date(1701069876000)/",22000,100,7788200,171934000000,-100,true,-0.45
"NKG",142359,"/Date(1701069873000)/",22000,100,7788100,171932000000,-100,true,-0.45
"NKG",142356,"/Date(1701069873000)/",22000,2300,7788000,171930000000,-100,true,-0.45
"NKG",142356,"/Date(1701069872000)/",22000,700,7785700,171879000000,-100,true,-0.45
"NKG",142356,"/Date(1701069871000)/",22000,1900,7785000,171864000000,-100,true,-0.45
"NKG",142356,"/Date(1701069871000)/",22000,1000,7783100,171822000000,-100,true,-0.45
"NKG",142353,"/Date(1701069867000)/",22000,2000,7782100,171800000000,-100,false,-0.45
"NKG",142350,"/Date(1701069866000)/",21950,500,7780100,171756000000,-150,true,-0.68
"NKG",142350,"/Date(1701069864000)/",21950,400,7779600,171745000000,-150,true,-0.68
"NKG",142340,"/Date(1701069856000)/",21950,300,7779200,171736000000,-150,true,-0.68
"NKG",142340,"/Date(1701069855000)/",22000,100,7778900,171730000000,-100,true,-0.45
"NKG",142340,"/Date(1701069855000)/",22000,800,7778800,171728000000,-100,true,-0.45
"NKG",142340,"/Date(1701069855000)/",22000,100,7778000,171710000000,-100,true,-0.45
"NKG",142337,"/Date(1701069853000)/",22000,100,7777900,171708000000,-100,true,-0.45
"NKG",142337,"/Date(1701069853000)/",22000,4900,7777800,171706000000,-100,true,-0.45
"NKG",142337,"/Date(1701069852000)/",22000,400,7772900,171598000000,-100,true,-0.45
"NKG",142330,"/Date(1701069847000)/",22000,100,7772500,171589000000,-100,true,-0.45
"NKG",142330,"/Date(1701069847000)/",22000,200,7772400,171587000000,-100,true,-0.45
"NKG",142327,"/Date(1701069843000)/",22000,200,7772200,171582000000,-100,true,-0.45
"NKG",142327,"/Date(1701069842000)/",22000,300,7772000,171578000000,-100,true,-0.45
"NKG",142327,"/Date(1701069841000)/",22000,200,7771700,171571000000,-100,true,-0.45
"NKG",142324,"/Date(1701069839000)/",22000,200,7771500,171567000000,-100,true,-0.45
"NKG",142324,"/Date(1701069839000)/",22000,200,7771300,171563000000,-100,true,-0.45
"NKG",142324,"/Date(1701069839000)/",22000,100,7771100,171558000000,-100,true,-0.45
"NKG",142324,"/Date(1701069839000)/",22000,1200,7771000,171556000000,-100,true,-0.45
"NKG",142324,"/Date(1701069839000)/",22000,1000,7769800,171530000000,-100,true,-0.45
"NKG",142324,"/Date(1701069839000)/",22000,300,7768800,171508000000,-100,true,-0.45
"NKG",142324,"/Date(1701069839000)/",22000,100,7768500,171501000000,-100,true,-0.45
"NKG",142324,"/Date(1701069839000)/",22000,600,7768400,171499000000,-100,true,-0.45
"NKG",142324,"/Date(1701069839000)/",22000,4000,7767800,171486000000,-100,true,-0.45
"NKG",142324,"/Date(1701069839000)/",22000,5000,7763800,171398000000,-100,true,-0.45
"NKG",142324,"/Date(1701069839000)/",22000,1000,7758800,171288000000,-100,true,-0.45
"NKG",142324,"/Date(1701069838000)/",21950,200,7757800,171266000000,-150,true,-0.68
"NKG",142321,"/Date(1701069837000)/",21950,800,7757600,171261000000,-150,true,-0.68
"NKG",142321,"/Date(1701069837000)/",21950,200,7756800,171244000000,-150,true,-0.68
"NKG",142321,"/Date(1701069835000)/",21950,800,7756600,171239000000,-150,true,-0.68
"NKG",142321,"/Date(1701069835000)/",21950,200,7755800,171222000000,-150,true,-0.68
"NKG",142318,"/Date(1701069832000)/",21950,300,7755600,171217000000,-150,true,-0.68
"NKG",142314,"/Date(1701069829000)/",21950,500,7755300,171211000000,-150,true,-0.68
"NKG",142308,"/Date(1701069824000)/",21950,500,7754800,171200000000,-150,true,-0.68
"NKG",142305,"/Date(1701069821000)/",21950,2000,7754300,171189000000,-150,false,-0.68
"NKG",142305,"/Date(1701069820000)/",21950,1000,7752300,171145000000,-150,false,-0.68
"NKG",142305,"/Date(1701069820000)/",21950,500,7751300,171123000000,-150,false,-0.68
"NKG",142305,"/Date(1701069819000)/",21900,700,7750800,171112000000,-200,true,-0.9
"NKG",142305,"/Date(1701069819000)/",21900,1000,7750100,171097000000,-200,true,-0.9
"NKG",142302,"/Date(1701069818000)/",21900,100,7749100,171075000000,-200,true,-0.9
"NKG",142259,"/Date(1701069814000)/",21900,1800,7749000,171072000000,-200,true,-0.9
"NKG",142255,"/Date(1701069812000)/",21850,700,7747200,171033000000,-250,true,-1.13
"NKG",142255,"/Date(1701069812000)/",21850,500,7746500,171018000000,-250,true,-1.13
"NKG",142255,"/Date(1701069812000)/",21850,500,7746000,171007000000,-250,true,-1.13
"NKG",142255,"/Date(1701069812000)/",21850,5000,7745500,170996000000,-250,true,-1.13
"NKG",142255,"/Date(1701069812000)/",21850,500,7740500,170887000000,-250,true,-1.13
"NKG",142255,"/Date(1701069812000)/",21850,3000,7740000,170876000000,-250,true,-1.13
"NKG",142255,"/Date(1701069812000)/",21850,1900,7737000,170810000000,-250,true,-1.13
"NKG",142255,"/Date(1701069812000)/",21850,300,7735100,170769000000,-250,true,-1.13
"NKG",142255,"/Date(1701069812000)/",21850,1000,7734800,170762000000,-250,true,-1.13
"NKG",142255,"/Date(1701069812000)/",21850,200,7733800,170740000000,-250,true,-1.13
"NKG",142255,"/Date(1701069812000)/",21850,100,7733600,170736000000,-250,true,-1.13
"NKG",142255,"/Date(1701069812000)/",21850,1300,7733500,170734000000,-250,true,-1.13
"NKG",142255,"/Date(1701069810000)/",21900,200,7732200,170705000000,-200,false,-0.9
"NKG",142255,"/Date(1701069809000)/",21850,100,7732000,170701000000,-250,true,-1.13
"NKG",142252,"/Date(1701069806000)/",21850,600,7731900,170699000000,-250,true,-1.13
"NKG",142252,"/Date(1701069806000)/",21850,200,7731300,170686000000,-250,true,-1.13
"NKG",142252,"/Date(1701069806000)/",21850,200,7731100,170681000000,-250,true,-1.13
"NKG",142249,"/Date(1701069805000)/",21850,100,7730900,170677000000,-250,true,-1.13
"NKG",142249,"/Date(1701069805000)/",21850,200,7730800,170675000000,-250,true,-1.13
"NKG",142249,"/Date(1701069805000)/",21900,100,7730600,170670000000,-200,false,-0.9
"NKG",142246,"/Date(1701069802000)/",21900,500,7730500,170668000000,-200,false,-0.9
"NKG",142246,"/Date(1701069802000)/",21900,100,7730000,170657000000,-200,false,-0.9
"NKG",142246,"/Date(1701069802000)/",21900,200,7729900,170655000000,-200,false,-0.9
"NKG",142246,"/Date(1701069802000)/",21900,200,7729700,170651000000,-200,false,-0.9
"NKG",142246,"/Date(1701069800000)/",21900,800,7729500,170646000000,-200,false,-0.9
"NKG",142246,"/Date(1701069799000)/",21900,500,7728700,170629000000,-200,false,-0.9
"NKG",142242,"/Date(1701069798000)/",21900,500,7728200,170618000000,-200,true,-0.9
"NKG",142242,"/Date(1701069798000)/",21900,100,7727700,170607000000,-200,true,-0.9
"NKG",142242,"/Date(1701069798000)/",21900,100,7727600,170605000000,-200,true,-0.9
"NKG",142242,"/Date(1701069797000)/",21950,4400,7727500,170602000000,-150,false,-0.68
"NKG",142242,"/Date(1701069797000)/",21950,600,7723100,170506000000,-150,false,-0.68
"NKG",142239,"/Date(1701069795000)/",21900,2600,7722500,170493000000,-200,true,-0.9
"NKG",142236,"/Date(1701069792000)/",21900,300,7719900,170436000000,-200,true,-0.9
"NKG",142236,"/Date(1701069792000)/",21900,900,7719600,170429000000,-200,true,-0.9
"NKG",142236,"/Date(1701069792000)/",21900,300,7718700,170409000000,-200,true,-0.9
"NKG",142236,"/Date(1701069791000)/",21900,500,7718400,170403000000,-200,true,-0.9
"NKG",142236,"/Date(1701069790000)/",21900,5500,7717900,170392000000,-200,true,-0.9
"NKG",142233,"/Date(1701069789000)/",21900,3700,7712400,170271000000,-200,true,-0.9
"NKG",142233,"/Date(1701069789000)/",21900,3300,7708700,170190000000,-200,true,-0.9
"NKG",142233,"/Date(1701069788000)/",21900,1000,7705400,170118000000,-200,true,-0.9
"NKG",142233,"/Date(1701069787000)/",21900,100,7704400,170096000000,-200,true,-0.9
"NKG",142233,"/Date(1701069787000)/",21900,100,7704300,170094000000,-200,true,-0.9
"NKG",142233,"/Date(1701069787000)/",21900,1000,7704200,170092000000,-200,true,-0.9
"NKG",142233,"/Date(1701069787000)/",21900,200,7703200,170070000000,-200,true,-0.9
"NKG",142233,"/Date(1701069787000)/",21900,1800,7703000,170066000000,-200,true,-0.9
"NKG",142233,"/Date(1701069787000)/",21900,100,7701200,170026000000,-200,true,-0.9
"NKG",142233,"/Date(1701069787000)/",21900,100,7701100,170024000000,-200,true,-0.9
"NKG",142233,"/Date(1701069787000)/",21900,300,7701000,170022000000,-200,true,-0.9
"NKG",142233,"/Date(1701069787000)/",21900,1000,7700700,170015000000,-200,true,-0.9
"NKG",142230,"/Date(1701069785000)/",21950,200,7699700,169993000000,-150,false,-0.68
"NKG",142226,"/Date(1701069783000)/",21900,1800,7699500,169989000000,-200,true,-0.9
"NKG",142226,"/Date(1701069782000)/",21900,3200,7697700,169950000000,-200,true,-0.9
"NKG",142226,"/Date(1701069782000)/",21900,1800,7694500,169879000000,-200,true,-0.9
"NKG",142226,"/Date(1701069782000)/",21900,200,7692700,169840000000,-200,true,-0.9
"NKG",142226,"/Date(1701069782000)/",21900,2800,7692500,169836000000,-200,true,-0.9
"NKG",142226,"/Date(1701069781000)/",21900,1000,7689700,169774000000,-200,true,-0.9
"NKG",142223,"/Date(1701069780000)/",21900,1200,7688700,169752000000,-200,true,-0.9
"NKG",142223,"/Date(1701069780000)/",21900,300,7687500,169726000000,-200,true,-0.9
"NKG",142223,"/Date(1701069779000)/",21900,700,7687200,169720000000,-200,true,-0.9
"NKG",142223,"/Date(1701069779000)/",21900,1300,7686500,169704000000,-200,true,-0.9
"NKG",142223,"/Date(1701069778000)/",21900,700,7685200,169676000000,-200,true,-0.9
"NKG",142223,"/Date(1701069778000)/",21900,100,7684500,169660000000,-200,true,-0.9
"NKG",142223,"/Date(1701069778000)/",21900,200,7684400,169658000000,-200,true,-0.9
"NKG",142223,"/Date(1701069777000)/",21900,100,7684200,169654000000,-200,true,-0.9
"NKG",142223,"/Date(1701069777000)/",21900,200,7684100,169652000000,-200,true,-0.9
"NKG",142223,"/Date(1701069777000)/",21900,100,7683900,169647000000,-200,true,-0.9
"NKG",142220,"/Date(1701069775000)/",21900,200,7683800,169645000000,-200,true,-0.9
"NKG",142220,"/Date(1701069775000)/",21900,1500,7683600,169641000000,-200,true,-0.9
"NKG",142220,"/Date(1701069775000)/",21900,100,7682100,169608000000,-200,true,-0.9
"NKG",142220,"/Date(1701069775000)/",21900,300,7682000,169606000000,-200,true,-0.9
"NKG",142220,"/Date(1701069775000)/",21900,100,7681700,169599000000,-200,true,-0.9
"NKG",142220,"/Date(1701069775000)/",21900,100,7681600,169597000000,-200,true,-0.9
"NKG",142220,"/Date(1701069774000)/",21900,400,7681500,169595000000,-200,true,-0.9
"NKG",142217,"/Date(1701069772000)/",21900,500,7681100,169586000000,-200,true,-0.9
"NKG",142217,"/Date(1701069772000)/",21900,500,7680600,169575000000,-200,true,-0.9
"NKG",142217,"/Date(1701069772000)/",21900,9000,7680100,169564000000,-200,true,-0.9
"NKG",142214,"/Date(1701069768000)/",21950,2000,7671100,169367000000,-150,false,-0.68
"NKG",142214,"/Date(1701069768000)/",21900,1000,7669100,169323000000,-200,true,-0.9
"NKG",142214,"/Date(1701069768000)/",21900,200,7668100,169301000000,-200,true,-0.9
"NKG",142214,"/Date(1701069768000)/",21900,100,7667900,169297000000,-200,true,-0.9
"NKG",142214,"/Date(1701069768000)/",21900,200,7667800,169295000000,-200,true,-0.9
"NKG",142214,"/Date(1701069768000)/",21900,500,7667600,169290000000,-200,true,-0.9
"NKG",142214,"/Date(1701069768000)/",21900,100,7667100,169279000000,-200,true,-0.9
"NKG",142214,"/Date(1701069768000)/",21900,1000,7667000,169277000000,-200,true,-0.9
"NKG",142210,"/Date(1701069764000)/",21950,2900,7666000,169255000000,-150,true,-0.68
"NKG",142210,"/Date(1701069764000)/",21950,100,7663100,169192000000,-150,true,-0.68
"NKG",142210,"/Date(1701069764000)/",21950,100,7663000,169189000000,-150,true,-0.68
"NKG",142210,"/Date(1701069764000)/",21950,1000,7662900,169187000000,-150,true,-0.68
"NKG",142210,"/Date(1701069764000)/",21950,500,7661900,169165000000,-150,true,-0.68
"NKG",142210,"/Date(1701069764000)/",21950,100,7661400,169154000000,-150,true,-0.68
"NKG",142210,"/Date(1701069764000)/",21950,100,7661300,169152000000,-150,true,-0.68
"NKG",142210,"/Date(1701069764000)/",21950,12400,7661200,169150000000,-150,true,-0.68
"NKG",142207,"/Date(1701069764000)/",21950,2400,7648800,168878000000,-150,true,-0.68
"NKG",142207,"/Date(1701069761000)/",21950,500,7646400,168825000000,-150,true,-0.68
"NKG",142207,"/Date(1701069761000)/",21950,100,7645900,168814000000,-150,true,-0.68
"NKG",142204,"/Date(1701069760000)/",21950,65000,7645800,168812000000,-150,true,-0.68
"NKG",142201,"/Date(1701069756000)/",21950,100,7580800,167385000000,-150,true,-0.68
"NKG",142154,"/Date(1701069750000)/",22000,100,7580700,167383000000,-100,true,-0.45
"NKG",142154,"/Date(1701069750000)/",22000,300,7580600,167381000000,-100,true,-0.45
"NKG",142154,"/Date(1701069750000)/",22000,100,7580300,167374000000,-100,true,-0.45
"NKG",142154,"/Date(1701069749000)/",22000,500,7580200,167372000000,-100,true,-0.45
"NKG",142154,"/Date(1701069749000)/",22000,100,7579700,167361000000,-100,true,-0.45
"NKG",142151,"/Date(1701069747000)/",22000,400,7579600,167359000000,-100,true,-0.45
"NKG",142151,"/Date(1701069747000)/",22000,600,7579200,167350000000,-100,true,-0.45
"NKG",142151,"/Date(1701069747000)/",22000,1400,7578600,167337000000,-100,true,-0.45
"NKG",142151,"/Date(1701069747000)/",22000,600,7577200,167306000000,-100,true,-0.45
"NKG",142151,"/Date(1701069747000)/",22000,1400,7576600,167293000000,-100,true,-0.45
"NKG",142151,"/Date(1701069747000)/",22000,500,7575200,167262000000,-100,true,-0.45
"NKG",142151,"/Date(1701069747000)/",22000,3000,7574700,167251000000,-100,true,-0.45
"NKG",142151,"/Date(1701069747000)/",22000,100,7571700,167185000000,-100,true,-0.45
"NKG",142148,"/Date(1701069745000)/",22000,4900,7571600,167183000000,-100,true,-0.45
"NKG",142148,"/Date(1701069745000)/",22000,100,7566700,167075000000,-100,true,-0.45
"NKG",142148,"/Date(1701069744000)/",22000,400,7566600,167073000000,-100,true,-0.45
"NKG",142148,"/Date(1701069744000)/",22000,500,7566200,167064000000,-100,true,-0.45
"NKG",142148,"/Date(1701069743000)/",22050,1000,7565700,167053000000,-50,false,-0.23
"NKG",142148,"/Date(1701069743000)/",22050,1000,7564700,167031000000,-50,false,-0.23
"NKG",142148,"/Date(1701069742000)/",22000,1000,7563700,167009000000,-100,true,-0.45
"NKG",142145,"/Date(1701069739000)/",22000,2100,7562700,166987000000,-100,true,-0.45
"NKG",142145,"/Date(1701069739000)/",22000,500,7560600,166941000000,-100,true,-0.45
"NKG",142145,"/Date(1701069739000)/",22000,100,7560100,166930000000,-100,true,-0.45
"NKG",142145,"/Date(1701069739000)/",22000,100,7560000,166927000000,-100,true,-0.45
"NKG",142145,"/Date(1701069739000)/",22000,200,7559900,166925000000,-100,true,-0.45
"NKG",142145,"/Date(1701069738000)/",22000,1000,7559700,166921000000,-100,true,-0.45
"NKG",142142,"/Date(1701069738000)/",22000,2000,7558700,166899000000,-100,true,-0.45
"NKG",142138,"/Date(1701069734000)/",22000,500,7556700,166855000000,-100,true,-0.45
"NKG",142138,"/Date(1701069733000)/",22000,1000,7556200,166844000000,-100,true,-0.45
"NKG",142138,"/Date(1701069732000)/",22000,5300,7555200,166822000000,-100,true,-0.45
"NKG",142138,"/Date(1701069732000)/",22000,700,7549900,166705000000,-100,true,-0.45
"NKG",142135,"/Date(1701069730000)/",22000,1300,7549200,166690000000,-100,true,-0.45
"NKG",142135,"/Date(1701069730000)/",22000,2000,7547900,166661000000,-100,true,-0.45
"NKG",142135,"/Date(1701069730000)/",22000,100,7545900,166617000000,-100,true,-0.45
"NKG",142135,"/Date(1701069730000)/",22000,500,7545800,166615000000,-100,true,-0.45
"NKG",142135,"/Date(1701069730000)/",22000,100,7545300,166604000000,-100,true,-0.45
"NKG",142135,"/Date(1701069730000)/",22000,400,7545200,166602000000,-100,true,-0.45
"NKG",142135,"/Date(1701069730000)/",22000,100,7544800,166593000000,-100,true,-0.45
"NKG",142135,"/Date(1701069730000)/",22000,500,7544700,166591000000,-100,true,-0.45
"NKG",142135,"/Date(1701069730000)/",22000,500,7544200,166580000000,-100,true,-0.45
"NKG",142135,"/Date(1701069729000)/",22000,100,7543700,166569000000,-100,true,-0.45
"NKG",142129,"/Date(1701069725000)/",22000,100,7543600,166567000000,-100,true,-0.45
"NKG",142129,"/Date(1701069725000)/",22000,4900,7543500,166564000000,-100,true,-0.45
"NKG",142129,"/Date(1701069725000)/",22050,16700,7538600,166457000000,-50,false,-0.23
"NKG",142129,"/Date(1701069723000)/",22000,2000,7521900,166088000000,-100,true,-0.45
"NKG",142126,"/Date(1701069722000)/",22000,1500,7519900,166044000000,-100,true,-0.45
"NKG",142126,"/Date(1701069721000)/",22000,100,7518400,166011000000,-100,true,-0.45
"NKG",142126,"/Date(1701069721000)/",22000,1900,7518300,166009000000,-100,true,-0.45
"NKG",142126,"/Date(1701069721000)/",22000,500,7516400,165967000000,-100,true,-0.45
"NKG",142126,"/Date(1701069721000)/",22000,1000,7515900,165956000000,-100,true,-0.45
"NKG",142126,"/Date(1701069721000)/",22000,3000,7514900,165934000000,-100,true,-0.45
"NKG",142126,"/Date(1701069721000)/",22000,2000,7511900,165868000000,-100,true,-0.45
"NKG",142126,"/Date(1701069721000)/",22000,500,7509900,165824000000,-100,true,-0.45
"NKG",142126,"/Date(1701069721000)/",22000,1000,7509400,165813000000,-100,true,-0.45
"NKG",142122,"/Date(1701069716000)/",22050,1100,7508400,165791000000,-50,false,-0.23
"NKG",142119,"/Date(1701069714000)/",22050,500,7507300,165767000000,-50,true,-0.23
"NKG",142119,"/Date(1701069714000)/",22050,600,7506800,165756000000,-50,true,-0.23
"NKG",142116,"/Date(1701069713000)/",22050,2000,7506200,165743000000,-50,true,-0.23
"NKG",142116,"/Date(1701069712000)/",22050,500,7504200,165699000000,-50,true,-0.23
"NKG",142116,"/Date(1701069711000)/",22050,1400,7503700,165688000000,-50,true,-0.23
"NKG",142116,"/Date(1701069711000)/",22050,200,7502300,165657000000,-50,true,-0.23
"NKG",142116,"/Date(1701069711000)/",22050,100,7502100,165652000000,-50,true,-0.23
"NKG",142116,"/Date(1701069711000)/",22050,300,7502000,165650000000,-50,true,-0.23
"NKG",142116,"/Date(1701069710000)/",22050,2200,7501700,165644000000,-50,true,-0.23
"NKG",142113,"/Date(1701069709000)/",22100,500,7499500,165595000000,0,false,0
"NKG",142113,"/Date(1701069709000)/",22100,100,7499000,165584000000,0,false,0
"NKG",142113,"/Date(1701069707000)/",22050,700,7498900,165582000000,-50,true,-0.23
"NKG",142113,"/Date(1701069707000)/",22050,600,7498200,165566000000,-50,true,-0.23
"NKG",142110,"/Date(1701069706000)/",22050,300,7497600,165553000000,-50,true,-0.23
"NKG",142110,"/Date(1701069705000)/",22050,900,7497300,165547000000,-50,true,-0.23
"NKG",142110,"/Date(1701069705000)/",22050,100,7496400,165527000000,-50,true,-0.23
"NKG",142110,"/Date(1701069705000)/",22050,100,7496300,165525000000,-50,true,-0.23
"NKG",142110,"/Date(1701069705000)/",22050,200,7496200,165522000000,-50,true,-0.23
"NKG",142110,"/Date(1701069705000)/",22050,100,7496000,165518000000,-50,true,-0.23
"NKG",142110,"/Date(1701069705000)/",22050,100,7495900,165516000000,-50,true,-0.23
"NKG",142110,"/Date(1701069705000)/",22050,100,7495800,165513000000,-50,true,-0.23
"NKG",142110,"/Date(1701069705000)/",22050,1400,7495700,165511000000,-50,true,-0.23
"NKG",142103,"/Date(1701069699000)/",22050,600,7494300,165480000000,-50,true,-0.23
"NKG",142103,"/Date(1701069699000)/",22050,1400,7493700,165467000000,-50,true,-0.23
"NKG",142103,"/Date(1701069699000)/",22050,900,7492300,165436000000,-50,true,-0.23
"NKG",142103,"/Date(1701069698000)/",22050,100,7491400,165416000000,-50,true,-0.23
"NKG",142103,"/Date(1701069697000)/",22050,3600,7491300,165414000000,-50,true,-0.23
"NKG",142057,"/Date(1701069692000)/",22100,500,7487700,165335000000,0,false,0
"NKG",142057,"/Date(1701069692000)/",22100,500,7487200,165324000000,0,false,0
"NKG",142057,"/Date(1701069692000)/",22100,400,7486700,165313000000,0,false,0
"NKG",142057,"/Date(1701069692000)/",22100,500,7486300,165304000000,0,false,0
"NKG",142057,"/Date(1701069692000)/",22100,3500,7485800,165293000000,0,false,0
"NKG",142057,"/Date(1701069692000)/",22100,200,7482300,165216000000,0,false,0
"NKG",142057,"/Date(1701069692000)/",22100,200,7482100,165211000000,0,false,0
"NKG",142057,"/Date(1701069692000)/",22100,9000,7481900,165207000000,0,false,0
"NKG",142057,"/Date(1701069692000)/",22100,300,7472900,165008000000,0,false,0
"NKG",142057,"/Date(1701069692000)/",22100,4500,7472600,165001000000,0,false,0
"NKG",142057,"/Date(1701069692000)/",22100,2000,7468100,164902000000,0,false,0
"NKG",142057,"/Date(1701069692000)/",22100,1000,7466100,164858000000,0,false,0
"NKG",142057,"/Date(1701069692000)/",22100,100,7465100,164835000000,0,false,0
"NKG",142057,"/Date(1701069692000)/",22100,1000,7465000,164833000000,0,false,0
"NKG",142057,"/Date(1701069692000)/",22100,200,7464000,164811000000,0,false,0
"NKG",142057,"/Date(1701069692000)/",22100,500,7463800,164807000000,0,false,0
"NKG",142057,"/Date(1701069692000)/",22100,700,7463300,164796000000,0,false,0
"NKG",142054,"/Date(1701069689000)/",22100,2300,7462600,164780000000,0,true,0
"NKG",142054,"/Date(1701069689000)/",22100,500,7460300,164729000000,0,true,0
"NKG",142054,"/Date(1701069689000)/",22100,200,7459800,164718000000,0,true,0
"NKG",142054,"/Date(1701069689000)/",22100,200,7459600,164714000000,0,true,0
"NKG",142054,"/Date(1701069689000)/",22100,100,7459400,164709000000,0,true,0
"NKG",142054,"/Date(1701069689000)/",22100,300,7459300,164707000000,0,true,0
"NKG",142054,"/Date(1701069689000)/",22100,1000,7459000,164701000000,0,true,0
"NKG",142054,"/Date(1701069689000)/",22100,300,7458000,164679000000,0,true,0
"NKG",142054,"/Date(1701069689000)/",22100,100,7457700,164672000000,0,true,0
"NKG",142051,"/Date(1701069686000)/",22100,100,7457600,164670000000,0,true,0
"NKG",142051,"/Date(1701069686000)/",22100,100,7457500,164667000000,0,true,0
"NKG",142051,"/Date(1701069686000)/",22100,500,7457400,164665000000,0,true,0
"NKG",142051,"/Date(1701069686000)/",22100,100,7456900,164654000000,0,true,0
"NKG",142051,"/Date(1701069686000)/",22100,200,7456800,164652000000,0,true,0
"NKG",142051,"/Date(1701069686000)/",22100,1600,7456600,164648000000,0,true,0
"NKG",142051,"/Date(1701069686000)/",22100,4200,7455000,164612000000,0,true,0
"NKG",142047,"/Date(1701069682000)/",22150,200,7450800,164519000000,50,false,0.23
"NKG",142044,"/Date(1701069680000)/",22150,2500,7450600,164515000000,50,true,0.23
"NKG",142044,"/Date(1701069679000)/",22150,2500,7448100,164460000000,50,true,0.23
"NKG",142044,"/Date(1701069679000)/",22150,100,7445600,164404000000,50,true,0.23
"NKG",142044,"/Date(1701069679000)/",22150,500,7445500,164402000000,50,true,0.23
"NKG",142044,"/Date(1701069679000)/",22150,600,7445000,164391000000,50,true,0.23
"NKG",142041,"/Date(1701069677000)/",22150,100,7444400,164378000000,50,true,0.23
"NKG",142041,"/Date(1701069676000)/",22150,300,7444300,164375000000,50,true,0.23
"NKG",142041,"/Date(1701069676000)/",22150,300,7444000,164369000000,50,true,0.23
"NKG",142041,"/Date(1701069676000)/",22150,500,7443700,164362000000,50,true,0.23
"NKG",142031,"/Date(1701069667000)/",22200,800,7443200,164351000000,100,true,0.45
"NKG",142031,"/Date(1701069667000)/",22200,100,7442400,164333000000,100,true,0.45
"NKG",142031,"/Date(1701069667000)/",22200,500,7442300,164331000000,100,true,0.45
"NKG",142031,"/Date(1701069667000)/",22200,300,7441800,164320000000,100,true,0.45
"NKG",142031,"/Date(1701069667000)/",22200,1000,7441500,164313000000,100,true,0.45
"NKG",142031,"/Date(1701069667000)/",22200,1400,7440500,164291000000,100,true,0.45
"NKG",142031,"/Date(1701069666000)/",22200,1000,7439100,164260000000,100,true,0.45
"NKG",142031,"/Date(1701069666000)/",22200,100,7438100,164238000000,100,true,0.45
"NKG",142031,"/Date(1701069665000)/",22200,5000,7438000,164236000000,100,true,0.45
"NKG",142028,"/Date(1701069663000)/",22200,1000,7433000,164125000000,100,true,0.45
"NKG",142028,"/Date(1701069663000)/",22250,2000,7432000,164102000000,150,false,0.68
"NKG",142028,"/Date(1701069662000)/",22200,2000,7430000,164058000000,100,true,0.45
"NKG",142028,"/Date(1701069662000)/",22200,9500,7428000,164014000000,100,true,0.45
"NKG",142028,"/Date(1701069662000)/",22200,500,7418500,163803000000,100,true,0.45
"NKG",142025,"/Date(1701069661000)/",22200,300,7418000,163792000000,100,true,0.45
"NKG",142025,"/Date(1701069661000)/",22200,400,7417700,163785000000,100,true,0.45
"NKG",142025,"/Date(1701069661000)/",22200,100,7417300,163776000000,100,true,0.45
"NKG",142025,"/Date(1701069661000)/",22200,1200,7417200,163774000000,100,true,0.45
"NKG",142025,"/Date(1701069660000)/",22250,500,7416000,163747000000,150,false,0.68
"NKG",142022,"/Date(1701069656000)/",22250,9500,7415500,163736000000,150,false,0.68
"NKG",142022,"/Date(1701069656000)/",22250,500,7406000,163525000000,150,false,0.68
"NKG",142019,"/Date(1701069654000)/",22200,700,7405500,163513000000,100,true,0.45
"NKG",142019,"/Date(1701069654000)/",22250,10000,7404800,163498000000,150,true,0.68
"NKG",142019,"/Date(1701069654000)/",22250,10000,7394800,163275000000,150,true,0.68
"NKG",142019,"/Date(1701069654000)/",22250,100,7384800,163053000000,150,true,0.68
"NKG",142019,"/Date(1701069654000)/",22250,3200,7384700,163051000000,150,true,0.68
"NKG",142019,"/Date(1701069653000)/",22250,1500,7381500,162980000000,150,true,0.68
"NKG",142019,"/Date(1701069653000)/",22250,100,7380000,162946000000,150,true,0.68
"NKG",142019,"/Date(1701069652000)/",22250,2000,7379900,162944000000,150,true,0.68
"NKG",142012,"/Date(1701069647000)/",22250,5000,7377900,162899000000,150,true,0.68
"NKG",142012,"/Date(1701069647000)/",22250,100,7372900,162788000000,150,true,0.68
"NKG",142012,"/Date(1701069647000)/",22250,100,7372800,162786000000,150,true,0.68
"NKG",142012,"/Date(1701069646000)/",22250,2000,7372700,162784000000,150,true,0.68
"NKG",142012,"/Date(1701069646000)/",22250,1000,7370700,162739000000,150,true,0.68
"NKG",142012,"/Date(1701069646000)/",22250,1100,7369700,162717000000,150,true,0.68
"NKG",142009,"/Date(1701069644000)/",22250,1000,7368600,162693000000,150,true,0.68
"NKG",142006,"/Date(1701069639000)/",22250,500,7367600,162670000000,150,true,0.68
"NKG",141959,"/Date(1701069634000)/",22250,400,7367100,162659000000,150,true,0.68
"NKG",141959,"/Date(1701069634000)/",22250,4600,7366700,162650000000,150,true,0.68
"NKG",141959,"/Date(1701069633000)/",22250,400,7362100,162548000000,150,true,0.68
"NKG",141959,"/Date(1701069633000)/",22250,1400,7361700,162539000000,150,true,0.68
"NKG",141959,"/Date(1701069633000)/",22300,2500,7360300,162508000000,200,false,0.9
"NKG",141956,"/Date(1701069632000)/",22300,2000,7357800,162452000000,200,true,0.9
"NKG",141956,"/Date(1701069632000)/",22300,100,7355800,162407000000,200,true,0.9
"NKG",141956,"/Date(1701069632000)/",22300,100,7355700,162405000000,200,true,0.9
"NKG",141956,"/Date(1701069632000)/",22300,1000,7355600,162403000000,200,true,0.9
"NKG",141956,"/Date(1701069631000)/",22300,1000,7354600,162381000000,200,true,0.9
"NKG",141956,"/Date(1701069630000)/",22300,1000,7353600,162358000000,200,true,0.9
"NKG",141956,"/Date(1701069630000)/",22300,1500,7352600,162336000000,200,true,0.9
"NKG",141956,"/Date(1701069630000)/",22300,200,7351100,162303000000,200,true,0.9
"NKG",141956,"/Date(1701069630000)/",22300,1000,7350900,162298000000,200,true,0.9
"NKG",141956,"/Date(1701069630000)/",22300,500,7349900,162276000000,200,true,0.9
"NKG",141956,"/Date(1701069630000)/",22300,6000,7349400,162265000000,200,true,0.9
"NKG",141956,"/Date(1701069630000)/",22300,1000,7343400,162131000000,200,true,0.9
"NKG",141956,"/Date(1701069630000)/",22300,200,7342400,162109000000,200,true,0.9
"NKG",141956,"/Date(1701069630000)/",22300,100,7342200,162104000000,200,true,0.9
"NKG",141956,"/Date(1701069630000)/",22300,1800,7342100,162102000000,200,true,0.9
"NKG",141943,"/Date(1701069619000)/",22250,1000,7340300,162062000000,150,true,0.68
"NKG",141940,"/Date(1701069616000)/",22300,1700,7339300,162040000000,200,false,0.9
"NKG",141940,"/Date(1701069616000)/",22300,500,7337600,162002000000,200,false,0.9
"NKG",141940,"/Date(1701069616000)/",22300,200,7337100,161991000000,200,false,0.9
"NKG",141940,"/Date(1701069616000)/",22300,3000,7336900,161986000000,200,false,0.9
"NKG",141940,"/Date(1701069616000)/",22300,2000,7333900,161919000000,200,false,0.9
"NKG",141940,"/Date(1701069616000)/",22300,100,7331900,161875000000,200,false,0.9
"NKG",141940,"/Date(1701069616000)/",22300,2000,7331800,161872000000,200,false,0.9
"NKG",141940,"/Date(1701069616000)/",22300,100,7329800,161828000000,200,false,0.9
"NKG",141940,"/Date(1701069616000)/",22300,400,7329700,161826000000,200,false,0.9
"NKG",141940,"/Date(1701069615000)/",22250,100,7329300,161817000000,150,true,0.68
"NKG",141937,"/Date(1701069613000)/",22250,500,7329200,161814000000,150,false,0.68
"NKG",141937,"/Date(1701069613000)/",22300,600,7328700,161803000000,200,false,0.9
"NKG",141937,"/Date(1701069613000)/",22300,1000,7328100,161790000000,200,false,0.9
"NKG",141937,"/Date(1701069613000)/",22300,800,7327100,161768000000,200,false,0.9
"NKG",141937,"/Date(1701069613000)/",22300,100,7326300,161750000000,200,false,0.9
"NKG",141937,"/Date(1701069612000)/",22250,1000,7326200,161747000000,150,false,0.68
"NKG",141937,"/Date(1701069612000)/",22250,1000,7325200,161725000000,150,false,0.68
"NKG",141934,"/Date(1701069610000)/",22250,2000,7324200,161703000000,150,true,0.68
"NKG",141934,"/Date(1701069609000)/",22250,200,7322200,161658000000,150,true,0.68
"NKG",141934,"/Date(1701069609000)/",22250,200,7322000,161654000000,150,true,0.68
"NKG",141927,"/Date(1701069603000)/",22300,400,7321800,161650000000,200,false,0.9
"NKG",141927,"/Date(1701069603000)/",22300,5000,7321400,161641000000,200,false,0.9
"NKG",141927,"/Date(1701069603000)/",22300,100,7316400,161529000000,200,false,0.9
"NKG",141927,"/Date(1701069603000)/",22300,1000,7316300,161527000000,200,false,0.9
"NKG",141927,"/Date(1701069603000)/",22300,5000,7315300,161505000000,200,false,0.9
"NKG",141927,"/Date(1701069603000)/",22300,200,7310300,161393000000,200,false,0.9
"NKG",141927,"/Date(1701069603000)/",22300,500,7310100,161389000000,200,false,0.9
"NKG",141927,"/Date(1701069603000)/",22300,2000,7309600,161378000000,200,false,0.9
"NKG",141927,"/Date(1701069603000)/",22300,1000,7307600,161333000000,200,false,0.9
"NKG",141927,"/Date(1701069603000)/",22300,1000,7306600,161311000000,200,false,0.9
"NKG",141927,"/Date(1701069603000)/",22300,100,7305600,161288000000,200,false,0.9
"NKG",141927,"/Date(1701069603000)/",22300,500,7305500,161286000000,200,false,0.9
"NKG",141927,"/Date(1701069603000)/",22300,2000,7305000,161275000000,200,false,0.9
"NKG",141927,"/Date(1701069603000)/",22300,1000,7303000,161230000000,200,false,0.9
"NKG",141927,"/Date(1701069603000)/",22300,2000,7302000,161208000000,200,false,0.9
"NKG",141927,"/Date(1701069603000)/",22300,5000,7300000,161163000000,200,false,0.9
"NKG",141927,"/Date(1701069603000)/",22300,500,7295000,161052000000,200,false,0.9
"NKG",141927,"/Date(1701069603000)/",22300,500,7294500,161041000000,200,false,0.9
"NKG",141927,"/Date(1701069603000)/",22300,1000,7294000,161030000000,200,false,0.9
"NKG",141927,"/Date(1701069603000)/",22300,500,7293000,161007000000,200,false,0.9
"NKG",141927,"/Date(1701069603000)/",22300,2000,7292500,160996000000,200,false,0.9
"NKG",141927,"/Date(1701069603000)/",22300,300,7290500,160952000000,200,false,0.9
"NKG",141927,"/Date(1701069603000)/",22300,6000,7290200,160945000000,200,false,0.9
"NKG",141927,"/Date(1701069603000)/",22300,5000,7284200,160811000000,200,false,0.9
"NKG",141927,"/Date(1701069603000)/",22300,4000,7279200,160700000000,200,false,0.9
"NKG",141927,"/Date(1701069603000)/",22300,100,7275200,160610000000,200,false,0.9
"NKG",141927,"/Date(1701069603000)/",22300,1000,7275100,160608000000,200,false,0.9
"NKG",141927,"/Date(1701069603000)/",22300,1000,7274100,160586000000,200,false,0.9
"NKG",141927,"/Date(1701069603000)/",22300,500,7273100,160564000000,200,false,0.9
"NKG",141927,"/Date(1701069603000)/",22300,1000,7272600,160552000000,200,false,0.9
"NKG",141927,"/Date(1701069603000)/",22300,100,7271600,160530000000,200,false,0.9
"NKG",141927,"/Date(1701069603000)/",22300,300,7271500,160528000000,200,false,0.9
"NKG",141927,"/Date(1701069603000)/",22300,200,7271200,160521000000,200,false,0.9
"NKG",141927,"/Date(1701069603000)/",22300,1000,7271000,160517000000,200,false,0.9
"NKG",141927,"/Date(1701069603000)/",22300,200,7270000,160494000000,200,false,0.9
"NKG",141927,"/Date(1701069603000)/",22300,200,7269800,160490000000,200,false,0.9
"NKG",141927,"/Date(1701069603000)/",22300,100,7269600,160486000000,200,false,0.9
"NKG",141927,"/Date(1701069603000)/",22300,5000,7269500,160483000000,200,false,0.9
"NKG",141927,"/Date(1701069603000)/",22300,2400,7264500,160372000000,200,false,0.9
"NKG",141927,"/Date(1701069603000)/",22300,1000,7262100,160318000000,200,false,0.9
"NKG",141927,"/Date(1701069603000)/",22300,2200,7261100,160296000000,200,false,0.9
"NKG",141927,"/Date(1701069603000)/",22300,1000,7258900,160247000000,200,false,0.9
"NKG",141927,"/Date(1701069603000)/",22300,100,7257900,160225000000,200,false,0.9
"NKG",141927,"/Date(1701069603000)/",22300,400,7257800,160222000000,200,false,0.9
"NKG",141927,"/Date(1701069603000)/",22300,2000,7257400,160213000000,200,false,0.9
"NKG",141927,"/Date(1701069603000)/",22300,500,7255400,160169000000,200,false,0.9
"NKG",141927,"/Date(1701069603000)/",22300,5000,7254900,160158000000,200,false,0.9
"NKG",141927,"/Date(1701069603000)/",22300,3000,7249900,160046000000,200,false,0.9
"NKG",141927,"/Date(1701069603000)/",22300,100,7246900,159979000000,200,false,0.9
"NKG",141927,"/Date(1701069603000)/",22300,2000,7246800,159977000000,200,false,0.9
"NKG",141927,"/Date(1701069603000)/",22300,200,7244800,159932000000,200,false,0.9
"NKG",141927,"/Date(1701069603000)/",22300,1000,7244600,159928000000,200,false,0.9
"NKG",141927,"/Date(1701069603000)/",22300,1000,7243600,159906000000,200,false,0.9
"NKG",141927,"/Date(1701069603000)/",22300,1000,7242600,159883000000,200,false,0.9
"NKG",141927,"/Date(1701069603000)/",22300,5000,7241600,159861000000,200,false,0.9
"NKG",141927,"/Date(1701069603000)/",22300,100,7236600,159750000000,200,false,0.9
"NKG",141927,"/Date(1701069603000)/",22300,200,7236500,159747000000,200,false,0.9
"NKG",141927,"/Date(1701069603000)/",22300,500,7236300,159743000000,200,false,0.9
"NKG",141927,"/Date(1701069603000)/",22300,100,7235800,159732000000,200,false,0.9
"NKG",141927,"/Date(1701069603000)/",22300,200,7235700,159730000000,200,false,0.9
"NKG",141927,"/Date(1701069603000)/",22250,3700,7235500,159725000000,150,false,0.68
"NKG",141927,"/Date(1701069602000)/",22250,1300,7231800,159643000000,150,false,0.68
"NKG",141927,"/Date(1701069602000)/",22250,200,7230500,159614000000,150,false,0.68
"NKG",141924,"/Date(1701069600000)/",22250,2800,7230300,159609000000,150,false,0.68
"NKG",141921,"/Date(1701069597000)/",22250,1000,7227500,159547000000,150,true,0.68
"NKG",141918,"/Date(1701069591000)/",22300,500,7226500,159525000000,200,false,0.9
"NKG",141918,"/Date(1701069591000)/",22300,5600,7226000,159514000000,200,false,0.9
"NKG",141918,"/Date(1701069591000)/",22300,300,7220400,159389000000,200,false,0.9
"NKG",141918,"/Date(1701069591000)/",22300,200,7220100,159382000000,200,false,0.9
"NKG",141918,"/Date(1701069591000)/",22250,900,7219900,159378000000,150,false,0.68
"NKG",141915,"/Date(1701069589000)/",22250,100,7219000,159358000000,150,false,0.68
"NKG",141911,"/Date(1701069586000)/",22200,2000,7218900,159355000000,100,true,0.45
"NKG",141908,"/Date(1701069584000)/",22200,7700,7216900,159311000000,100,true,0.45
"NKG",141908,"/Date(1701069584000)/",22250,300,7209200,159140000000,150,false,0.68
"NKG",141908,"/Date(1701069583000)/",22250,100,7208900,159133000000,150,false,0.68
"NKG",141905,"/Date(1701069581000)/",22250,900,7208800,159131000000,150,false,0.68
"NKG",141905,"/Date(1701069581000)/",22250,100,7207900,159111000000,150,false,0.68
"NKG",141905,"/Date(1701069581000)/",22250,100,7207800,159109000000,150,false,0.68
"NKG",141905,"/Date(1701069581000)/",22250,400,7207700,159107000000,150,false,0.68
"NKG",141905,"/Date(1701069581000)/",22250,100,7207300,159098000000,150,false,0.68
"NKG",141905,"/Date(1701069581000)/",22250,1400,7207200,159096000000,150,false,0.68
"NKG",141905,"/Date(1701069580000)/",22250,200,7205800,159064000000,150,false,0.68
"NKG",141905,"/Date(1701069579000)/",22250,900,7205600,159060000000,150,false,0.68
"NKG",141905,"/Date(1701069579000)/",22250,100,7204700,159040000000,150,false,0.68
"NKG",141905,"/Date(1701069579000)/",22250,400,7204600,159038000000,150,false,0.68
"NKG",141905,"/Date(1701069579000)/",22250,1000,7204200,159029000000,150,false,0.68
"NKG",141905,"/Date(1701069579000)/",22250,500,7203200,159007000000,150,false,0.68
"NKG",141905,"/Date(1701069579000)/",22250,1000,7202700,158995000000,150,false,0.68
"NKG",141905,"/Date(1701069579000)/",22250,100,7201700,158973000000,150,false,0.68
"NKG",141905,"/Date(1701069579000)/",22250,200,7201600,158971000000,150,false,0.68
"NKG",141859,"/Date(1701069575000)/",22250,800,7201400,158967000000,150,false,0.68
"NKG",141859,"/Date(1701069575000)/",22250,1000,7200600,158949000000,150,false,0.68
"NKG",141859,"/Date(1701069575000)/",22250,1200,7199600,158926000000,150,false,0.68
"NKG",141859,"/Date(1701069573000)/",22250,3800,7198400,158900000000,150,false,0.68
"NKG",141859,"/Date(1701069573000)/",22250,2500,7194600,158815000000,150,false,0.68
"NKG",141859,"/Date(1701069573000)/",22250,100,7192100,158760000000,150,false,0.68
"NKG",141859,"/Date(1701069573000)/",22250,600,7192000,158757000000,150,false,0.68
"NKG",141859,"/Date(1701069573000)/",22250,200,7191400,158744000000,150,false,0.68
"NKG",141859,"/Date(1701069573000)/",22250,500,7191200,158740000000,150,false,0.68
"NKG",141859,"/Date(1701069573000)/",22250,1000,7190700,158728000000,150,false,0.68
"NKG",141859,"/Date(1701069573000)/",22250,100,7189700,158706000000,150,false,0.68
"NKG",141859,"/Date(1701069573000)/",22250,100,7189600,158704000000,150,false,0.68
"NKG",141859,"/Date(1701069573000)/",22250,500,7189500,158702000000,150,false,0.68
"NKG",141859,"/Date(1701069573000)/",22250,600,7189000,158691000000,150,false,0.68
"NKG",141855,"/Date(1701069569000)/",22250,500,7188400,158677000000,150,false,0.68
"NKG",141852,"/Date(1701069567000)/",22250,500,7187900,158666000000,150,false,0.68
"NKG",141852,"/Date(1701069567000)/",22250,400,7187400,158655000000,150,false,0.68
"NKG",141852,"/Date(1701069567000)/",22250,1600,7187000,158646000000,150,false,0.68
"NKG",141839,"/Date(1701069555000)/",22250,8000,7185400,158611000000,150,false,0.68
"NKG",141839,"/Date(1701069554000)/",22250,2500,7177400,158433000000,150,false,0.68
"NKG",141836,"/Date(1701069551000)/",22250,1500,7174900,158377000000,150,false,0.68
"NKG",141830,"/Date(1701069544000)/",22250,6400,7173400,158344000000,150,false,0.68
"NKG",141830,"/Date(1701069544000)/",22250,200,7167000,158201000000,150,false,0.68
"NKG",141830,"/Date(1701069544000)/",22250,100,7166800,158197000000,150,false,0.68
"NKG",141830,"/Date(1701069544000)/",22250,2000,7166700,158194000000,150,false,0.68
"NKG",141830,"/Date(1701069544000)/",22250,300,7164700,158150000000,150,false,0.68
"NKG",141830,"/Date(1701069544000)/",22250,100,7164400,158143000000,150,false,0.68
"NKG",141830,"/Date(1701069544000)/",22250,1900,7164300,158141000000,150,false,0.68
"NKG",141817,"/Date(1701069532000)/",22250,500,7162400,158099000000,150,false,0.68
"NKG",141814,"/Date(1701069528000)/",22200,10000,7161900,158088000000,100,true,0.45
"NKG",141811,"/Date(1701069526000)/",22250,200,7151900,157866000000,150,false,0.68
"NKG",141804,"/Date(1701069518000)/",22250,100,7151700,157861000000,150,false,0.68
"NKG",141804,"/Date(1701069517000)/",22200,1600,7151600,157859000000,100,true,0.45
"NKG",141801,"/Date(1701069516000)/",22200,500,7150000,157823000000,100,true,0.45
"NKG",141751,"/Date(1701069507000)/",22250,100,7149500,157812000000,150,false,0.68
"NKG",141751,"/Date(1701069507000)/",22250,200,7149400,157810000000,150,false,0.68
"NKG",141745,"/Date(1701069501000)/",22250,200,7149200,157806000000,150,false,0.68
"NKG",141745,"/Date(1701069501000)/",22250,100,7149000,157801000000,150,false,0.68
"NKG",141742,"/Date(1701069498000)/",22250,500,7148900,157799000000,150,false,0.68
"NKG",141739,"/Date(1701069494000)/",22250,500,7148400,157788000000,150,false,0.68
"NKG",141739,"/Date(1701069494000)/",22250,100,7147900,157777000000,150,false,0.68
"NKG",141739,"/Date(1701069494000)/",22250,400,7147800,157775000000,150,false,0.68
"NKG",141729,"/Date(1701069485000)/",22250,200,7147400,157766000000,150,false,0.68
"NKG",141729,"/Date(1701069485000)/",22250,100,7147200,157761000000,150,false,0.68
"NKG",141729,"/Date(1701069485000)/",22250,100,7147100,157759000000,150,false,0.68
"NKG",141713,"/Date(1701069469000)/",22250,1100,7147000,157757000000,150,false,0.68
"NKG",141707,"/Date(1701069462000)/",22250,3900,7145900,157732000000,150,false,0.68
"NKG",141707,"/Date(1701069462000)/",22250,200,7142000,157645000000,150,false,0.68
"NKG",141707,"/Date(1701069462000)/",22250,500,7141800,157641000000,150,false,0.68
"NKG",141707,"/Date(1701069462000)/",22250,500,7141300,157630000000,150,false,0.68
"NKG",141707,"/Date(1701069462000)/",22250,1800,7140800,157619000000,150,false,0.68
"NKG",141700,"/Date(1701069455000)/",22250,100,7139000,157579000000,150,false,0.68
"NKG",141657,"/Date(1701069452000)/",22250,100,7138900,157577000000,150,false,0.68
"NKG",141654,"/Date(1701069449000)/",22250,100,7138800,157574000000,150,true,0.68
"NKG",141654,"/Date(1701069449000)/",22250,400,7138700,157572000000,150,true,0.68
"NKG",141651,"/Date(1701069446000)/",22250,100,7138300,157563000000,150,true,0.68
"NKG",141651,"/Date(1701069446000)/",22250,200,7138200,157561000000,150,true,0.68
"NKG",141645,"/Date(1701069439000)/",22250,200,7138000,157556000000,150,false,0.68
"NKG",141645,"/Date(1701069439000)/",22250,300,7137800,157552000000,150,false,0.68
"NKG",141645,"/Date(1701069438000)/",22250,100,7137500,157545000000,150,false,0.68
"NKG",141641,"/Date(1701069436000)/",22250,5000,7137400,157543000000,150,true,0.68
"NKG",141641,"/Date(1701069436000)/",22250,300,7132400,157432000000,150,true,0.68
"NKG",141641,"/Date(1701069435000)/",22250,100,7132100,157425000000,150,true,0.68
"NKG",141641,"/Date(1701069435000)/",22250,100,7132000,157423000000,150,true,0.68
"NKG",141632,"/Date(1701069426000)/",22250,400,7131900,157421000000,150,true,0.68
"NKG",141632,"/Date(1701069426000)/",22250,100,7131500,157412000000,150,true,0.68
"NKG",141632,"/Date(1701069426000)/",22250,200,7131400,157410000000,150,true,0.68
"NKG",141629,"/Date(1701069424000)/",22250,500,7131200,157405000000,150,true,0.68
"NKG",141629,"/Date(1701069424000)/",22250,500,7130700,157394000000,150,true,0.68
"NKG",141622,"/Date(1701069416000)/",22250,700,7130200,157383000000,150,true,0.68
"NKG",141622,"/Date(1701069416000)/",22250,100,7129500,157367000000,150,true,0.68
"NKG",141622,"/Date(1701069416000)/",22250,2200,7129400,157365000000,150,true,0.68
"NKG",141619,"/Date(1701069413000)/",22300,500,7127200,157316000000,200,false,0.9
"NKG",141616,"/Date(1701069410000)/",22250,500,7126700,157305000000,150,true,0.68
"NKG",141609,"/Date(1701069405000)/",22250,100,7126200,157294000000,150,true,0.68
"NKG",141603,"/Date(1701069398000)/",22250,300,7126100,157292000000,150,true,0.68
"NKG",141603,"/Date(1701069397000)/",22250,400,7125800,157285000000,150,true,0.68
"NKG",141600,"/Date(1701069394000)/",22250,4600,7125400,157276000000,150,false,0.68
"NKG",141600,"/Date(1701069394000)/",22250,1900,7120800,157174000000,150,false,0.68
"NKG",141600,"/Date(1701069393000)/",22250,1100,7118900,157131000000,150,false,0.68
"NKG",141600,"/Date(1701069393000)/",22250,900,7117800,157107000000,150,false,0.68
"NKG",141557,"/Date(1701069391000)/",22250,100,7116900,157087000000,150,false,0.68
"NKG",141557,"/Date(1701069391000)/",22250,400,7116800,157085000000,150,false,0.68
"NKG",141557,"/Date(1701069391000)/",22250,4600,7116400,157076000000,150,false,0.68
"NKG",141557,"/Date(1701069391000)/",22250,1000,7111800,156974000000,150,false,0.68
"NKG",141557,"/Date(1701069391000)/",22250,500,7110800,156951000000,150,false,0.68
"NKG",141557,"/Date(1701069391000)/",22250,2000,7110300,156940000000,150,false,0.68
"NKG",141557,"/Date(1701069391000)/",22250,100,7108300,156896000000,150,false,0.68
"NKG",141557,"/Date(1701069391000)/",22250,1000,7108200,156893000000,150,false,0.68
"NKG",141557,"/Date(1701069391000)/",22250,200,7107200,156871000000,150,false,0.68
"NKG",141557,"/Date(1701069391000)/",22250,300,7107000,156867000000,150,false,0.68
"NKG",141557,"/Date(1701069391000)/",22250,200,7106700,156860000000,150,false,0.68
"NKG",141557,"/Date(1701069391000)/",22250,2000,7106500,156856000000,150,false,0.68
"NKG",141557,"/Date(1701069391000)/",22250,100,7104500,156811000000,150,false,0.68
"NKG",141557,"/Date(1701069391000)/",22250,100,7104400,156809000000,150,false,0.68
"NKG",141557,"/Date(1701069391000)/",22250,1000,7104300,156807000000,150,false,0.68
"NKG",141557,"/Date(1701069391000)/",22250,1900,7103300,156784000000,150,false,0.68
"NKG",141557,"/Date(1701069390000)/",22250,1000,7101400,156742000000,150,false,0.68
"NKG",141553,"/Date(1701069388000)/",22250,500,7100400,156720000000,150,false,0.68
"NKG",141547,"/Date(1701069382000)/",22250,2000,7099900,156709000000,150,false,0.68
"NKG",141544,"/Date(1701069380000)/",22250,500,7097900,156664000000,150,false,0.68
"NKG",141544,"/Date(1701069378000)/",22200,1000,7097400,156653000000,100,true,0.45
"NKG",141541,"/Date(1701069374000)/",22200,900,7096400,156631000000,100,true,0.45
"NKG",141537,"/Date(1701069373000)/",22250,1100,7095500,156611000000,150,false,0.68
"NKG",141537,"/Date(1701069373000)/",22250,900,7094400,156586000000,150,false,0.68
"NKG",141534,"/Date(1701069369000)/",22250,1100,7093500,156566000000,150,false,0.68
"NKG",141534,"/Date(1701069369000)/",22250,3000,7092400,156542000000,150,false,0.68
"NKG",141534,"/Date(1701069369000)/",22250,3000,7089400,156475000000,150,false,0.68
"NKG",141534,"/Date(1701069369000)/",22250,100,7086400,156408000000,150,false,0.68
"NKG",141534,"/Date(1701069369000)/",22250,300,7086300,156406000000,150,false,0.68
"NKG",141534,"/Date(1701069369000)/",22250,1300,7086000,156400000000,150,false,0.68
"NKG",141534,"/Date(1701069369000)/",22250,1200,7084700,156371000000,150,false,0.68
"NKG",141531,"/Date(1701069367000)/",22200,1000,7083500,156344000000,100,true,0.45
"NKG",141531,"/Date(1701069366000)/",22200,100,7082500,156322000000,100,true,0.45
"NKG",141531,"/Date(1701069365000)/",22200,1000,7082400,156320000000,100,true,0.45
"NKG",141525,"/Date(1701069360000)/",22200,100,7081400,156297000000,100,false,0.45
"NKG",141525,"/Date(1701069360000)/",22200,100,7081300,156295000000,100,false,0.45
"NKG",141525,"/Date(1701069360000)/",22200,100,7081200,156293000000,100,false,0.45
"NKG",141525,"/Date(1701069360000)/",22200,500,7081100,156291000000,100,false,0.45
"NKG",141525,"/Date(1701069360000)/",22200,200,7080600,156280000000,100,false,0.45
"NKG",141525,"/Date(1701069360000)/",22200,500,7080400,156275000000,100,false,0.45
"NKG",141525,"/Date(1701069360000)/",22200,1600,7079900,156264000000,100,false,0.45
"NKG",141525,"/Date(1701069360000)/",22200,1000,7078300,156228000000,100,false,0.45
"NKG",141525,"/Date(1701069360000)/",22200,100,7077300,156206000000,100,false,0.45
"NKG",141525,"/Date(1701069360000)/",22200,200,7077200,156204000000,100,false,0.45
"NKG",141525,"/Date(1701069360000)/",22200,500,7077000,156200000000,100,false,0.45
"NKG",141525,"/Date(1701069360000)/",22200,300,7076500,156189000000,100,false,0.45
"NKG",141525,"/Date(1701069360000)/",22200,1000,7076200,156182000000,100,false,0.45
"NKG",141525,"/Date(1701069360000)/",22200,100,7075200,156160000000,100,false,0.45
"NKG",141525,"/Date(1701069360000)/",22200,100,7075100,156157000000,100,false,0.45
"NKG",141525,"/Date(1701069360000)/",22200,200,7075000,156155000000,100,false,0.45
"NKG",141525,"/Date(1701069360000)/",22200,1000,7074800,156151000000,100,false,0.45
"NKG",141525,"/Date(1701069360000)/",22200,100,7073800,156129000000,100,false,0.45
"NKG",141525,"/Date(1701069360000)/",22200,15000,7073700,156126000000,100,false,0.45
"NKG",141525,"/Date(1701069360000)/",22200,500,7058700,155793000000,100,false,0.45
"NKG",141525,"/Date(1701069360000)/",22150,1400,7058200,155782000000,50,false,0.23
"NKG",141525,"/Date(1701069360000)/",22150,200,7056800,155751000000,50,false,0.23
"NKG",141525,"/Date(1701069360000)/",22150,400,7056600,155747000000,50,false,0.23
"NKG",141525,"/Date(1701069360000)/",22150,200,7056200,155738000000,50,false,0.23
"NKG",141525,"/Date(1701069360000)/",22150,5000,7056000,155734000000,50,false,0.23
"NKG",141525,"/Date(1701069360000)/",22150,200,7051000,155623000000,50,false,0.23
"NKG",141525,"/Date(1701069360000)/",22150,500,7050800,155618000000,50,false,0.23
"NKG",141525,"/Date(1701069360000)/",22150,200,7050300,155607000000,50,false,0.23
"NKG",141525,"/Date(1701069360000)/",22150,2000,7050100,155603000000,50,false,0.23
"NKG",141525,"/Date(1701069360000)/",22150,100,7048100,155559000000,50,false,0.23
"NKG",141525,"/Date(1701069360000)/",22150,6000,7048000,155556000000,50,false,0.23
"NKG",141525,"/Date(1701069360000)/",22150,1000,7042000,155423000000,50,false,0.23
"NKG",141525,"/Date(1701069360000)/",22150,500,7041000,155401000000,50,false,0.23
"NKG",141525,"/Date(1701069360000)/",22150,1200,7040500,155390000000,50,false,0.23
"NKG",141525,"/Date(1701069360000)/",22150,9700,7039300,155364000000,50,false,0.23
"NKG",141525,"/Date(1701069360000)/",22150,2000,7029600,155149000000,50,false,0.23
"NKG",141525,"/Date(1701069360000)/",22150,200,7027600,155104000000,50,false,0.23
"NKG",141525,"/Date(1701069360000)/",22150,2000,7027400,155100000000,50,false,0.23
"NKG",141525,"/Date(1701069360000)/",22150,500,7025400,155056000000,50,false,0.23
"NKG",141525,"/Date(1701069360000)/",22150,200,7024900,155045000000,50,false,0.23
"NKG",141525,"/Date(1701069360000)/",22150,500,7024700,155040000000,50,false,0.23
"NKG",141525,"/Date(1701069360000)/",22150,100,7024200,155029000000,50,false,0.23
"NKG",141525,"/Date(1701069360000)/",22150,500,7024100,155027000000,50,false,0.23
"NKG",141525,"/Date(1701069360000)/",22150,300,7023600,155016000000,50,false,0.23
"NKG",141525,"/Date(1701069360000)/",22150,1000,7023300,155009000000,50,false,0.23
"NKG",141525,"/Date(1701069360000)/",22150,10400,7022300,154987000000,50,false,0.23
"NKG",141525,"/Date(1701069360000)/",22150,100,7011900,154757000000,50,false,0.23
"NKG",141525,"/Date(1701069360000)/",22150,500,7011800,154755000000,50,false,0.23
"NKG",141525,"/Date(1701069360000)/",22150,200,7011300,154743000000,50,false,0.23
"NKG",141525,"/Date(1701069360000)/",22150,2000,7011100,154739000000,50,false,0.23
"NKG",141522,"/Date(1701069356000)/",22150,200,7009100,154695000000,50,false,0.23
"NKG",141518,"/Date(1701069352000)/",22150,300,7008900,154690000000,50,false,0.23
"NKG",141518,"/Date(1701069352000)/",22150,100,7008600,154684000000,50,false,0.23
"NKG",141515,"/Date(1701069351000)/",22150,3000,7008500,154681000000,50,false,0.23
"NKG",141512,"/Date(1701069347000)/",22150,200,7005500,154615000000,50,false,0.23
"NKG",141509,"/Date(1701069343000)/",22150,3800,7005300,154611000000,50,false,0.23
"NKG",141509,"/Date(1701069343000)/",22150,200,7001500,154526000000,50,false,0.23
"NKG",141509,"/Date(1701069342000)/",22150,800,7001300,154522000000,50,false,0.23
"NKG",141509,"/Date(1701069342000)/",22150,200,7000500,154504000000,50,false,0.23
"NKG",141506,"/Date(1701069339000)/",22100,100,7000300,154500000000,0,true,0
"NKG",141502,"/Date(1701069335000)/",22100,200,7000200,154498000000,0,true,0
"NKG",141459,"/Date(1701069333000)/",22100,500,7000000,154493000000,0,true,0
"NKG",141456,"/Date(1701069331000)/",22100,400,6999500,154482000000,0,true,0
"NKG",141450,"/Date(1701069325000)/",22100,2300,6999100,154473000000,0,true,0
"NKG",141443,"/Date(1701069317000)/",22100,1000,6996800,154422000000,0,true,0
"NKG",141440,"/Date(1701069313000)/",22100,100,6995800,154400000000,0,true,0
"NKG",141430,"/Date(1701069305000)/",22100,500,6995700,154398000000,0,true,0
"NKG",141430,"/Date(1701069304000)/",22150,300,6995200,154387000000,50,false,0.23
"NKG",141427,"/Date(1701069301000)/",22150,500,6994900,154380000000,50,false,0.23
"NKG",141427,"/Date(1701069301000)/",22150,2600,6994400,154369000000,50,false,0.23
"NKG",141405,"/Date(1701069281000)/",22150,2000,6991800,154312000000,50,false,0.23
"NKG",141355,"/Date(1701069270000)/",22100,700,6989800,154267000000,0,true,0
"NKG",141355,"/Date(1701069270000)/",22100,300,6989100,154252000000,0,true,0
"NKG",141352,"/Date(1701069268000)/",22150,100,6988800,154245000000,50,false,0.23
"NKG",141349,"/Date(1701069264000)/",22100,200,6988700,154243000000,0,true,0
"NKG",141349,"/Date(1701069264000)/",22100,3000,6988500,154239000000,0,true,0
"NKG",141349,"/Date(1701069264000)/",22100,200,6985500,154172000000,0,true,0
"NKG",141349,"/Date(1701069264000)/",22100,600,6985300,154168000000,0,true,0
"NKG",141340,"/Date(1701069254000)/",22150,200,6984700,154155000000,50,false,0.23
"NKG",141336,"/Date(1701069249000)/",22150,100,6984500,154150000000,50,false,0.23
"NKG",141336,"/Date(1701069249000)/",22150,100,6984400,154148000000,50,false,0.23
"NKG",141330,"/Date(1701069243000)/",22100,200,6984300,154146000000,0,true,0
"NKG",141301,"/Date(1701069216000)/",22150,800,6984100,154141000000,50,false,0.23
"NKG",141301,"/Date(1701069216000)/",22150,100,6983300,154124000000,50,false,0.23
"NKG",141301,"/Date(1701069216000)/",22150,1100,6983200,154122000000,50,false,0.23
"NKG",141252,"/Date(1701069207000)/",22150,1000,6982100,154097000000,50,false,0.23
"NKG",141252,"/Date(1701069206000)/",22100,100,6981100,154075000000,0,true,0
"NKG",141249,"/Date(1701069204000)/",22100,1000,6981000,154073000000,0,true,0
"NKG",141249,"/Date(1701069202000)/",22100,100,6980000,154051000000,0,true,0
"NKG",141245,"/Date(1701069200000)/",22100,500,6979900,154048000000,0,true,0
"NKG",141233,"/Date(1701069187000)/",22100,500,6979400,154037000000,0,true,0
"NKG",141229,"/Date(1701069182000)/",22100,100,6978900,154026000000,0,true,0
"NKG",141229,"/Date(1701069182000)/",22100,3000,6978800,154024000000,0,true,0
"NKG",141229,"/Date(1701069182000)/",22100,1000,6975800,153958000000,0,true,0
"NKG",141229,"/Date(1701069182000)/",22100,700,6974800,153936000000,0,true,0
"NKG",141229,"/Date(1701069182000)/",22100,500,6974100,153920000000,0,true,0
"NKG",141229,"/Date(1701069182000)/",22100,1000,6973600,153909000000,0,true,0
"NKG",141229,"/Date(1701069182000)/",22100,700,6972600,153887000000,0,true,0
"NKG",141226,"/Date(1701069180000)/",22100,200,6971900,153872000000,0,false,0
"NKG",141226,"/Date(1701069180000)/",22100,1600,6971700,153867000000,0,false,0
"NKG",141226,"/Date(1701069180000)/",22100,400,6970100,153832000000,0,false,0
"NKG",141223,"/Date(1701069178000)/",22100,100,6969700,153823000000,0,false,0
"NKG",141220,"/Date(1701069176000)/",22100,1000,6969600,153821000000,0,false,0
"NKG",141220,"/Date(1701069174000)/",22100,100,6968600,153799000000,0,false,0
"NKG",141220,"/Date(1701069174000)/",22100,400,6968500,153797000000,0,false,0
"NKG",141220,"/Date(1701069174000)/",22100,500,6968100,153788000000,0,false,0
"NKG",141220,"/Date(1701069174000)/",22100,3000,6967600,153777000000,0,false,0
"NKG",141220,"/Date(1701069174000)/",22100,1000,6964600,153710000000,0,false,0
"NKG",141220,"/Date(1701069174000)/",22100,100,6963600,153688000000,0,false,0
"NKG",141220,"/Date(1701069174000)/",22100,500,6963500,153686000000,0,false,0
"NKG",141217,"/Date(1701069172000)/",22100,100,6963000,153675000000,0,false,0
"NKG",141217,"/Date(1701069172000)/",22100,2000,6962900,153673000000,0,false,0
"NKG",141217,"/Date(1701069169000)/",22100,500,6960900,153629000000,0,false,0
"NKG",141213,"/Date(1701069169000)/",22100,500,6960400,153618000000,0,false,0
"NKG",141213,"/Date(1701069167000)/",22100,700,6959900,153606000000,0,false,0
"NKG",141210,"/Date(1701069165000)/",22100,500,6959200,153591000000,0,false,0
"NKG",141204,"/Date(1701069157000)/",22100,100,6958700,153580000000,0,false,0
"NKG",141157,"/Date(1701069150000)/",22100,500,6958600,153578000000,0,false,0
"NKG",141157,"/Date(1701069150000)/",22100,1000,6958100,153567000000,0,false,0
"NKG",141151,"/Date(1701069146000)/",22050,100,6957100,153545000000,-50,true,-0.23
"NKG",141145,"/Date(1701069140000)/",22050,100,6957000,153542000000,-50,true,-0.23
"NKG",141135,"/Date(1701069130000)/",22050,3800,6956900,153540000000,-50,true,-0.23
"NKG",141135,"/Date(1701069130000)/",22050,1200,6953100,153456000000,-50,true,-0.23
"NKG",141126,"/Date(1701069121000)/",22050,5000,6951900,153430000000,-50,true,-0.23
"NKG",141122,"/Date(1701069116000)/",22050,3800,6946900,153320000000,-50,true,-0.23
"NKG",141122,"/Date(1701069116000)/",22050,100,6943100,153236000000,-50,true,-0.23
"NKG",141122,"/Date(1701069116000)/",22050,3000,6943000,153234000000,-50,true,-0.23
"NKG",141122,"/Date(1701069116000)/",22050,2000,6940000,153168000000,-50,true,-0.23
"NKG",141122,"/Date(1701069116000)/",22050,1100,6938000,153123000000,-50,true,-0.23
"NKG",141116,"/Date(1701069109000)/",22100,100,6936900,153099000000,0,false,0
"NKG",141113,"/Date(1701069108000)/",22100,500,6936800,153097000000,0,false,0
"NKG",141113,"/Date(1701069108000)/",22100,300,6936300,153086000000,0,false,0
"NKG",141113,"/Date(1701069108000)/",22100,500,6936000,153079000000,0,false,0
"NKG",141110,"/Date(1701069103000)/",22050,3000,6935500,153068000000,-50,true,-0.23
"NKG",141100,"/Date(1701069096000)/",22100,100,6932500,153002000000,0,false,0
"NKG",141054,"/Date(1701069088000)/",22050,200,6932400,153000000000,-50,true,-0.23
"NKG",141054,"/Date(1701069088000)/",22050,300,6932200,152995000000,-50,true,-0.23
"NKG",141050,"/Date(1701069086000)/",22100,200,6931900,152989000000,0,true,0
"NKG",141050,"/Date(1701069085000)/",22050,300,6931700,152984000000,-50,true,-0.23
"NKG",141050,"/Date(1701069085000)/",22050,1000,6931400,152978000000,-50,true,-0.23
"NKG",141050,"/Date(1701069085000)/",22100,400,6930400,152956000000,0,true,0
"NKG",141047,"/Date(1701069081000)/",22100,100,6930000,152947000000,0,false,0
"NKG",141044,"/Date(1701069077000)/",22100,200,6929900,152945000000,0,true,0
"NKG",141044,"/Date(1701069077000)/",22100,500,6929700,152940000000,0,true,0
"NKG",141044,"/Date(1701069077000)/",22100,500,6929200,152929000000,0,true,0
"NKG",141044,"/Date(1701069077000)/",22100,100,6928700,152918000000,0,true,0
"NKG",141044,"/Date(1701069077000)/",22100,1200,6928600,152916000000,0,true,0
"NKG",141044,"/Date(1701069077000)/",22100,500,6927400,152889000000,0,true,0
"NKG",141041,"/Date(1701069076000)/",22100,1000,6926900,152878000000,0,true,0
"NKG",141041,"/Date(1701069075000)/",22100,200,6925900,152856000000,0,true,0
"NKG",141038,"/Date(1701069073000)/",22100,2100,6925700,152852000000,0,true,0
"NKG",141038,"/Date(1701069073000)/",22100,100,6923600,152806000000,0,true,0
"NKG",141038,"/Date(1701069073000)/",22100,7800,6923500,152803000000,0,true,0
"NKG",141038,"/Date(1701069071000)/",22100,100,6915700,152631000000,0,true,0
"NKG",141031,"/Date(1701069065000)/",22100,500,6915600,152629000000,0,true,0
"NKG",141031,"/Date(1701069064000)/",22150,2000,6915100,152618000000,50,false,0.23
"NKG",141028,"/Date(1701069061000)/",22100,300,6913100,152573000000,0,true,0
"NKG",141022,"/Date(1701069055000)/",22150,1000,6912800,152567000000,50,false,0.23
"NKG",141019,"/Date(1701069051000)/",22100,1300,6911800,152545000000,0,true,0
"NKG",141019,"/Date(1701069051000)/",22100,500,6910500,152516000000,0,true,0
"NKG",141019,"/Date(1701069051000)/",22100,1000,6910000,152505000000,0,true,0
"NKG",141019,"/Date(1701069051000)/",22100,100,6909000,152483000000,0,true,0
"NKG",141019,"/Date(1701069051000)/",22100,1000,6908900,152480000000,0,true,0
"NKG",141019,"/Date(1701069051000)/",22100,1100,6907900,152458000000,0,true,0
"NKG",141015,"/Date(1701069050000)/",22150,900,6906800,152434000000,50,false,0.23
"NKG",141012,"/Date(1701069046000)/",22100,1900,6905900,152414000000,0,true,0
"NKG",141012,"/Date(1701069046000)/",22100,1000,6904000,152372000000,0,true,0
"NKG",141012,"/Date(1701069046000)/",22100,300,6903000,152350000000,0,true,0
"NKG",141012,"/Date(1701069045000)/",22150,500,6902700,152343000000,50,true,0.23
"NKG",141012,"/Date(1701069045000)/",22150,100,6902200,152332000000,50,true,0.23
"NKG",141012,"/Date(1701069045000)/",22150,200,6902100,152330000000,50,true,0.23
"NKG",141012,"/Date(1701069045000)/",22150,1000,6901900,152326000000,50,true,0.23
"NKG",141012,"/Date(1701069045000)/",22150,100,6900900,152304000000,50,true,0.23
"NKG",141012,"/Date(1701069045000)/",22150,100,6900800,152301000000,50,true,0.23
"NKG",141012,"/Date(1701069045000)/",22150,100,6900700,152299000000,50,true,0.23
"NKG",141012,"/Date(1701069045000)/",22150,500,6900600,152297000000,50,true,0.23
"NKG",141012,"/Date(1701069045000)/",22150,400,6900100,152286000000,50,true,0.23
"NKG",141012,"/Date(1701069045000)/",22150,1000,6899700,152277000000,50,true,0.23
"NKG",141009,"/Date(1701069044000)/",22200,500,6898700,152255000000,100,false,0.45
"NKG",141009,"/Date(1701069044000)/",22200,100,6898200,152244000000,100,false,0.45
"NKG",141009,"/Date(1701069044000)/",22200,9400,6898100,152242000000,100,false,0.45
"NKG",141009,"/Date(1701069044000)/",22150,9000,6888700,152033000000,50,true,0.23
"NKG",141009,"/Date(1701069044000)/",22150,10000,6879700,151833000000,50,true,0.23
"NKG",141009,"/Date(1701069044000)/",22150,2000,6869700,151612000000,50,true,0.23
"NKG",141009,"/Date(1701069044000)/",22150,500,6867700,151568000000,50,true,0.23
"NKG",141009,"/Date(1701069044000)/",22150,33500,6867200,151557000000,50,true,0.23
"NKG",141009,"/Date(1701069042000)/",22150,500,6833700,150815000000,50,true,0.23
"NKG",141006,"/Date(1701069041000)/",22150,1000,6833200,150804000000,50,true,0.23
"NKG",141003,"/Date(1701069038000)/",22150,100,6832200,150781000000,50,true,0.23
"NKG",141003,"/Date(1701069036000)/",22150,1000,6832100,150779000000,50,true,0.23
"NKG",140959,"/Date(1701069035000)/",22150,900,6831100,150757000000,50,true,0.23
"NKG",140959,"/Date(1701069034000)/",22150,500,6830200,150737000000,50,true,0.23
"NKG",140959,"/Date(1701069033000)/",22150,500,6829700,150726000000,50,true,0.23
"NKG",140956,"/Date(1701069031000)/",22150,1000,6829200,150715000000,50,true,0.23
"NKG",140956,"/Date(1701069029000)/",22150,1000,6828200,150693000000,50,true,0.23
"NKG",140953,"/Date(1701069027000)/",22150,100,6827200,150671000000,50,true,0.23
"NKG",140950,"/Date(1701069025000)/",22150,10000,6827100,150668000000,50,true,0.23
"NKG",140947,"/Date(1701069020000)/",22150,1000,6817100,150447000000,50,true,0.23
"NKG",140934,"/Date(1701069009000)/",22150,500,6816100,150425000000,50,true,0.23
"NKG",140931,"/Date(1701069005000)/",22150,3000,6815600,150414000000,50,true,0.23
"NKG",140927,"/Date(1701069002000)/",22150,2000,6812600,150347000000,50,true,0.23
"NKG",140921,"/Date(1701068996000)/",22150,200,6810600,150303000000,50,true,0.23
"NKG",140908,"/Date(1701068984000)/",22150,3000,6810400,150298000000,50,true,0.23
"NKG",140859,"/Date(1701068973000)/",22200,600,6807400,150232000000,100,false,0.45
"NKG",140859,"/Date(1701068973000)/",22200,300,6806800,150219000000,100,false,0.45
"NKG",140859,"/Date(1701068973000)/",22200,2000,6806500,150212000000,100,false,0.45
"NKG",140859,"/Date(1701068973000)/",22200,7000,6804500,150168000000,100,false,0.45
"NKG",140859,"/Date(1701068973000)/",22200,100,6797500,150012000000,100,false,0.45
"NKG",140852,"/Date(1701068965000)/",22200,4900,6797400,150010000000,100,true,0.45
"NKG",140852,"/Date(1701068965000)/",22200,200,6792500,149901000000,100,true,0.45
"NKG",140852,"/Date(1701068965000)/",22200,100,6792300,149897000000,100,true,0.45
"NKG",140852,"/Date(1701068965000)/",22200,4700,6792200,149895000000,100,true,0.45
"NKG",140849,"/Date(1701068963000)/",22200,500,6787500,149790000000,100,true,0.45
"NKG",140846,"/Date(1701068960000)/",22200,3900,6787000,149779000000,100,true,0.45
"NKG",140846,"/Date(1701068960000)/",22200,100,6783100,149693000000,100,true,0.45
"NKG",140846,"/Date(1701068960000)/",22200,5000,6783000,149690000000,100,true,0.45
"NKG",140846,"/Date(1701068960000)/",22200,1200,6778000,149579000000,100,true,0.45
"NKG",140846,"/Date(1701068960000)/",22200,2000,6776800,149553000000,100,true,0.45
"NKG",140846,"/Date(1701068960000)/",22200,100,6774800,149508000000,100,true,0.45
"NKG",140846,"/Date(1701068960000)/",22200,1000,6774700,149506000000,100,true,0.45
"NKG",140846,"/Date(1701068960000)/",22200,1500,6773700,149484000000,100,true,0.45
"NKG",140846,"/Date(1701068960000)/",22200,100,6772200,149451000000,100,true,0.45
"NKG",140846,"/Date(1701068960000)/",22200,1400,6772100,149448000000,100,true,0.45
"NKG",140846,"/Date(1701068960000)/",22200,100,6770700,149417000000,100,true,0.45
"NKG",140846,"/Date(1701068960000)/",22200,600,6770600,149415000000,100,true,0.45
"NKG",140846,"/Date(1701068960000)/",22200,500,6770000,149402000000,100,true,0.45
"NKG",140846,"/Date(1701068960000)/",22200,2500,6769500,149391000000,100,true,0.45
"NKG",140846,"/Date(1701068958000)/",22200,500,6767000,149335000000,100,true,0.45
"NKG",140840,"/Date(1701068954000)/",22200,100,6766500,149324000000,100,true,0.45
"NKG",140836,"/Date(1701068951000)/",22200,6900,6766400,149322000000,100,true,0.45
"NKG",140836,"/Date(1701068951000)/",22200,8100,6759500,149169000000,100,true,0.45
"NKG",140830,"/Date(1701068942000)/",22250,100,6751400,148989000000,150,false,0.68
"NKG",140820,"/Date(1701068934000)/",22250,3700,6751300,148987000000,150,false,0.68
"NKG",140820,"/Date(1701068934000)/",22250,5000,6747600,148904000000,150,false,0.68
"NKG",140820,"/Date(1701068934000)/",22250,8500,6742600,148793000000,150,false,0.68
"NKG",140820,"/Date(1701068934000)/",22250,3000,6734100,148604000000,150,false,0.68
"NKG",140820,"/Date(1701068934000)/",22250,200,6731100,148537000000,150,false,0.68
"NKG",140820,"/Date(1701068934000)/",22250,1000,6730900,148533000000,150,false,0.68
"NKG",140820,"/Date(1701068934000)/",22250,2000,6729900,148510000000,150,false,0.68
"NKG",140820,"/Date(1701068934000)/",22250,300,6727900,148466000000,150,false,0.68
"NKG",140820,"/Date(1701068934000)/",22250,300,6727600,148459000000,150,false,0.68
"NKG",140820,"/Date(1701068934000)/",22250,1000,6727300,148453000000,150,false,0.68
"NKG",140817,"/Date(1701068931000)/",22200,1900,6726300,148430000000,100,true,0.45
"NKG",140817,"/Date(1701068931000)/",22200,100,6724400,148388000000,100,true,0.45
"NKG",140811,"/Date(1701068926000)/",22250,400,6724300,148386000000,150,false,0.68
"NKG",140811,"/Date(1701068926000)/",22250,4600,6723900,148377000000,150,false,0.68
"NKG",140755,"/Date(1701068909000)/",22250,300,6719300,148275000000,150,false,0.68
"NKG",140748,"/Date(1701068904000)/",22250,1000,6719000,148268000000,150,false,0.68
"NKG",140748,"/Date(1701068904000)/",22250,100,6718000,148246000000,150,false,0.68
"NKG",140748,"/Date(1701068903000)/",22200,100,6717900,148244000000,100,true,0.45
"NKG",140745,"/Date(1701068900000)/",22250,800,6717800,148241000000,150,false,0.68
"NKG",140745,"/Date(1701068898000)/",22250,3000,6717000,148224000000,150,false,0.68
"NKG",140745,"/Date(1701068898000)/",22250,100,6714000,148157000000,150,false,0.68
"NKG",140745,"/Date(1701068898000)/",22250,200,6713900,148155000000,150,false,0.68
"NKG",140745,"/Date(1701068898000)/",22250,200,6713700,148150000000,150,false,0.68
"NKG",140735,"/Date(1701068891000)/",22200,800,6713500,148146000000,100,true,0.45
"NKG",140735,"/Date(1701068891000)/",22200,100,6712700,148128000000,100,true,0.45
"NKG",140735,"/Date(1701068891000)/",22200,300,6712600,148126000000,100,true,0.45
"NKG",140735,"/Date(1701068891000)/",22200,1800,6712300,148119000000,100,true,0.45
"NKG",140735,"/Date(1701068889000)/",22250,300,6710500,148079000000,150,false,0.68
"NKG",140735,"/Date(1701068889000)/",22250,2500,6710200,148072000000,150,false,0.68
"NKG",140735,"/Date(1701068888000)/",22250,1700,6707700,148017000000,150,false,0.68
"NKG",140732,"/Date(1701068887000)/",22250,800,6706000,147979000000,150,false,0.68
"NKG",140732,"/Date(1701068885000)/",22250,1000,6705200,147961000000,150,false,0.68
"NKG",140732,"/Date(1701068885000)/",22250,100,6704200,147939000000,150,false,0.68
"NKG",140732,"/Date(1701068885000)/",22250,500,6704100,147937000000,150,false,0.68
"NKG",140732,"/Date(1701068885000)/",22250,2100,6703600,147926000000,150,false,0.68
"NKG",140729,"/Date(1701068882000)/",22250,300,6701500,147879000000,150,true,0.68
"NKG",140729,"/Date(1701068882000)/",22250,100,6701200,147872000000,150,true,0.68
"NKG",140726,"/Date(1701068879000)/",22250,500,6701100,147870000000,150,true,0.68
"NKG",140723,"/Date(1701068877000)/",22250,200,6700600,147859000000,150,true,0.68
"NKG",140723,"/Date(1701068876000)/",22250,200,6700400,147854000000,150,true,0.68
"NKG",140719,"/Date(1701068874000)/",22250,2000,6700200,147850000000,150,true,0.68
"NKG",140719,"/Date(1701068872000)/",22250,1000,6698200,147805000000,150,true,0.68
"NKG",140716,"/Date(1701068870000)/",22250,1700,6697200,147783000000,150,true,0.68
"NKG",140716,"/Date(1701068870000)/",22300,1900,6695500,147745000000,200,false,0.9
"NKG",140716,"/Date(1701068870000)/",22300,100,6693600,147703000000,200,false,0.9
"NKG",140713,"/Date(1701068868000)/",22250,1000,6693500,147701000000,150,true,0.68
"NKG",140707,"/Date(1701068862000)/",22300,500,6692500,147678000000,200,false,0.9
"NKG",140707,"/Date(1701068862000)/",22250,1000,6692000,147667000000,150,true,0.68
"NKG",140707,"/Date(1701068861000)/",22250,100,6691000,147645000000,150,true,0.68
"NKG",140707,"/Date(1701068859000)/",22250,400,6690900,147643000000,150,true,0.68
"NKG",140703,"/Date(1701068857000)/",22250,1000,6690500,147634000000,150,true,0.68
"NKG",140703,"/Date(1701068857000)/",22250,500,6689500,147612000000,150,true,0.68
"NKG",140703,"/Date(1701068857000)/",22250,100,6689000,147601000000,150,true,0.68
"NKG",140703,"/Date(1701068857000)/",22250,1000,6688900,147598000000,150,true,0.68
"NKG",140703,"/Date(1701068857000)/",22250,2000,6687900,147576000000,150,true,0.68
"NKG",140703,"/Date(1701068857000)/",22250,200,6685900,147532000000,150,true,0.68
"NKG",140703,"/Date(1701068857000)/",22250,1000,6685700,147527000000,150,true,0.68
"NKG",140703,"/Date(1701068857000)/",22250,800,6684700,147505000000,150,true,0.68
"NKG",140700,"/Date(1701068852000)/",22200,200,6683900,147487000000,100,true,0.45
"NKG",140700,"/Date(1701068852000)/",22200,500,6683700,147483000000,100,true,0.45
"NKG",140700,"/Date(1701068852000)/",22200,100,6683200,147472000000,100,true,0.45
"NKG",140700,"/Date(1701068852000)/",22200,200,6683100,147469000000,100,true,0.45
"NKG",140657,"/Date(1701068852000)/",22200,100,6682900,147465000000,100,true,0.45
"NKG",140654,"/Date(1701068847000)/",22250,100,6682800,147463000000,150,false,0.68
"NKG",140651,"/Date(1701068843000)/",22200,1000,6682700,147460000000,100,true,0.45
"NKG",140644,"/Date(1701068838000)/",22250,100,6681700,147438000000,150,false,0.68
"NKG",140644,"/Date(1701068838000)/",22250,900,6681600,147436000000,150,false,0.68
"NKG",140644,"/Date(1701068838000)/",22200,300,6680700,147416000000,100,true,0.45
"NKG",140641,"/Date(1701068835000)/",22250,1000,6680400,147409000000,150,false,0.68
"NKG",140641,"/Date(1701068834000)/",22250,100,6679400,147387000000,150,false,0.68
"NKG",140638,"/Date(1701068830000)/",22250,2000,6679300,147385000000,150,false,0.68
"NKG",140631,"/Date(1701068826000)/",22200,400,6677300,147340000000,100,true,0.45
"NKG",140631,"/Date(1701068826000)/",22200,100,6676900,147331000000,100,true,0.45
"NKG",140628,"/Date(1701068822000)/",22300,4400,6676800,147329000000,200,false,0.9
"NKG",140628,"/Date(1701068822000)/",22300,2000,6672400,147231000000,200,false,0.9
"NKG",140628,"/Date(1701068822000)/",22300,100,6670400,147187000000,200,false,0.9
"NKG",140628,"/Date(1701068822000)/",22300,5000,6670300,147184000000,200,false,0.9
"NKG",140628,"/Date(1701068822000)/",22300,2000,6665300,147073000000,200,false,0.9
"NKG",140628,"/Date(1701068822000)/",22300,1000,6663300,147028000000,200,false,0.9
"NKG",140628,"/Date(1701068822000)/",22300,100,6662300,147006000000,200,false,0.9
"NKG",140628,"/Date(1701068822000)/",22300,10100,6662200,147004000000,200,false,0.9
"NKG",140628,"/Date(1701068822000)/",22300,100,6652100,146778000000,200,false,0.9
"NKG",140628,"/Date(1701068822000)/",22300,100,6652000,146776000000,200,false,0.9
"NKG",140628,"/Date(1701068822000)/",22300,1000,6651900,146774000000,200,false,0.9
"NKG",140628,"/Date(1701068822000)/",22300,1000,6650900,146752000000,200,false,0.9
"NKG",140628,"/Date(1701068822000)/",22300,1500,6649900,146729000000,200,false,0.9
"NKG",140628,"/Date(1701068822000)/",22300,100,6648400,146696000000,200,false,0.9
"NKG",140628,"/Date(1701068822000)/",22300,2500,6648300,146694000000,200,false,0.9
"NKG",140628,"/Date(1701068822000)/",22300,5000,6645800,146638000000,200,false,0.9
"NKG",140628,"/Date(1701068822000)/",22300,1000,6640800,146526000000,200,false,0.9
"NKG",140628,"/Date(1701068822000)/",22300,5000,6639800,146504000000,200,false,0.9
"NKG",140628,"/Date(1701068822000)/",22300,2000,6634800,146393000000,200,false,0.9
"NKG",140628,"/Date(1701068822000)/",22300,200,6632800,146348000000,200,false,0.9
"NKG",140628,"/Date(1701068822000)/",22300,2400,6632600,146344000000,200,false,0.9
"NKG",140628,"/Date(1701068822000)/",22300,200,6630200,146290000000,200,false,0.9
"NKG",140628,"/Date(1701068822000)/",22300,10000,6630000,146286000000,200,false,0.9
"NKG",140628,"/Date(1701068822000)/",22300,3000,6620000,146063000000,200,false,0.9
"NKG",140628,"/Date(1701068822000)/",22300,100,6617000,145996000000,200,false,0.9
"NKG",140628,"/Date(1701068822000)/",22300,1000,6616900,145993000000,200,false,0.9
"NKG",140628,"/Date(1701068822000)/",22300,10000,6615900,145971000000,200,false,0.9
"NKG",140628,"/Date(1701068822000)/",22300,1000,6605900,145748000000,200,false,0.9
"NKG",140628,"/Date(1701068822000)/",22300,5000,6604900,145726000000,200,false,0.9
"NKG",140628,"/Date(1701068822000)/",22300,3000,6599900,145614000000,200,false,0.9
"NKG",140628,"/Date(1701068822000)/",22300,1000,6596900,145547000000,200,false,0.9
"NKG",140628,"/Date(1701068822000)/",22300,13600,6595900,145525000000,200,false,0.9
"NKG",140628,"/Date(1701068822000)/",22250,2700,6582300,145222000000,150,false,0.68
"NKG",140628,"/Date(1701068822000)/",22250,30000,6579600,145162000000,150,false,0.68
"NKG",140628,"/Date(1701068822000)/",22250,100,6549600,144494000000,150,false,0.68
"NKG",140628,"/Date(1701068822000)/",22250,2000,6549500,144492000000,150,false,0.68
"NKG",140628,"/Date(1701068822000)/",22250,600,6547500,144448000000,150,false,0.68
"NKG",140628,"/Date(1701068822000)/",22250,3100,6546900,144434000000,150,false,0.68
"NKG",140625,"/Date(1701068820000)/",22250,200,6543800,144365000000,150,false,0.68
"NKG",140619,"/Date(1701068813000)/",22250,500,6543600,144361000000,150,false,0.68
"NKG",140619,"/Date(1701068811000)/",22250,200,6543100,144350000000,150,false,0.68
"NKG",140619,"/Date(1701068811000)/",22250,500,6542900,144345000000,150,false,0.68
"NKG",140619,"/Date(1701068811000)/",22250,100,6542400,144334000000,150,false,0.68
"NKG",140619,"/Date(1701068811000)/",22250,2100,6542300,144332000000,150,false,0.68
"NKG",140615,"/Date(1701068810000)/",22250,1000,6540200,144285000000,150,true,0.68
"NKG",140615,"/Date(1701068808000)/",22250,200,6539200,144263000000,150,true,0.68
"NKG",140612,"/Date(1701068807000)/",22250,300,6539000,144258000000,150,true,0.68
"NKG",140612,"/Date(1701068806000)/",22300,500,6538700,144252000000,200,false,0.9
"NKG",140606,"/Date(1701068800000)/",22250,200,6538200,144241000000,150,true,0.68
"NKG",140603,"/Date(1701068796000)/",22250,100,6538000,144236000000,150,false,0.68
"NKG",140603,"/Date(1701068796000)/",22250,100,6537900,144234000000,150,false,0.68
"NKG",140603,"/Date(1701068796000)/",22250,200,6537800,144232000000,150,false,0.68
"NKG",140603,"/Date(1701068796000)/",22250,2000,6537600,144227000000,150,false,0.68
"NKG",140603,"/Date(1701068796000)/",22250,1000,6535600,144183000000,150,false,0.68
"NKG",140603,"/Date(1701068796000)/",22250,2000,6534600,144161000000,150,false,0.68
"NKG",140603,"/Date(1701068796000)/",22250,200,6532600,144116000000,150,false,0.68
"NKG",140603,"/Date(1701068796000)/",22250,100,6532400,144112000000,150,false,0.68
"NKG",140603,"/Date(1701068796000)/",22250,500,6532300,144109000000,150,false,0.68
