"Stockcode","Package","TradingDate","Price","Vol","TotalVol","TotalVal","Change","IsBuy","PerChange"
"TIG",144517,"/Date(1701071101000)/",10500,160900,1807342,19119398100,-200,false,-1.87
"TIG",142959,"/Date(1701070199000)/",10500,2000,1646442,17429948100,-200,true,-1.87
"TIG",142942,"/Date(1701070182000)/",10500,3000,1644442,17408948100,-200,true,-1.87
"TIG",142910,"/Date(1701070150000)/",10500,1000,1641442,17377448100,-200,true,-1.87
"TIG",142836,"/Date(1701070116000)/",10600,2000,1640442,17366948100,-100,false,-0.93
"TIG",142835,"/Date(1701070115000)/",10500,5000,1638442,17345748100,-200,true,-1.87
"TIG",142759,"/Date(1701070079000)/",10500,1000,1633442,17293248100,-200,true,-1.87
"TIG",142758,"/Date(1701070078000)/",10600,100,1632442,17282748100,-100,false,-0.93
"TIG",142645,"/Date(1701070005000)/",10600,1000,1632342,17281688100,-100,false,-0.93
"TIG",142635,"/Date(1701069995000)/",10500,300,1631342,17271088100,-200,true,-1.87
"TIG",142602,"/Date(1701069962000)/",10500,500,1631042,17267938100,-200,true,-1.87
"TIG",142552,"/Date(1701069952000)/",10500,500,1630542,17262688100,-200,true,-1.87
"TIG",142551,"/Date(1701069951000)/",10500,28000,1630042,17257438100,-200,true,-1.87
"TIG",142548,"/Date(1701069948000)/",10400,2000,1602042,16963638100,-300,true,-2.8
"TIG",142515,"/Date(1701069915000)/",10400,200,1600042,16942838100,-300,true,-2.8
"TIG",142419,"/Date(1701069859000)/",10400,1000,1599842,16940758100,-300,true,-2.8
"TIG",142400,"/Date(1701069840000)/",10400,30000,1598842,16930358100,-300,true,-2.8
"TIG",142322,"/Date(1701069802000)/",10500,100,1568842,16618358100,-200,false,-1.87
"TIG",142232,"/Date(1701069752000)/",10500,5000,1568742,16617308100,-200,false,-1.87
"TIG",142220,"/Date(1701069740000)/",10500,3000,1563742,16564808100,-200,false,-1.87
"TIG",142157,"/Date(1701069717000)/",10500,500,1560742,16533308100,-200,false,-1.87
"TIG",142116,"/Date(1701069676000)/",10500,13000,1560242,16528058100,-200,false,-1.87
"TIG",142100,"/Date(1701069660000)/",10500,6000,1547242,16391558100,-200,true,-1.87
"TIG",141947,"/Date(1701069588000)/",10600,500,1541242,16328558100,-100,false,-0.93
"TIG",141754,"/Date(1701069474000)/",10600,3600,1540742,16323258100,-100,false,-0.93
"TIG",141644,"/Date(1701069404000)/",10600,1000,1537142,16285098100,-100,false,-0.93
"TIG",141518,"/Date(1701069319000)/",10500,9000,1536142,16274498100,-200,true,-1.87
"TIG",141408,"/Date(1701069248000)/",10500,1900,1527142,16179998100,-200,true,-1.87
"TIG",141327,"/Date(1701069208000)/",10500,300,1525242,16160048100,-200,true,-1.87
"TIG",141132,"/Date(1701069093000)/",10600,1000,1524942,16156898100,-100,false,-0.93
"TIG",141052,"/Date(1701069053000)/",10600,5000,1523942,16146298100,-100,false,-0.93
"TIG",141021,"/Date(1701069022000)/",10600,42100,1518942,16093298100,-100,true,-0.93
"TIG",141005,"/Date(1701069006000)/",10600,1000,1476842,15647038100,-100,true,-0.93
"TIG",140922,"/Date(1701068963000)/",10700,1400,1475842,15636438100,0,false,0
"TIG",140806,"/Date(1701068887000)/",10700,7500,1474442,15621458100,0,false,0
"TIG",140728,"/Date(1701068849000)/",10700,50000,1466942,15541208100,0,false,0
"TIG",140705,"/Date(1701068826000)/",10700,4500,1416942,15006208100,0,false,0
"TIG",140655,"/Date(1701068816000)/",10700,3000,1412442,14958058100,0,false,0
"TIG",140643,"/Date(1701068804000)/",10700,400,1409442,14925958100,0,false,0
"TIG",140635,"/Date(1701068796000)/",10700,2000,1409042,14921678100,0,false,0
"TIG",140628,"/Date(1701068789000)/",10700,1000,1407042,14900278100,0,false,0
"TIG",140556,"/Date(1701068757000)/",10700,15000,1406042,14889578100,0,false,0
"TIG",140534,"/Date(1701068734000)/",10700,1800,1391042,14729078100,0,false,0
"TIG",140517,"/Date(1701068718000)/",10700,3600,1389242,14709818100,0,false,0
"TIG",140455,"/Date(1701068696000)/",10700,10000,1385642,14671298100,0,false,0
"TIG",140452,"/Date(1701068693000)/",10600,1800,1375642,14564298100,-100,true,-0.93
"TIG",140445,"/Date(1701068686000)/",10600,2100,1373842,14545218100,-100,true,-0.93
"TIG",140442,"/Date(1701068683000)/",10600,10000,1371742,14522958100,-100,false,-0.93
"TIG",140431,"/Date(1701068672000)/",10600,1000,1361742,14416958100,-100,false,-0.93
"TIG",140421,"/Date(1701068662000)/",10600,15000,1360742,14406358100,-100,false,-0.93
"TIG",140410,"/Date(1701068651000)/",10600,2000,1345742,14247358100,-100,false,-0.93
"TIG",140405,"/Date(1701068646000)/",10600,100,1343742,14226158100,-100,false,-0.93
"TIG",140400,"/Date(1701068641000)/",10600,2500,1343642,14225098100,-100,false,-0.93
"TIG",140340,"/Date(1701068621000)/",10600,5000,1341142,14198598100,-100,false,-0.93
"TIG",140335,"/Date(1701068616000)/",10600,5800,1336142,14145598100,-100,false,-0.93
"TIG",140319,"/Date(1701068600000)/",10600,31000,1330342,14084118100,-100,false,-0.93
"TIG",140318,"/Date(1701068599000)/",10600,20000,1299342,13755518100,-100,false,-0.93
"TIG",140249,"/Date(1701068570000)/",10600,800,1279342,13543518100,-100,false,-0.93
"TIG",140110,"/Date(1701068471000)/",10600,1500,1278542,13535038100,-100,false,-0.93
"TIG",135906,"/Date(1701068347000)/",10600,10000,1277042,13519138100,-100,false,-0.93
"TIG",135734,"/Date(1701068255000)/",10600,100,1267042,13413138100,-100,false,-0.93
"TIG",135645,"/Date(1701068206000)/",10500,300,1266942,13412078100,-200,false,-1.87
"TIG",135624,"/Date(1701068185000)/",10500,400,1266642,13408928100,-200,false,-1.87
"TIG",135614,"/Date(1701068175000)/",10500,300,1266242,13404728100,-200,true,-1.87
"TIG",135600,"/Date(1701068161000)/",10600,300,1265942,13401578100,-100,false,-0.93
"TIG",135430,"/Date(1701068071000)/",10500,300,1265642,13398398100,-200,true,-1.87
"TIG",135407,"/Date(1701068048000)/",10500,400,1265342,13395248100,-200,false,-1.87
"TIG",135343,"/Date(1701068024000)/",10500,300,1264942,13391048100,-200,false,-1.87
"TIG",135247,"/Date(1701067967000)/",10500,200,1264642,13387898100,-200,true,-1.87
"TIG",135213,"/Date(1701067933000)/",10500,5100,1264442,13385798100,-200,true,-1.87
"TIG",135010,"/Date(1701067810000)/",10500,700,1259342,13332248100,-200,false,-1.87
"TIG",134934,"/Date(1701067774000)/",10500,14000,1258642,13324898100,-200,false,-1.87
"TIG",134827,"/Date(1701067707000)/",10500,1000,1244642,13177898100,-200,false,-1.87
"TIG",134658,"/Date(1701067618000)/",10400,2000,1243642,13167398100,-300,true,-2.8
"TIG",134556,"/Date(1701067556000)/",10500,68100,1241642,13146598100,-200,false,-1.87
"TIG",134409,"/Date(1701067449000)/",10600,800,1173542,12431548100,-100,false,-0.93
"TIG",134257,"/Date(1701067377000)/",10600,100,1172742,12423068100,-100,false,-0.93
"TIG",134128,"/Date(1701067288000)/",10600,4000,1172642,12422008100,-100,false,-0.93
"TIG",133917,"/Date(1701067157000)/",10600,300,1168642,12379608100,-100,false,-0.93
"TIG",133837,"/Date(1701067117000)/",10600,100,1168342,12376428100,-100,false,-0.93
"TIG",133646,"/Date(1701067006000)/",10600,1500,1168242,12375368100,-100,false,-0.93
"TIG",133513,"/Date(1701066913000)/",10500,300,1166742,12359468100,-200,true,-1.87
"TIG",133340,"/Date(1701066820000)/",10600,3000,1166442,12356318100,-100,false,-0.93
"TIG",133225,"/Date(1701066745000)/",10500,500,1163442,12324518100,-200,true,-1.87
"TIG",133158,"/Date(1701066718000)/",10500,500,1162942,12319268100,-200,true,-1.87
"TIG",133137,"/Date(1701066697000)/",10500,200,1162442,12314018100,-200,true,-1.87
"TIG",133010,"/Date(1701066610000)/",10500,1400,1162242,12311918100,-200,true,-1.87
"TIG",132947,"/Date(1701066587000)/",10500,135,1160842,12297218100,-200,false,-1.87
"TIG",132923,"/Date(1701066563000)/",10500,2000,1160707,12295800600,-200,false,-1.87
"TIG",132809,"/Date(1701066489000)/",10500,300,1158707,12274800600,-200,true,-1.87
"TIG",132800,"/Date(1701066480000)/",10500,300,1158407,12271650600,-200,true,-1.87
"TIG",132604,"/Date(1701066364000)/",10500,1600,1158107,12268500600,-200,true,-1.87
"TIG",132528,"/Date(1701066328000)/",10600,5000,1156507,12251700600,-100,false,-0.93
"TIG",132438,"/Date(1701066278000)/",10500,300,1151507,12198700600,-200,true,-1.87
"TIG",132425,"/Date(1701066265000)/",10500,1000,1151207,12195550600,-200,true,-1.87
"TIG",132359,"/Date(1701066239000)/",10500,1600,1150207,12185050600,-200,true,-1.87
"TIG",132337,"/Date(1701066217000)/",10500,1000,1148607,12168250600,-200,false,-1.87
"TIG",132243,"/Date(1701066163000)/",10500,29400,1147607,12157750600,-200,true,-1.87
"TIG",132055,"/Date(1701066055000)/",10500,10000,1118207,11849050600,-200,true,-1.87
"TIG",132020,"/Date(1701066020000)/",10500,1200,1108207,11744050600,-200,true,-1.87
"TIG",131821,"/Date(1701065901000)/",10500,500,1107007,11731450600,-200,true,-1.87
"TIG",131558,"/Date(1701065758000)/",10500,1300,1106507,11726200600,-200,true,-1.87
"TIG",131347,"/Date(1701065627000)/",10600,100,1105207,11712550600,-100,false,-0.93
"TIG",131313,"/Date(1701065593000)/",10600,1800,1105107,11711490600,-100,false,-0.93
"TIG",131047,"/Date(1701065447000)/",10500,400,1103307,11692410600,-200,true,-1.87
"TIG",130954,"/Date(1701065394000)/",10600,10000,1102907,11688210600,-100,false,-0.93
"TIG",130917,"/Date(1701065357000)/",10500,6,1092907,11582210600,-200,true,-1.87
"TIG",130724,"/Date(1701065245000)/",10500,4800,1092901,11582147600,-200,false,-1.87
"TIG",130713,"/Date(1701065233000)/",10500,300,1088101,11531747600,-200,false,-1.87
"TIG",130640,"/Date(1701065201000)/",10500,5000,1087801,11528597600,-200,false,-1.87
"TIG",130552,"/Date(1701065152000)/",10500,8000,1082801,11476097600,-200,false,-1.87
"TIG",130535,"/Date(1701065136000)/",10500,1900,1074801,11392097600,-200,true,-1.87
"TIG",130303,"/Date(1701064984000)/",10500,2100,1072901,11372147600,-200,false,-1.87
"TIG",130232,"/Date(1701064953000)/",10500,5000,1070801,11350097600,-200,false,-1.87
"TIG",130148,"/Date(1701064909000)/",10500,16400,1065801,11297597600,-200,false,-1.87
"TIG",130030,"/Date(1701064807000)/",10400,139300,1049401,11125397600,-300,true,-2.8
"TIG",130023,"/Date(1701064803000)/",10600,2000,910101,9675417600,-100,false,-0.93
"TIG",130016,"/Date(1701064802000)/",10600,10,908101,9654217600,-100,false,-0.93
"TIG",112749,"/Date(1701059269000)/",10600,2000,908091,9654112600,-100,false,-0.93
"TIG",112518,"/Date(1701059118000)/",10600,1000,906091,9632912600,-100,false,-0.93
"TIG",112200,"/Date(1701058920000)/",10500,21000,905091,9622312600,-200,true,-1.87
"TIG",112154,"/Date(1701058914000)/",10500,1000,884091,9401812600,-200,false,-1.87
"TIG",112026,"/Date(1701058826000)/",10500,28000,883091,9391312600,-200,true,-1.87
"TIG",111908,"/Date(1701058748000)/",10600,100,855091,9097312600,-100,false,-0.93
"TIG",111557,"/Date(1701058557000)/",10500,300,854991,9096252600,-200,true,-1.87
"TIG",111257,"/Date(1701058377000)/",10600,10000,854691,9093102600,-100,false,-0.93
"TIG",111225,"/Date(1701058345000)/",10600,100,844691,8987102600,-100,false,-0.93
"TIG",111033,"/Date(1701058232000)/",10500,3000,844591,8986042600,-200,true,-1.87
"TIG",111029,"/Date(1701058228000)/",10500,2000,841591,8954542600,-200,false,-1.87
"TIG",110839,"/Date(1701058118000)/",10400,35000,839591,8933542600,-300,true,-2.8
"TIG",110637,"/Date(1701057996000)/",10600,100,804591,8566072600,-100,false,-0.93
"TIG",110618,"/Date(1701057977000)/",10600,2000,804491,8565012600,-100,false,-0.93
"TIG",110543,"/Date(1701057942000)/",10500,8500,802491,8543812600,-200,true,-1.87
"TIG",110441,"/Date(1701057880000)/",10500,35000,793991,8454562600,-200,true,-1.87
"TIG",110405,"/Date(1701057844000)/",10500,100000,758991,8087062600,-200,true,-1.87
"TIG",105752,"/Date(1701057471000)/",10600,100,658991,7037062600,-100,false,-0.93
"TIG",105607,"/Date(1701057366000)/",10600,1900,658891,7036002600,-100,true,-0.93
"TIG",105354,"/Date(1701057233000)/",10700,1000,656991,7015862600,0,false,0
"TIG",104928,"/Date(1701056967000)/",10600,8800,655991,7005162600,-100,true,-0.93
"TIG",104650,"/Date(1701056810000)/",10600,70,647191,6911882600,-100,false,-0.93
"TIG",104624,"/Date(1701056784000)/",10600,1000,647121,6911140600,-100,false,-0.93
"TIG",104603,"/Date(1701056763000)/",10600,1000,646121,6900540600,-100,false,-0.93
"TIG",104600,"/Date(1701056759000)/",10600,1000,645121,6889940600,-100,false,-0.93
"TIG",104555,"/Date(1701056755000)/",10600,1000,644121,6879340600,-100,false,-0.93
"TIG",104447,"/Date(1701056687000)/",10600,100,643121,6868740600,-100,false,-0.93
"TIG",104429,"/Date(1701056669000)/",10600,13600,643021,6867680600,-100,true,-0.93
"TIG",104409,"/Date(1701056649000)/",10600,300,629421,6723520600,-100,true,-0.93
"TIG",104002,"/Date(1701056402000)/",10700,300,629121,6720340600,0,false,0
"TIG",103947,"/Date(1701056387000)/",10600,200,628821,6717130600,-100,true,-0.93
"TIG",103842,"/Date(1701056322000)/",10600,1500,628621,6715010600,-100,true,-0.93
"TIG",103708,"/Date(1701056228000)/",10600,1000,627121,6699110600,-100,true,-0.93
"TIG",103543,"/Date(1701056143000)/",10600,200,626121,6688510600,-100,true,-0.93
"TIG",103330,"/Date(1701056010000)/",10700,2000,625921,6686390600,0,false,0
"TIG",103102,"/Date(1701055862000)/",10700,500,623921,6664990600,0,false,0
"TIG",102947,"/Date(1701055787000)/",10700,2000,623421,6659640600,0,false,0
"TIG",102632,"/Date(1701055592000)/",10700,8000,621421,6638240600,0,false,0
"TIG",102450,"/Date(1701055490000)/",10700,200,613421,6552640600,0,false,0
"TIG",102247,"/Date(1701055367000)/",10700,3500,613221,6550500600,0,false,0
"TIG",101742,"/Date(1701055062000)/",10600,2000,609721,6513050600,-100,true,-0.93
"TIG",101628,"/Date(1701054988000)/",10600,2000,607721,6491850600,-100,true,-0.93
"TIG",101457,"/Date(1701054897000)/",10600,1000,605721,6470650600,-100,true,-0.93
"TIG",101228,"/Date(1701054748000)/",10700,5000,604721,6460050600,0,false,0
"TIG",101006,"/Date(1701054606000)/",10600,300,599721,6406550600,-100,true,-0.93
"TIG",100840,"/Date(1701054520000)/",10600,7000,599421,6403370600,-100,false,-0.93
"TIG",100815,"/Date(1701054495000)/",10600,400,592421,6329170600,-100,false,-0.93
"TIG",100611,"/Date(1701054370000)/",10500,3000,592021,6324930600,-200,true,-1.87
"TIG",100557,"/Date(1701054356000)/",10600,1000,589021,6293430600,-100,false,-0.93
"TIG",100551,"/Date(1701054350000)/",10600,5000,588021,6282830600,-100,false,-0.93
"TIG",100550,"/Date(1701054349000)/",10600,500,583021,6229830600,-100,false,-0.93
"TIG",100530,"/Date(1701054329000)/",10600,500,582521,6224530600,-100,false,-0.93
"TIG",100409,"/Date(1701054248000)/",10600,800,582021,6219230600,-100,false,-0.93
"TIG",100346,"/Date(1701054225000)/",10600,200,581221,6210750600,-100,false,-0.93
"TIG",100336,"/Date(1701054215000)/",10500,800,581021,6208630600,-200,true,-1.87
"TIG",100236,"/Date(1701054155000)/",10600,29600,580221,6200230600,-100,true,-0.93
"TIG",100030,"/Date(1701054029000)/",10700,500,550621,5886470600,0,false,0
"TIG",100000,"/Date(1701053999000)/",10700,5200,550121,5881120600,0,true,0
"TIG",95943,"/Date(1701053982000)/",10700,14800,544921,5825480600,0,false,0
"TIG",95710,"/Date(1701053829000)/",10700,10000,530121,5667120600,0,false,0
"TIG",95519,"/Date(1701053718000)/",10600,3000,520121,5560120600,-100,true,-0.93
"TIG",95302,"/Date(1701053582000)/",10700,600,517121,5528320600,0,false,0
"TIG",95031,"/Date(1701053431000)/",10700,2000,516521,5521900600,0,false,0
"TIG",94816,"/Date(1701053296000)/",10700,5000,514521,5500500600,0,false,0
"TIG",94714,"/Date(1701053234000)/",10600,100,509521,5447090600,-100,false,-0.93
"TIG",94631,"/Date(1701053191000)/",10600,1000,509421,5446030600,-100,false,-0.93
"TIG",94624,"/Date(1701053184000)/",10600,100,508421,5435430600,-100,false,-0.93
"TIG",94614,"/Date(1701053174000)/",10600,1500,508321,5434370600,-100,false,-0.93
"TIG",94543,"/Date(1701053143000)/",10600,100,506821,5418470600,-100,false,-0.93
"TIG",94535,"/Date(1701053135000)/",10600,200,506721,5417410600,-100,false,-0.93
"TIG",94531,"/Date(1701053131000)/",10500,500,506521,5415290600,-200,true,-1.87
"TIG",94445,"/Date(1701053085000)/",10600,200,506021,5410040600,-100,false,-0.93
"TIG",94441,"/Date(1701053081000)/",10600,100,505821,5407920600,-100,false,-0.93
"TIG",94358,"/Date(1701053038000)/",10600,200,505721,5406860600,-100,false,-0.93
"TIG",94342,"/Date(1701053022000)/",10600,100,505521,5404740600,-100,false,-0.93
"TIG",94339,"/Date(1701053019000)/",10600,200,505421,5403680600,-100,false,-0.93
"TIG",94323,"/Date(1701053003000)/",10600,500,505221,5401560600,-100,false,-0.93
"TIG",94240,"/Date(1701052960000)/",10600,2300,504721,5396260600,-100,true,-0.93
"TIG",94204,"/Date(1701052924000)/",10600,1300,502421,5371880600,-100,true,-0.93
"TIG",94129,"/Date(1701052889000)/",10700,500,501121,5358100600,0,false,0
"TIG",93923,"/Date(1701052763000)/",10600,4100,500621,5352750600,-100,true,-0.93
"TIG",93921,"/Date(1701052761000)/",10600,2500,496521,5309290600,-100,false,-0.93
"TIG",93837,"/Date(1701052717000)/",10600,13400,494021,5282790600,-100,false,-0.93
"TIG",93744,"/Date(1701052664000)/",10600,1000,480621,5140750600,-100,true,-0.93
"TIG",93719,"/Date(1701052639000)/",10700,100,479621,5130150600,0,false,0
"TIG",93646,"/Date(1701052606000)/",10700,5000,479521,5129080600,0,false,0
"TIG",93353,"/Date(1701052433000)/",10700,200,474521,5075580600,0,false,0
"TIG",93241,"/Date(1701052361000)/",10600,5100,474321,5073440600,-100,true,-0.93
"TIG",93225,"/Date(1701052345000)/",10600,3500,469221,5019380600,-100,true,-0.93
"TIG",93156,"/Date(1701052316000)/",10600,4900,465721,4982280600,-100,true,-0.93
"TIG",93140,"/Date(1701052300000)/",10600,200,460821,4930340600,-100,true,-0.93
"TIG",93124,"/Date(1701052284000)/",10500,6700,460621,4928220600,-200,true,-1.87
"TIG",93108,"/Date(1701052268000)/",10500,18,453921,4857870600,-200,true,-1.87
"TIG",93041,"/Date(1701052241000)/",10500,6700,453903,4857681600,-200,true,-1.87
"TIG",93037,"/Date(1701052237000)/",10500,2200,447203,4787331600,-200,true,-1.87
"TIG",93004,"/Date(1701052204000)/",10500,5300,445003,4764231600,-200,true,-1.87
"TIG",92958,"/Date(1701052198000)/",10500,6700,439703,4708581600,-200,true,-1.87
"TIG",92954,"/Date(1701052194000)/",10500,1800,433003,4638231600,-200,true,-1.87
"TIG",92927,"/Date(1701052167000)/",10500,5300,431203,4619331600,-200,true,-1.87
"TIG",92921,"/Date(1701052161000)/",10500,6700,425903,4563681600,-200,true,-1.87
"TIG",92903,"/Date(1701052143000)/",10500,3900,419203,4493331600,-200,true,-1.87
"TIG",92848,"/Date(1701052128000)/",10500,5300,415303,4452381600,-200,true,-1.87
"TIG",92840,"/Date(1701052120000)/",10500,6700,410003,4396731600,-200,true,-1.87
"TIG",92833,"/Date(1701052113000)/",10700,100,403303,4326351600,0,false,0
"TIG",92809,"/Date(1701052089000)/",10500,6600,403203,4325281600,-200,true,-1.87
"TIG",92755,"/Date(1701052075000)/",10500,3800,396603,4255781600,-200,true,-1.87
"TIG",92754,"/Date(1701052074000)/",10500,5200,392803,4215881600,-200,true,-1.87
"TIG",92748,"/Date(1701052068000)/",10700,2200,387603,4161261600,0,false,0
"TIG",92729,"/Date(1701052049000)/",10600,10000,385403,4137771600,-100,false,-0.93
"TIG",92728,"/Date(1701052048000)/",10500,6600,375403,4031771600,-200,true,-1.87
"TIG",92721,"/Date(1701052041000)/",10500,5200,368803,3962471600,-200,true,-1.87
"TIG",92718,"/Date(1701052038000)/",10600,500,363603,3907871600,-100,false,-0.93
"TIG",92706,"/Date(1701052026000)/",10500,600,363103,3902571600,-200,true,-1.87
"TIG",92654,"/Date(1701052014000)/",10600,2500,362503,3896271600,-100,false,-0.93
"TIG",92650,"/Date(1701052010000)/",10500,1000,360003,3869771600,-200,true,-1.87
"TIG",92649,"/Date(1701052009000)/",10600,37500,359003,3859221600,-100,true,-0.93
"TIG",92642,"/Date(1701052002000)/",10600,800,321503,3461721600,-100,true,-0.93
"TIG",92640,"/Date(1701052000000)/",10600,300,320703,3453241600,-100,true,-0.93
"TIG",92639,"/Date(1701051999000)/",10600,3800,320403,3450061600,-100,true,-0.93
"TIG",92637,"/Date(1701051997000)/",10600,5200,316603,3409781600,-100,true,-0.93
"TIG",92635,"/Date(1701051995000)/",10600,1700,311403,3354661600,-100,true,-0.93
"TIG",92630,"/Date(1701051990000)/",10600,500,309703,3336641600,-100,true,-0.93
"TIG",92623,"/Date(1701051983000)/",10600,6600,309203,3331341600,-100,true,-0.93
"TIG",92619,"/Date(1701051979000)/",10900,2000,302603,3261381600,200,false,1.87
"TIG",92606,"/Date(1701051966000)/",10600,300,300603,3239581600,-100,true,-0.93
"TIG",92601,"/Date(1701051961000)/",10600,500,300303,3236401600,-100,true,-0.93
"TIG",92600,"/Date(1701051960000)/",10600,1100,299803,3231101600,-100,true,-0.93
"TIG",92558,"/Date(1701051958000)/",10600,7200,298703,3219441600,-100,true,-0.93
"TIG",92557,"/Date(1701051957000)/",10600,100,291503,3143121600,-100,true,-0.93
"TIG",92553,"/Date(1701051953000)/",10600,5200,291403,3142061600,-100,true,-0.93
"TIG",92552,"/Date(1701051952000)/",10600,3800,286203,3086941600,-100,true,-0.93
"TIG",92551,"/Date(1701051951000)/",10600,600,282403,3046661600,-100,true,-0.93
"TIG",92549,"/Date(1701051949000)/",10700,100,281803,3040291600,0,true,0
"TIG",92545,"/Date(1701051945000)/",10600,100,281703,3039221600,-100,true,-0.93
"TIG",92544,"/Date(1701051944000)/",10600,6300,281603,3038161600,-100,true,-0.93
"TIG",92543,"/Date(1701051943000)/",10900,30000,275303,2971081600,200,false,1.87
"TIG",92542,"/Date(1701051942000)/",10700,100,245303,2646541600,0,true,0
"TIG",92541,"/Date(1701051941000)/",10700,500,245203,2645471600,0,true,0
"TIG",92540,"/Date(1701051940000)/",10700,300,244703,2640121600,0,true,0
"TIG",92539,"/Date(1701051939000)/",10700,1100,244403,2636911600,0,true,0
"TIG",92535,"/Date(1701051935000)/",10700,200,243303,2625141600,0,true,0
"TIG",92534,"/Date(1701051934000)/",10700,500,243103,2623001600,0,true,0
"TIG",92532,"/Date(1701051932000)/",10700,8400,242603,2617651600,0,true,0
"TIG",92529,"/Date(1701051929000)/",10700,300,234203,2527771600,0,true,0
"TIG",92527,"/Date(1701051927000)/",10700,600,233903,2524561600,0,true,0
"TIG",92522,"/Date(1701051922000)/",10700,100,233303,2518141600,0,true,0
"TIG",92515,"/Date(1701051915000)/",10800,30000,233203,2517071600,100,false,0.93
"TIG",92437,"/Date(1701051877000)/",10800,2,203203,2193071600,100,false,0.93
"TIG",92422,"/Date(1701051862000)/",10800,1600,203201,2193050400,100,false,0.93
"TIG",92353,"/Date(1701051833000)/",10900,6500,201601,2175770400,200,false,1.87
"TIG",92336,"/Date(1701051815000)/",10900,2000,195101,2104920400,200,false,1.87
"TIG",92319,"/Date(1701051798000)/",10900,20000,193101,2083120400,200,false,1.87
"TIG",92251,"/Date(1701051770000)/",10900,100000,173101,1865120400,200,false,1.87
"TIG",92146,"/Date(1701051705000)/",10700,3000,73101,781680400,0,false,0
"TIG",92134,"/Date(1701051693000)/",10700,10000,70101,749580400,0,false,0
"TIG",91922,"/Date(1701051561000)/",10600,2000,60101,642580400,-100,true,-0.93
"TIG",91841,"/Date(1701051520000)/",10700,13000,58101,621380400,0,false,0
"TIG",91755,"/Date(1701051474000)/",10700,1000,45101,482280400,0,true,0
"TIG",91750,"/Date(1701051469000)/",10700,7000,44101,471580400,0,true,0
"TIG",91734,"/Date(1701051454000)/",10700,1000,37101,396680400,0,false,0
"TIG",91727,"/Date(1701051447000)/",10600,3000,36101,385980400,-100,true,-0.93
"TIG",91714,"/Date(1701051434000)/",10700,5000,33101,354180400,0,false,0
"TIG",91645,"/Date(1701051405000)/",10700,1,28101,300680400,0,false,0
"TIG",91538,"/Date(1701051338000)/",10700,4500,28100,300670000,0,false,0
"TIG",91332,"/Date(1701051211000)/",10700,20000,23600,252520000,0,false,0
"TIG",90439,"/Date(1701050679000)/",10700,2500,3600,38520000,0,true,0
"TIG",90256,"/Date(1701050576000)/",10700,600,1100,11770000,0,true,0
"TIG",90024,"/Date(1701050405000)/",10700,400,500,5350000,0,true,0
"TIG",90019,"/Date(1701050404000)/",10700,100,100,1070000,0,false,0
