"Stockcode","Package","TradingDate","Price","Vol","TotalVol","TotalVal","Change","IsBuy","PerChange"
"VC3",144521,"/Date(1701071102000)/",23700,11000,411224,9694111600,0,false,0
"VC3",142953,"/Date(1701070194000)/",23500,5000,400224,9433411600,-200,true,-0.84
"VC3",142901,"/Date(1701070142000)/",23600,700,395224,9315911600,-100,true,-0.42
"VC3",142856,"/Date(1701070137000)/",23600,3300,394524,9299391600,-100,true,-0.42
"VC3",142855,"/Date(1701070136000)/",23500,5000,391224,9221511600,-200,true,-0.84
"VC3",142824,"/Date(1701070105000)/",23600,100,386224,9104011600,-100,false,-0.42
"VC3",142730,"/Date(1701070051000)/",23600,200,386124,9101651600,-100,false,-0.42
"VC3",142710,"/Date(1701070031000)/",23600,100,385924,9096931600,-100,false,-0.42
"VC3",142634,"/Date(1701069995000)/",23500,300,385824,9094571600,-200,true,-0.84
"VC3",142557,"/Date(1701069958000)/",23600,200,385524,9087521600,-100,false,-0.42
"VC3",142506,"/Date(1701069907000)/",23600,100,385324,9082801600,-100,false,-0.42
"VC3",142452,"/Date(1701069893000)/",23600,600,385224,9080441600,-100,false,-0.42
"VC3",142441,"/Date(1701069882000)/",23600,500,384624,9066281600,-100,false,-0.42
"VC3",142433,"/Date(1701069874000)/",23600,700,384124,9054481600,-100,false,-0.42
"VC3",142421,"/Date(1701069862000)/",23600,500,383424,9037961600,-100,false,-0.42
"VC3",142410,"/Date(1701069851000)/",23600,900,382924,9026161600,-100,false,-0.42
"VC3",142327,"/Date(1701069808000)/",23600,100,382024,9004921600,-100,false,-0.42
"VC3",142245,"/Date(1701069766000)/",23600,300,381924,9002561600,-100,false,-0.42
"VC3",142147,"/Date(1701069708000)/",23600,100,381624,8995481600,-100,false,-0.42
"VC3",142101,"/Date(1701069661000)/",23600,200,381524,8993121600,-100,false,-0.42
"VC3",141928,"/Date(1701069568000)/",23600,100,381324,8988401600,-100,false,-0.42
"VC3",141921,"/Date(1701069561000)/",23600,200,381224,8986041600,-100,false,-0.42
"VC3",141742,"/Date(1701069462000)/",23600,100,381024,8981321600,-100,false,-0.42
"VC3",141700,"/Date(1701069420000)/",23600,100,380924,8978961600,-100,false,-0.42
"VC3",141608,"/Date(1701069368000)/",23600,200,380824,8976601600,-100,false,-0.42
"VC3",141520,"/Date(1701069320000)/",23600,100,380624,8971881600,-100,false,-0.42
"VC3",141516,"/Date(1701069316000)/",23600,100,380524,8969521600,-100,false,-0.42
"VC3",141443,"/Date(1701069283000)/",23600,200,380424,8967161600,-100,false,-0.42
"VC3",141339,"/Date(1701069219000)/",23600,100,380224,8962441600,-100,false,-0.42
"VC3",141143,"/Date(1701069103000)/",23600,200,380124,8960081600,-100,false,-0.42
"VC3",141124,"/Date(1701069084000)/",23600,200,379924,8955361600,-100,false,-0.42
"VC3",141107,"/Date(1701069067000)/",23600,100,379724,8950641600,-100,false,-0.42
"VC3",140932,"/Date(1701068972000)/",23600,200,379624,8948281600,-100,false,-0.42
"VC3",140840,"/Date(1701068920000)/",23600,100,379424,8943561600,-100,false,-0.42
"VC3",140831,"/Date(1701068911000)/",23600,300,379324,8941201600,-100,false,-0.42
"VC3",140750,"/Date(1701068870000)/",23600,100,379024,8934121600,-100,false,-0.42
"VC3",140651,"/Date(1701068811000)/",23600,200,378924,8931761600,-100,false,-0.42
"VC3",140647,"/Date(1701068807000)/",23500,1000,378724,8927041600,-200,true,-0.84
"VC3",140614,"/Date(1701068774000)/",23600,100,377724,8903541600,-100,false,-0.42
"VC3",140523,"/Date(1701068723000)/",23600,200,377624,8901181600,-100,false,-0.42
"VC3",140508,"/Date(1701068708000)/",23600,200,377424,8896461600,-100,false,-0.42
"VC3",140451,"/Date(1701068691000)/",23600,100,377224,8891741600,-100,false,-0.42
"VC3",140236,"/Date(1701068556000)/",23600,200,377124,8889381600,-100,false,-0.42
"VC3",140220,"/Date(1701068540000)/",23600,300,376924,8884661600,-100,false,-0.42
"VC3",140144,"/Date(1701068504000)/",23600,100,376624,8877581600,-100,false,-0.42
"VC3",140012,"/Date(1701068412000)/",23600,200,376524,8875221600,-100,false,-0.42
"VC3",140000,"/Date(1701068400000)/",23600,100,376324,8870501600,-100,false,-0.42
"VC3",135808,"/Date(1701068288000)/",23600,100,376224,8868141600,-100,false,-0.42
"VC3",135734,"/Date(1701068254000)/",23600,100,376124,8865781600,-100,false,-0.42
"VC3",135711,"/Date(1701068231000)/",23600,100,376024,8863421600,-100,false,-0.42
"VC3",135700,"/Date(1701068220000)/",23600,200,375924,8861061600,-100,false,-0.42
"VC3",135617,"/Date(1701068177000)/",23600,100,375724,8856341600,-100,false,-0.42
"VC3",135535,"/Date(1701068135000)/",23600,300,375624,8853981600,-100,false,-0.42
"VC3",135519,"/Date(1701068119000)/",23600,100,375324,8846901600,-100,false,-0.42
"VC3",135449,"/Date(1701068089000)/",23600,200,375224,8844541600,-100,false,-0.42
"VC3",135330,"/Date(1701068011000)/",23600,100,375024,8839821600,-100,false,-0.42
"VC3",135317,"/Date(1701067997000)/",23600,100,374924,8837461600,-100,false,-0.42
"VC3",135307,"/Date(1701067988000)/",23600,300,374824,8835101600,-100,false,-0.42
"VC3",135252,"/Date(1701067973000)/",23600,200,374524,8828021600,-100,false,-0.42
"VC3",135159,"/Date(1701067920000)/",23600,100,374324,8823301600,-100,false,-0.42
"VC3",135149,"/Date(1701067910000)/",23600,400,374224,8820941600,-100,false,-0.42
"VC3",135137,"/Date(1701067897000)/",23600,300,373824,8811501600,-100,false,-0.42
"VC3",135129,"/Date(1701067890000)/",23600,200,373524,8804421600,-100,false,-0.42
"VC3",135044,"/Date(1701067845000)/",23600,100,373324,8799701600,-100,false,-0.42
"VC3",135031,"/Date(1701067832000)/",23600,200,373224,8797341600,-100,false,-0.42
"VC3",135028,"/Date(1701067829000)/",23600,1800,373024,8792621600,-100,false,-0.42
"VC3",135019,"/Date(1701067820000)/",23600,400,371224,8750141600,-100,false,-0.42
"VC3",135016,"/Date(1701067817000)/",23600,1900,370824,8740701600,-100,false,-0.42
"VC3",135007,"/Date(1701067808000)/",23600,1800,368924,8695861600,-100,false,-0.42
"VC3",135002,"/Date(1701067803000)/",23600,200,367124,8653381600,-100,false,-0.42
"VC3",134957,"/Date(1701067798000)/",23600,2200,366924,8648661600,-100,false,-0.42
"VC3",134953,"/Date(1701067794000)/",23600,100,364724,8596741600,-100,false,-0.42
"VC3",134950,"/Date(1701067790000)/",23600,200,364624,8594381600,-100,false,-0.42
"VC3",134949,"/Date(1701067789000)/",23600,800,364424,8589661600,-100,false,-0.42
"VC3",134944,"/Date(1701067785000)/",23600,300,363624,8570781600,-100,false,-0.42
"VC3",134943,"/Date(1701067784000)/",23600,600,363324,8563701600,-100,false,-0.42
"VC3",134942,"/Date(1701067783000)/",23600,1800,362724,8549541600,-100,false,-0.42
"VC3",134939,"/Date(1701067779000)/",23600,400,360924,8507061600,-100,false,-0.42
"VC3",134935,"/Date(1701067776000)/",23600,500,360524,8497621600,-100,false,-0.42
"VC3",134934,"/Date(1701067775000)/",23600,200,360024,8485821600,-100,false,-0.42
"VC3",134928,"/Date(1701067769000)/",23600,1600,359824,8481101600,-100,false,-0.42
"VC3",134918,"/Date(1701067759000)/",23600,200,358224,8443341600,-100,false,-0.42
"VC3",134917,"/Date(1701067758000)/",23600,1600,358024,8438621600,-100,false,-0.42
"VC3",134913,"/Date(1701067754000)/",23600,300,356424,8400861600,-100,false,-0.42
"VC3",134906,"/Date(1701067747000)/",23600,1800,356124,8393781600,-100,false,-0.42
"VC3",134858,"/Date(1701067739000)/",23600,100,354324,8351301600,-100,false,-0.42
"VC3",134855,"/Date(1701067736000)/",23600,200,354224,8348941600,-100,false,-0.42
"VC3",134853,"/Date(1701067734000)/",23600,2200,354024,8344221600,-100,false,-0.42
"VC3",134843,"/Date(1701067724000)/",23600,1000,351824,8292301600,-100,false,-0.42
"VC3",134839,"/Date(1701067720000)/",23600,1800,350824,8268701600,-100,false,-0.42
"VC3",134838,"/Date(1701067719000)/",23600,900,349024,8226221600,-100,false,-0.42
"VC3",134834,"/Date(1701067715000)/",23600,900,348124,8204981600,-100,false,-0.42
"VC3",134829,"/Date(1701067710000)/",23600,500,347224,8183741600,-100,false,-0.42
"VC3",134828,"/Date(1701067709000)/",23600,2200,346724,8171941600,-100,false,-0.42
"VC3",134824,"/Date(1701067705000)/",23600,900,344524,8120021600,-100,false,-0.42
"VC3",134820,"/Date(1701067701000)/",23600,1000,343624,8098781600,-100,false,-0.42
"VC3",134816,"/Date(1701067697000)/",23600,1000,342624,8075181600,-100,false,-0.42
"VC3",134812,"/Date(1701067693000)/",23600,700,341624,8051581600,-100,false,-0.42
"VC3",134810,"/Date(1701067691000)/",23600,1900,340924,8035061600,-100,false,-0.42
"VC3",134807,"/Date(1701067688000)/",23600,100,339024,7990221600,-100,false,-0.42
"VC3",134806,"/Date(1701067687000)/",23600,300,338924,7987861600,-100,false,-0.42
"VC3",134803,"/Date(1701067684000)/",23600,200,338624,7980781600,-100,false,-0.42
"VC3",134801,"/Date(1701067682000)/",23600,1700,338424,7976061600,-100,false,-0.42
"VC3",134800,"/Date(1701067681000)/",23600,100,336724,7935941600,-100,false,-0.42
"VC3",134756,"/Date(1701067677000)/",23600,200,336624,7933581600,-100,false,-0.42
"VC3",134752,"/Date(1701067673000)/",23600,2400,336424,7928861600,-100,false,-0.42
"VC3",134747,"/Date(1701067668000)/",23600,500,334024,7872221600,-100,false,-0.42
"VC3",134743,"/Date(1701067664000)/",23600,1800,333524,7860421600,-100,false,-0.42
"VC3",134742,"/Date(1701067663000)/",23600,500,331724,7817941600,-100,false,-0.42
"VC3",134735,"/Date(1701067656000)/",23600,400,331224,7806141600,-100,false,-0.42
"VC3",134734,"/Date(1701067655000)/",23600,1100,330824,7796701600,-100,false,-0.42
"VC3",134730,"/Date(1701067651000)/",23600,300,329724,7770741600,-100,false,-0.42
"VC3",134725,"/Date(1701067646000)/",23600,100,329424,7763661600,-100,false,-0.42
"VC3",134649,"/Date(1701067609000)/",23600,200,329324,7761301600,-100,false,-0.42
"VC3",134548,"/Date(1701067549000)/",23600,300,329124,7756581600,-100,false,-0.42
"VC3",134533,"/Date(1701067534000)/",23500,1100,328824,7749501600,-200,false,-0.84
"VC3",134528,"/Date(1701067529000)/",23400,2000,327724,7723651600,-300,true,-1.27
"VC3",134523,"/Date(1701067524000)/",23400,2500,325724,7676851600,-300,true,-1.27
"VC3",134520,"/Date(1701067521000)/",23500,400,323224,7618351600,-200,false,-0.84
"VC3",134423,"/Date(1701067464000)/",23600,300,322824,7608951600,-100,false,-0.42
"VC3",134420,"/Date(1701067461000)/",23400,10000,322524,7601871600,-300,true,-1.27
"VC3",134354,"/Date(1701067435000)/",23600,200,312524,7367541600,-100,false,-0.42
"VC3",134323,"/Date(1701067403000)/",23600,100,312324,7362821600,-100,false,-0.42
"VC3",134232,"/Date(1701067352000)/",23600,200,312224,7360461600,-100,false,-0.42
"VC3",134208,"/Date(1701067328000)/",23600,100,312024,7355741600,-100,false,-0.42
"VC3",134136,"/Date(1701067296000)/",23600,200,311924,7353381600,-100,false,-0.42
"VC3",134125,"/Date(1701067285000)/",23600,100,311724,7348661600,-100,false,-0.42
"VC3",134124,"/Date(1701067284000)/",23600,100,311624,7346301600,-100,false,-0.42
"VC3",134051,"/Date(1701067251000)/",23600,100,311524,7343941600,-100,false,-0.42
"VC3",134028,"/Date(1701067228000)/",23600,300,311424,7341581600,-100,false,-0.42
"VC3",133958,"/Date(1701067198000)/",23600,100,311124,7334501600,-100,false,-0.42
"VC3",133929,"/Date(1701067169000)/",23600,100,311024,7332141600,-100,false,-0.42
"VC3",133920,"/Date(1701067160000)/",23600,400,310924,7329781600,-100,false,-0.42
"VC3",133905,"/Date(1701067145000)/",23600,100,310524,7320341600,-100,false,-0.42
"VC3",133900,"/Date(1701067140000)/",23600,100,310424,7317981600,-100,false,-0.42
"VC3",133746,"/Date(1701067066000)/",23600,100,310324,7315621600,-100,false,-0.42
"VC3",133732,"/Date(1701067052000)/",23600,200,310224,7313261600,-100,false,-0.42
"VC3",133649,"/Date(1701067009000)/",23600,100,310024,7308541600,-100,false,-0.42
"VC3",133645,"/Date(1701067005000)/",23600,100,309924,7306181600,-100,false,-0.42
"VC3",133601,"/Date(1701066961000)/",23600,200,309824,7303821600,-100,false,-0.42
"VC3",133551,"/Date(1701066951000)/",23600,100,309624,7299101600,-100,false,-0.42
"VC3",133507,"/Date(1701066907000)/",23600,300,309524,7296741600,-100,false,-0.42
"VC3",133501,"/Date(1701066901000)/",23600,100,309224,7289661600,-100,false,-0.42
"VC3",133349,"/Date(1701066829000)/",23600,100,309124,7287301600,-100,false,-0.42
"VC3",133339,"/Date(1701066819000)/",23600,300,309024,7284941600,-100,false,-0.42
"VC3",133311,"/Date(1701066791000)/",23600,200,308724,7277861600,-100,false,-0.42
"VC3",133248,"/Date(1701066768000)/",23600,400,308524,7273141600,-100,false,-0.42
"VC3",133223,"/Date(1701066743000)/",23600,100,308124,7263701600,-100,false,-0.42
"VC3",133215,"/Date(1701066735000)/",23600,300,308024,7261341600,-100,false,-0.42
"VC3",133205,"/Date(1701066725000)/",23600,100,307724,7254261600,-100,false,-0.42
"VC3",133144,"/Date(1701066704000)/",23600,200,307624,7251901600,-100,false,-0.42
"VC3",133142,"/Date(1701066702000)/",23600,200,307424,7247181600,-100,false,-0.42
"VC3",133127,"/Date(1701066687000)/",23600,100,307224,7242461600,-100,false,-0.42
"VC3",133103,"/Date(1701066663000)/",23600,100,307124,7240101600,-100,false,-0.42
"VC3",133053,"/Date(1701066653000)/",23600,200,307024,7237741600,-100,false,-0.42
"VC3",133027,"/Date(1701066627000)/",23600,300,306824,7233021600,-100,false,-0.42
"VC3",133026,"/Date(1701066626000)/",23600,300,306524,7225941600,-100,false,-0.42
"VC3",133001,"/Date(1701066601000)/",23600,200,306224,7218861600,-100,false,-0.42
"VC3",132947,"/Date(1701066587000)/",23600,100,306024,7214141600,-100,false,-0.42
"VC3",132855,"/Date(1701066535000)/",23600,100,305924,7211781600,-100,false,-0.42
"VC3",132846,"/Date(1701066526000)/",23600,200,305824,7209421600,-100,false,-0.42
"VC3",132828,"/Date(1701066508000)/",23600,300,305624,7204701600,-100,false,-0.42
"VC3",132814,"/Date(1701066494000)/",23600,200,305324,7197621600,-100,false,-0.42
"VC3",132802,"/Date(1701066482000)/",23500,5000,305124,7192901600,-200,false,-0.84
"VC3",132736,"/Date(1701066456000)/",23600,100,300124,7075401600,-100,false,-0.42
"VC3",132719,"/Date(1701066439000)/",23600,300,300024,7073041600,-100,false,-0.42
"VC3",132643,"/Date(1701066403000)/",23600,500,299724,7065961600,-100,false,-0.42
"VC3",132625,"/Date(1701066385000)/",23600,200,299224,7054161600,-100,false,-0.42
"VC3",132540,"/Date(1701066340000)/",23600,100,299024,7049441600,-100,false,-0.42
"VC3",132525,"/Date(1701066325000)/",23600,100,298924,7047081600,-100,false,-0.42
"VC3",132513,"/Date(1701066313000)/",23600,300,298824,7044721600,-100,false,-0.42
"VC3",132458,"/Date(1701066298000)/",23600,200,298524,7037641600,-100,false,-0.42
"VC3",132433,"/Date(1701066273000)/",23600,100,298324,7032921600,-100,false,-0.42
"VC3",132423,"/Date(1701066263000)/",23600,200,298224,7030561600,-100,false,-0.42
"VC3",132409,"/Date(1701066249000)/",23600,400,298024,7025841600,-100,false,-0.42
"VC3",132359,"/Date(1701066239000)/",23600,200,297624,7016401600,-100,false,-0.42
"VC3",132335,"/Date(1701066215000)/",23600,300,297424,7011681600,-100,false,-0.42
"VC3",132320,"/Date(1701066200000)/",23600,100,297124,7004601600,-100,false,-0.42
"VC3",132242,"/Date(1701066162000)/",23600,100,297024,7002241600,-100,false,-0.42
"VC3",132234,"/Date(1701066154000)/",23600,200,296924,6999881600,-100,false,-0.42
"VC3",132223,"/Date(1701066143000)/",23600,300,296724,6995161600,-100,false,-0.42
"VC3",132215,"/Date(1701066135000)/",23600,100,296424,6988081600,-100,false,-0.42
"VC3",132207,"/Date(1701066127000)/",23600,200,296324,6985721600,-100,false,-0.42
"VC3",132130,"/Date(1701066090000)/",23600,100,296124,6981001600,-100,false,-0.42
"VC3",132048,"/Date(1701066048000)/",23600,700,296024,6978641600,-100,false,-0.42
"VC3",132014,"/Date(1701066014000)/",23600,300,295324,6962121600,-100,false,-0.42
"VC3",132000,"/Date(1701066000000)/",23600,200,295024,6955041600,-100,false,-0.42
"VC3",131923,"/Date(1701065963000)/",23600,100,294824,6950321600,-100,false,-0.42
"VC3",131843,"/Date(1701065923000)/",23600,200,294724,6947961600,-100,false,-0.42
"VC3",131839,"/Date(1701065919000)/",23600,100,294524,6943241600,-100,false,-0.42
"VC3",131823,"/Date(1701065903000)/",23600,200,294424,6940881600,-100,false,-0.42
"VC3",131704,"/Date(1701065824000)/",23600,100,294224,6936161600,-100,false,-0.42
"VC3",131638,"/Date(1701065798000)/",23600,300,294124,6933801600,-100,false,-0.42
"VC3",131633,"/Date(1701065793000)/",23600,900,293824,6926721600,-100,false,-0.42
"VC3",131627,"/Date(1701065787000)/",23600,100,292924,6905481600,-100,false,-0.42
"VC3",131624,"/Date(1701065784000)/",23600,1500,292824,6903121600,-100,false,-0.42
"VC3",131621,"/Date(1701065781000)/",23600,300,291324,6867721600,-100,false,-0.42
"VC3",131620,"/Date(1701065780000)/",23600,1000,291024,6860641600,-100,false,-0.42
"VC3",131619,"/Date(1701065779000)/",23600,1500,290024,6837041600,-100,false,-0.42
"VC3",131618,"/Date(1701065778000)/",23600,400,288524,6801641600,-100,false,-0.42
"VC3",131614,"/Date(1701065774000)/",23600,2400,288124,6792201600,-100,false,-0.42
"VC3",131611,"/Date(1701065771000)/",23600,600,285724,6735561600,-100,false,-0.42
"VC3",131610,"/Date(1701065770000)/",23600,700,285124,6721401600,-100,false,-0.42
"VC3",131609,"/Date(1701065769000)/",23600,1900,284424,6704881600,-100,false,-0.42
"VC3",131606,"/Date(1701065766000)/",23600,300,282524,6660041600,-100,false,-0.42
"VC3",131604,"/Date(1701065764000)/",23600,1900,282224,6652961600,-100,false,-0.42
"VC3",131603,"/Date(1701065763000)/",23600,400,280324,6608121600,-100,false,-0.42
"VC3",131600,"/Date(1701065760000)/",23600,1500,279924,6598681600,-100,false,-0.42
"VC3",131557,"/Date(1701065757000)/",23600,800,278424,6563281600,-100,false,-0.42
"VC3",131556,"/Date(1701065756000)/",23600,1200,277624,6544401600,-100,false,-0.42
"VC3",131554,"/Date(1701065754000)/",23600,400,276424,6516081600,-100,false,-0.42
"VC3",131550,"/Date(1701065750000)/",23600,100,276024,6506641600,-100,false,-0.42
"VC3",131543,"/Date(1701065743000)/",23600,200,275924,6504281600,-100,false,-0.42
"VC3",131513,"/Date(1701065713000)/",23600,300,275724,6499561600,-100,false,-0.42
"VC3",131500,"/Date(1701065700000)/",23600,200,275424,6492481600,-100,false,-0.42
"VC3",131424,"/Date(1701065664000)/",23600,100,275224,6487761600,-100,false,-0.42
"VC3",131334,"/Date(1701065614000)/",23600,100,275124,6485401600,-100,false,-0.42
"VC3",131329,"/Date(1701065609000)/",23600,200,275024,6483041600,-100,false,-0.42
"VC3",131322,"/Date(1701065602000)/",23600,200,274824,6478321600,-100,false,-0.42
"VC3",131234,"/Date(1701065555000)/",23600,100,274624,6473601600,-100,false,-0.42
"VC3",131211,"/Date(1701065531000)/",23600,400,274524,6471241600,-100,false,-0.42
"VC3",131159,"/Date(1701065519000)/",23600,200,274124,6461801600,-100,false,-0.42
"VC3",131104,"/Date(1701065465000)/",23600,100,273924,6457081600,-100,false,-0.42
"VC3",131059,"/Date(1701065460000)/",23600,300,273824,6454721600,-100,false,-0.42
"VC3",131045,"/Date(1701065446000)/",23600,200,273524,6447641600,-100,false,-0.42
"VC3",131031,"/Date(1701065432000)/",23600,100,273324,6442921600,-100,false,-0.42
"VC3",131025,"/Date(1701065425000)/",23600,200,273224,6440561600,-100,false,-0.42
"VC3",130953,"/Date(1701065394000)/",23500,500,273024,6435841600,-200,true,-0.84
"VC3",130942,"/Date(1701065383000)/",23600,300,272524,6424091600,-100,false,-0.42
"VC3",130942,"/Date(1701065382000)/",23600,100,272224,6417011600,-100,false,-0.42
"VC3",130925,"/Date(1701065366000)/",23600,1900,272124,6414651600,-100,false,-0.42
"VC3",130919,"/Date(1701065360000)/",23600,2100,270224,6369811600,-100,false,-0.42
"VC3",130912,"/Date(1701065353000)/",23600,1700,268124,6320251600,-100,false,-0.42
"VC3",130908,"/Date(1701065348000)/",23600,1600,266424,6280131600,-100,false,-0.42
"VC3",130903,"/Date(1701065344000)/",23600,1000,264824,6242371600,-100,false,-0.42
"VC3",130902,"/Date(1701065343000)/",23600,1100,263824,6218771600,-100,false,-0.42
"VC3",130859,"/Date(1701065339000)/",23600,300,262724,6192811600,-100,false,-0.42
"VC3",130857,"/Date(1701065338000)/",23600,1400,262424,6185731600,-100,false,-0.42
"VC3",130855,"/Date(1701065336000)/",23600,300,261024,6152691600,-100,false,-0.42
"VC3",130852,"/Date(1701065333000)/",23600,1300,260724,6145611600,-100,false,-0.42
"VC3",130849,"/Date(1701065329000)/",23600,500,259424,6114931600,-100,false,-0.42
"VC3",130847,"/Date(1701065328000)/",23600,1100,258924,6103131600,-100,false,-0.42
"VC3",130842,"/Date(1701065323000)/",23600,400,257824,6077171600,-100,false,-0.42
"VC3",130840,"/Date(1701065321000)/",23600,2000,257424,6067731600,-100,false,-0.42
"VC3",130839,"/Date(1701065320000)/",23600,300,255424,6020531600,-100,false,-0.42
"VC3",130836,"/Date(1701065317000)/",23600,1500,255124,6013451600,-100,false,-0.42
"VC3",130831,"/Date(1701065312000)/",23600,1600,253624,5978051600,-100,false,-0.42
"VC3",130825,"/Date(1701065306000)/",23600,200,252024,5940291600,-100,false,-0.42
"VC3",130822,"/Date(1701065303000)/",23600,100,251824,5935571600,-100,false,-0.42
"VC3",130821,"/Date(1701065302000)/",23600,1300,251724,5933211600,-100,false,-0.42
"VC3",130816,"/Date(1701065297000)/",23600,1400,250424,5902531600,-100,false,-0.42
"VC3",130814,"/Date(1701065295000)/",23600,200,249024,5869491600,-100,true,-0.42
"VC3",130811,"/Date(1701065292000)/",23600,1200,248824,5864771600,-100,true,-0.42
"VC3",130809,"/Date(1701065290000)/",23600,300,247624,5836451600,-100,true,-0.42
"VC3",130806,"/Date(1701065287000)/",23600,1900,247324,5829371600,-100,false,-0.42
"VC3",130800,"/Date(1701065280000)/",23600,2200,245424,5784531600,-100,false,-0.42
"VC3",130752,"/Date(1701065273000)/",23600,200,243224,5732611600,-100,false,-0.42
"VC3",130749,"/Date(1701065270000)/",23600,1100,243024,5727891600,-100,true,-0.42
"VC3",130742,"/Date(1701065263000)/",23600,1100,241924,5701931600,-100,false,-0.42
"VC3",130739,"/Date(1701065260000)/",23600,1100,240824,5675971600,-100,false,-0.42
"VC3",130737,"/Date(1701065258000)/",23600,1200,239724,5650011600,-100,false,-0.42
"VC3",130735,"/Date(1701065256000)/",23600,400,238524,5621691600,-100,false,-0.42
"VC3",130731,"/Date(1701065252000)/",23600,1400,238124,5612251600,-100,false,-0.42
"VC3",130729,"/Date(1701065250000)/",23600,500,236724,5579211600,-100,false,-0.42
"VC3",130725,"/Date(1701065246000)/",23600,300,236224,5567411600,-100,false,-0.42
"VC3",130723,"/Date(1701065244000)/",23600,1300,235924,5560331600,-100,false,-0.42
"VC3",130722,"/Date(1701065243000)/",23600,100,234624,5529651600,-100,false,-0.42
"VC3",130716,"/Date(1701065237000)/",23600,1500,234524,5527291600,-100,true,-0.42
"VC3",130712,"/Date(1701065233000)/",23600,100,233024,5491891600,-100,false,-0.42
"VC3",130705,"/Date(1701065226000)/",23600,1300,232924,5489531600,-100,false,-0.42
"VC3",130704,"/Date(1701065225000)/",23600,1000,231624,5458851600,-100,false,-0.42
"VC3",130700,"/Date(1701065221000)/",23600,100,230624,5435251600,-100,false,-0.42
"VC3",130657,"/Date(1701065218000)/",23600,1200,230524,5432891600,-100,false,-0.42
"VC3",130651,"/Date(1701065212000)/",23600,1800,229324,5404571600,-100,false,-0.42
"VC3",130649,"/Date(1701065209000)/",23600,900,227524,5362091600,-100,false,-0.42
"VC3",130647,"/Date(1701065207000)/",23600,300,226624,5340851600,-100,false,-0.42
"VC3",130646,"/Date(1701065206000)/",23600,1300,226324,5333771600,-100,false,-0.42
"VC3",130641,"/Date(1701065201000)/",23600,900,225024,5303091600,-100,false,-0.42
"VC3",130640,"/Date(1701065200000)/",23600,2100,224124,5281851600,-100,false,-0.42
"VC3",130635,"/Date(1701065195000)/",23600,1200,222024,5232291600,-100,false,-0.42
"VC3",130633,"/Date(1701065193000)/",23600,200,220824,5203971600,-100,false,-0.42
"VC3",130627,"/Date(1701065187000)/",23600,1400,220624,5199251600,-100,false,-0.42
"VC3",130622,"/Date(1701065182000)/",23600,1500,219224,5166211600,-100,false,-0.42
"VC3",130617,"/Date(1701065177000)/",23600,800,217724,5130811600,-100,false,-0.42
"VC3",130615,"/Date(1701065175000)/",23600,200,216924,5111931600,-100,false,-0.42
"VC3",130612,"/Date(1701065172000)/",23600,2100,216724,5107211600,-100,false,-0.42
"VC3",130607,"/Date(1701065167000)/",23600,1600,214624,5057651600,-100,false,-0.42
"VC3",130604,"/Date(1701065164000)/",23600,300,213024,5019891600,-100,false,-0.42
"VC3",130603,"/Date(1701065163000)/",23600,300,212724,5012811600,-100,false,-0.42
"VC3",130601,"/Date(1701065161000)/",23600,1300,212424,5005731600,-100,false,-0.42
"VC3",130556,"/Date(1701065156000)/",23600,600,211124,4975051600,-100,false,-0.42
"VC3",130555,"/Date(1701065155000)/",23600,1400,210524,4960891600,-100,false,-0.42
"VC3",130549,"/Date(1701065149000)/",23600,600,209124,4927851600,-100,false,-0.42
"VC3",130548,"/Date(1701065148000)/",23600,100,208524,4913691600,-100,false,-0.42
"VC3",130546,"/Date(1701065146000)/",23600,1600,208424,4911331600,-100,false,-0.42
"VC3",130544,"/Date(1701065144000)/",23600,500,206824,4873571600,-100,false,-0.42
"VC3",130541,"/Date(1701065141000)/",23600,2100,206324,4861771600,-100,false,-0.42
"VC3",130540,"/Date(1701065140000)/",23600,500,204224,4812211600,-100,false,-0.42
"VC3",130537,"/Date(1701065137000)/",23600,300,203724,4800411600,-100,false,-0.42
"VC3",130534,"/Date(1701065134000)/",23600,1400,203424,4793331600,-100,false,-0.42
"VC3",130532,"/Date(1701065132000)/",23600,300,202024,4760291600,-100,false,-0.42
"VC3",130529,"/Date(1701065129000)/",23600,200,201724,4753211600,-100,false,-0.42
"VC3",130526,"/Date(1701065126000)/",23600,1600,201524,4748491600,-100,false,-0.42
"VC3",130525,"/Date(1701065125000)/",23600,100,199924,4710731600,-100,false,-0.42
"VC3",130520,"/Date(1701065120000)/",23600,1100,199824,4708371600,-100,false,-0.42
"VC3",130519,"/Date(1701065119000)/",23600,500,198724,4682411600,-100,false,-0.42
"VC3",130517,"/Date(1701065117000)/",23600,700,198224,4670611600,-100,false,-0.42
"VC3",130515,"/Date(1701065115000)/",23600,2300,197524,4654091600,-100,false,-0.42
"VC3",130511,"/Date(1701065111000)/",23600,400,195224,4599811600,-100,false,-0.42
"VC3",130510,"/Date(1701065110000)/",23600,400,194824,4590371600,-100,false,-0.42
"VC3",130509,"/Date(1701065109000)/",23600,1800,194424,4580931600,-100,false,-0.42
"VC3",130508,"/Date(1701065108000)/",23600,300,192624,4538451600,-100,false,-0.42
"VC3",130503,"/Date(1701065103000)/",23600,1700,192324,4531371600,-100,false,-0.42
"VC3",130502,"/Date(1701065102000)/",23600,500,190624,4491251600,-100,false,-0.42
"VC3",130457,"/Date(1701065097000)/",23600,100,190124,4479451600,-100,false,-0.42
"VC3",130454,"/Date(1701065094000)/",23600,1900,190024,4477091600,-100,false,-0.42
"VC3",130450,"/Date(1701065090000)/",23600,500,188124,4432251600,-100,false,-0.42
"VC3",130448,"/Date(1701065088000)/",23600,1600,187624,4420451600,-100,false,-0.42
"VC3",130446,"/Date(1701065086000)/",23600,300,186024,4382691600,-100,false,-0.42
"VC3",130443,"/Date(1701065083000)/",23600,1400,185724,4375611600,-100,false,-0.42
"VC3",130442,"/Date(1701065082000)/",23600,200,184324,4342571600,-100,false,-0.42
"VC3",130440,"/Date(1701065080000)/",23600,400,184124,4337851600,-100,false,-0.42
"VC3",130438,"/Date(1701065078000)/",23600,1100,183724,4328411600,-100,false,-0.42
"VC3",130436,"/Date(1701065076000)/",23600,100,182624,4302451600,-100,false,-0.42
"VC3",130434,"/Date(1701065074000)/",23600,100,182524,4300091600,-100,false,-0.42
"VC3",130433,"/Date(1701065073000)/",23600,1100,182424,4297731600,-100,false,-0.42
"VC3",130427,"/Date(1701065067000)/",23600,200,181324,4271771600,-100,false,-0.42
"VC3",130357,"/Date(1701065037000)/",23600,300,181124,4267051600,-100,false,-0.42
"VC3",130350,"/Date(1701065030000)/",23600,100,180824,4259971600,-100,false,-0.42
"VC3",130307,"/Date(1701064987000)/",23600,300,180724,4257611600,-100,false,-0.42
"VC3",130211,"/Date(1701064931000)/",23600,100,180424,4250531600,-100,false,-0.42
"VC3",130137,"/Date(1701064897000)/",23600,200,180324,4248171600,-100,false,-0.42
"VC3",130035,"/Date(1701064831000)/",23600,100,180124,4243451600,-100,false,-0.42
"VC3",112809,"/Date(1701059289000)/",23600,300,180024,4241091600,-100,false,-0.42
"VC3",112717,"/Date(1701059237000)/",23600,100,179724,4234011600,-100,false,-0.42
"VC3",112712,"/Date(1701059232000)/",23600,200,179624,4231651600,-100,false,-0.42
"VC3",112617,"/Date(1701059176000)/",23600,100,179424,4226931600,-100,false,-0.42
"VC3",112610,"/Date(1701059169000)/",23600,300,179324,4224571600,-100,false,-0.42
"VC3",112539,"/Date(1701059138000)/",23600,200,179024,4217491600,-100,false,-0.42
"VC3",112451,"/Date(1701059090000)/",23600,100,178824,4212771600,-100,false,-0.42
"VC3",112355,"/Date(1701059034000)/",23600,300,178724,4210411600,-100,false,-0.42
"VC3",112327,"/Date(1701059006000)/",23600,100,178424,4203331600,-100,false,-0.42
"VC3",112306,"/Date(1701058985000)/",23600,1000,178324,4200971600,-100,false,-0.42
"VC3",112139,"/Date(1701058898000)/",23600,200,177324,4177371600,-100,false,-0.42
"VC3",112044,"/Date(1701058843000)/",23600,100,177124,4172651600,-100,false,-0.42
"VC3",112034,"/Date(1701058833000)/",23500,800,177024,4170291600,-200,true,-0.84
"VC3",112030,"/Date(1701058829000)/",23500,600,176224,4151491600,-200,false,-0.84
"VC3",112023,"/Date(1701058822000)/",23500,600,175624,4137391600,-200,false,-0.84
"VC3",112017,"/Date(1701058816000)/",23500,500,175024,4123291600,-200,false,-0.84
"VC3",112016,"/Date(1701058815000)/",23500,1300,174524,4111541600,-200,false,-0.84
"VC3",112008,"/Date(1701058807000)/",23500,2500,173224,4080991600,-200,false,-0.84
"VC3",112000,"/Date(1701058799000)/",23500,1900,170724,4022241600,-200,false,-0.84
"VC3",111954,"/Date(1701058793000)/",23500,1600,168824,3977591600,-200,false,-0.84
"VC3",111952,"/Date(1701058791000)/",23500,400,167224,3939991600,-200,false,-0.84
"VC3",111948,"/Date(1701058787000)/",23500,2200,166824,3930591600,-200,false,-0.84
"VC3",111944,"/Date(1701058783000)/",23500,600,164624,3878891600,-200,false,-0.84
"VC3",111940,"/Date(1701058779000)/",23500,1900,164024,3864791600,-200,false,-0.84
"VC3",111937,"/Date(1701058776000)/",23500,800,162124,3820141600,-200,false,-0.84
"VC3",111935,"/Date(1701058774000)/",23500,2300,161324,3801341600,-200,false,-0.84
"VC3",111929,"/Date(1701058768000)/",23500,3500,159024,3747291600,-200,false,-0.84
"VC3",111923,"/Date(1701058762000)/",23500,2100,155524,3665041600,-200,false,-0.84
"VC3",111922,"/Date(1701058761000)/",23500,100,153424,3615691600,-200,false,-0.84
"VC3",111918,"/Date(1701058757000)/",23500,24,153324,3613341600,-200,false,-0.84
"VC3",111917,"/Date(1701058756000)/",23500,4500,153300,3612780000,-200,false,-0.84
"VC3",111911,"/Date(1701058750000)/",23500,1700,148800,3507030000,-200,false,-0.84
"VC3",111907,"/Date(1701058746000)/",23500,300,147100,3467080000,-200,false,-0.84
"VC3",111905,"/Date(1701058744000)/",23500,1200,146800,3460030000,-200,false,-0.84
"VC3",111903,"/Date(1701058742000)/",23500,500,145600,3431830000,-200,false,-0.84
"VC3",111900,"/Date(1701058739000)/",23500,200,145100,3420080000,-200,false,-0.84
"VC3",111859,"/Date(1701058738000)/",23500,1100,144900,3415380000,-200,false,-0.84
"VC3",111857,"/Date(1701058736000)/",23500,300,143800,3389530000,-200,false,-0.84
"VC3",111854,"/Date(1701058733000)/",23500,800,143500,3382480000,-200,false,-0.84
"VC3",111847,"/Date(1701058726000)/",23500,900,142700,3363680000,-200,false,-0.84
"VC3",111846,"/Date(1701058725000)/",23500,100,141800,3342530000,-200,false,-0.84
"VC3",111843,"/Date(1701058722000)/",23500,100,141700,3340180000,-200,false,-0.84
"VC3",111842,"/Date(1701058721000)/",23500,2100,141600,3337830000,-200,false,-0.84
"VC3",111839,"/Date(1701058718000)/",23500,400,139500,3288480000,-200,false,-0.84
"VC3",111837,"/Date(1701058716000)/",23500,1600,139100,3279080000,-200,false,-0.84
"VC3",111836,"/Date(1701058715000)/",23500,200,137500,3241480000,-200,false,-0.84
"VC3",111832,"/Date(1701058711000)/",23500,1500,137300,3236780000,-200,false,-0.84
"VC3",111825,"/Date(1701058704000)/",23500,900,135800,3201530000,-200,false,-0.84
"VC3",111821,"/Date(1701058700000)/",23500,100,134900,3180380000,-200,false,-0.84
"VC3",111819,"/Date(1701058698000)/",23500,400,134800,3178030000,-200,false,-0.84
"VC3",111816,"/Date(1701058695000)/",23500,200,134400,3168630000,-200,false,-0.84
"VC3",111813,"/Date(1701058692000)/",23500,900,134200,3163930000,-200,false,-0.84
"VC3",111812,"/Date(1701058691000)/",23500,600,133300,3142780000,-200,false,-0.84
"VC3",111809,"/Date(1701058688000)/",23500,700,132700,3128680000,-200,false,-0.84
"VC3",111802,"/Date(1701058681000)/",23500,400,132000,3112230000,-200,false,-0.84
"VC3",111755,"/Date(1701058674000)/",23500,1200,131600,3102830000,-200,false,-0.84
"VC3",111739,"/Date(1701058658000)/",23500,200,130400,3074630000,-200,false,-0.84
"VC3",111735,"/Date(1701058654000)/",23500,5800,130200,3069930000,-200,false,-0.84
"VC3",111659,"/Date(1701058618000)/",23600,100,124400,2933630000,-100,false,-0.42
"VC3",111519,"/Date(1701058518000)/",23600,400,124300,2931270000,-100,false,-0.42
"VC3",111433,"/Date(1701058472000)/",23600,100,123900,2921830000,-100,false,-0.42
"VC3",111415,"/Date(1701058454000)/",23600,200,123800,2919470000,-100,false,-0.42
"VC3",111322,"/Date(1701058401000)/",23600,300,123600,2914750000,-100,false,-0.42
"VC3",111218,"/Date(1701058337000)/",23600,100,123300,2907670000,-100,false,-0.42
"VC3",111107,"/Date(1701058266000)/",23600,200,123200,2905310000,-100,false,-0.42
"VC3",111025,"/Date(1701058224000)/",23600,100,123000,2900590000,-100,false,-0.42
"VC3",110942,"/Date(1701058181000)/",23600,400,122900,2898230000,-100,false,-0.42
"VC3",110912,"/Date(1701058151000)/",23600,100,122500,2888790000,-100,false,-0.42
"VC3",110819,"/Date(1701058098000)/",23600,200,122400,2886430000,-100,false,-0.42
"VC3",110746,"/Date(1701058065000)/",23600,100,122200,2881710000,-100,false,-0.42
"VC3",110733,"/Date(1701058053000)/",23600,300,122100,2879350000,-100,false,-0.42
"VC3",110551,"/Date(1701057951000)/",23600,200,121800,2872270000,-100,false,-0.42
"VC3",110438,"/Date(1701057877000)/",23600,100,121600,2867550000,-100,false,-0.42
"VC3",110235,"/Date(1701057755000)/",23600,200,121500,2865190000,-100,false,-0.42
"VC3",110218,"/Date(1701057738000)/",23500,1000,121300,2860470000,-200,true,-0.84
"VC3",110151,"/Date(1701057711000)/",23500,300,120300,2836970000,-200,true,-0.84
"VC3",110148,"/Date(1701057708000)/",23600,100,120000,2829920000,-100,false,-0.42
"VC3",110107,"/Date(1701057667000)/",23600,100,119900,2827560000,-100,false,-0.42
"VC3",110040,"/Date(1701057640000)/",23600,300,119800,2825200000,-100,false,-0.42
"VC3",110013,"/Date(1701057613000)/",23600,200,119500,2818120000,-100,false,-0.42
"VC3",105928,"/Date(1701057568000)/",23600,400,119300,2813400000,-100,false,-0.42
"VC3",105839,"/Date(1701057519000)/",23600,100,118900,2803960000,-100,false,-0.42
"VC3",105732,"/Date(1701057452000)/",23600,200,118800,2801600000,-100,false,-0.42
"VC3",105636,"/Date(1701057396000)/",23600,100,118600,2796880000,-100,false,-0.42
"VC3",105609,"/Date(1701057369000)/",23600,300,118500,2794520000,-100,false,-0.42
"VC3",105526,"/Date(1701057326000)/",23600,200,118200,2787440000,-100,false,-0.42
"VC3",105450,"/Date(1701057290000)/",23600,100,118000,2782720000,-100,false,-0.42
"VC3",105422,"/Date(1701057262000)/",23600,500,117900,2780360000,-100,false,-0.42
"VC3",105357,"/Date(1701057237000)/",23600,100,117400,2768560000,-100,false,-0.42
"VC3",105258,"/Date(1701057178000)/",23600,200,117300,2766200000,-100,false,-0.42
"VC3",105222,"/Date(1701057142000)/",23600,100,117100,2761480000,-100,false,-0.42
"VC3",105200,"/Date(1701057120000)/",23600,300,117000,2759120000,-100,false,-0.42
"VC3",105136,"/Date(1701057096000)/",23600,200,116700,2752040000,-100,false,-0.42
"VC3",105115,"/Date(1701057075000)/",23600,300,116500,2747320000,-100,false,-0.42
"VC3",105050,"/Date(1701057050000)/",23600,100,116200,2740240000,-100,false,-0.42
"VC3",105032,"/Date(1701057032000)/",23600,200,116100,2737880000,-100,false,-0.42
"VC3",105020,"/Date(1701057020000)/",23600,100,115900,2733160000,-100,false,-0.42
"VC3",105005,"/Date(1701057005000)/",23500,800,115800,2730800000,-200,true,-0.84
"VC3",104959,"/Date(1701056999000)/",23500,1700,115000,2712000000,-200,false,-0.84
"VC3",104951,"/Date(1701056991000)/",23500,1900,113300,2672050000,-200,false,-0.84
"VC3",104943,"/Date(1701056983000)/",23500,100,111400,2627400000,-200,false,-0.84
"VC3",104942,"/Date(1701056982000)/",23500,1300,111300,2625050000,-200,false,-0.84
"VC3",104936,"/Date(1701056976000)/",23500,200,110000,2594500000,-200,false,-0.84
"VC3",104932,"/Date(1701056972000)/",23500,2100,109800,2589800000,-200,false,-0.84
"VC3",104927,"/Date(1701056967000)/",23500,300,107700,2540450000,-200,false,-0.84
"VC3",104923,"/Date(1701056963000)/",23500,1300,107400,2533400000,-200,false,-0.84
"VC3",104922,"/Date(1701056962000)/",23500,200,106100,2502850000,-200,false,-0.84
"VC3",104914,"/Date(1701056954000)/",23500,1600,105900,2498150000,-200,false,-0.84
"VC3",104906,"/Date(1701056946000)/",23500,100,104300,2460550000,-200,false,-0.84
"VC3",104904,"/Date(1701056944000)/",23500,1800,104200,2458200000,-200,false,-0.84
"VC3",104852,"/Date(1701056932000)/",23500,900,102400,2415900000,-200,false,-0.84
"VC3",104843,"/Date(1701056923000)/",23500,1600,101500,2394750000,-200,false,-0.84
"VC3",104832,"/Date(1701056912000)/",23500,1900,99900,2357150000,-200,false,-0.84
"VC3",104820,"/Date(1701056900000)/",23500,100,98000,2312500000,-200,false,-0.84
"VC3",104817,"/Date(1701056897000)/",23500,2100,97900,2310150000,-200,false,-0.84
"VC3",104717,"/Date(1701056837000)/",23600,200,95800,2260800000,-100,false,-0.42
"VC3",104640,"/Date(1701056800000)/",23600,100,95600,2256080000,-100,false,-0.42
"VC3",104639,"/Date(1701056799000)/",23500,5000,95500,2253720000,-200,true,-0.84
"VC3",104538,"/Date(1701056738000)/",23600,400,90500,2136220000,-100,false,-0.42
"VC3",104459,"/Date(1701056699000)/",23600,200,90100,2126780000,-100,false,-0.42
"VC3",104424,"/Date(1701056664000)/",23600,100,89900,2122060000,-100,false,-0.42
"VC3",104402,"/Date(1701056642000)/",23600,200,89800,2119700000,-100,false,-0.42
"VC3",104332,"/Date(1701056612000)/",23600,300,89600,2114980000,-100,false,-0.42
"VC3",104248,"/Date(1701056568000)/",23600,100,89300,2107900000,-100,false,-0.42
"VC3",104213,"/Date(1701056532000)/",23600,200,89200,2105540000,-100,false,-0.42
"VC3",104040,"/Date(1701056439000)/",23600,200,89000,2100820000,-100,false,-0.42
"VC3",104035,"/Date(1701056434000)/",23600,1400,88800,2096100000,-100,false,-0.42
"VC3",104028,"/Date(1701056427000)/",23600,400,87400,2063060000,-100,false,-0.42
"VC3",104019,"/Date(1701056418000)/",23600,1600,87000,2053620000,-100,false,-0.42
"VC3",104010,"/Date(1701056409000)/",23600,100,85400,2015860000,-100,false,-0.42
"VC3",104008,"/Date(1701056407000)/",23600,1200,85300,2013500000,-100,false,-0.42
"VC3",104004,"/Date(1701056403000)/",23600,200,84100,1985180000,-100,false,-0.42
"VC3",103959,"/Date(1701056398000)/",23600,300,83900,1980460000,-100,false,-0.42
"VC3",103956,"/Date(1701056395000)/",23600,1500,83600,1973380000,-100,false,-0.42
"VC3",103953,"/Date(1701056392000)/",23600,400,82100,1937980000,-100,false,-0.42
"VC3",103946,"/Date(1701056385000)/",23600,2100,81700,1928540000,-100,false,-0.42
"VC3",103939,"/Date(1701056378000)/",23600,100,79600,1878980000,-100,false,-0.42
"VC3",103936,"/Date(1701056375000)/",23600,1700,79500,1876620000,-100,false,-0.42
"VC3",103930,"/Date(1701056369000)/",23600,200,77800,1836500000,-100,false,-0.42
"VC3",103927,"/Date(1701056366000)/",23600,2100,77600,1831780000,-100,false,-0.42
"VC3",103924,"/Date(1701056363000)/",23600,300,75500,1782220000,-100,false,-0.42
"VC3",103918,"/Date(1701056357000)/",23600,1800,75200,1775140000,-100,false,-0.42
"VC3",103912,"/Date(1701056351000)/",23600,100,73400,1732660000,-100,false,-0.42
"VC3",103907,"/Date(1701056346000)/",23600,700,73300,1730300000,-100,false,-0.42
"VC3",103855,"/Date(1701056334000)/",23600,600,72600,1713780000,-100,false,-0.42
"VC3",103846,"/Date(1701056325000)/",23600,1100,72000,1699620000,-100,false,-0.42
"VC3",103834,"/Date(1701056313000)/",23600,800,70900,1673660000,-100,false,-0.42
"VC3",103811,"/Date(1701056290000)/",23600,700,70100,1654780000,-100,false,-0.42
"VC3",103759,"/Date(1701056278000)/",23600,600,69400,1638260000,-100,false,-0.42
"VC3",103708,"/Date(1701056227000)/",23600,200,68800,1624100000,-100,false,-0.42
"VC3",103621,"/Date(1701056180000)/",23600,100,68600,1619380000,-100,false,-0.42
"VC3",103533,"/Date(1701056132000)/",23600,300,68500,1617020000,-100,false,-0.42
"VC3",103451,"/Date(1701056090000)/",23600,100,68200,1609940000,-100,false,-0.42
"VC3",103350,"/Date(1701056029000)/",23600,200,68100,1607580000,-100,false,-0.42
"VC3",103317,"/Date(1701055996000)/",23600,100,67900,1602860000,-100,false,-0.42
"VC3",103230,"/Date(1701055949000)/",23600,100,67800,1600500000,-100,false,-0.42
"VC3",103150,"/Date(1701055909000)/",23600,300,67700,1598140000,-100,false,-0.42
"VC3",103115,"/Date(1701055874000)/",23600,200,67400,1591060000,-100,false,-0.42
"VC3",103014,"/Date(1701055814000)/",23600,100,67200,1586340000,-100,false,-0.42
"VC3",102912,"/Date(1701055751000)/",23600,400,67100,1583980000,-100,false,-0.42
"VC3",102816,"/Date(1701055695000)/",23600,200,66700,1574540000,-100,false,-0.42
"VC3",102727,"/Date(1701055647000)/",23600,100,66500,1569820000,-100,false,-0.42
"VC3",102643,"/Date(1701055603000)/",23600,200,66400,1567460000,-100,false,-0.42
"VC3",102530,"/Date(1701055530000)/",23600,100,66200,1562740000,-100,false,-0.42
"VC3",102407,"/Date(1701055447000)/",23600,200,66100,1560380000,-100,false,-0.42
"VC3",102300,"/Date(1701055380000)/",23600,100,65900,1555660000,-100,false,-0.42
"VC3",102204,"/Date(1701055324000)/",23600,100,65800,1553300000,-100,false,-0.42
"VC3",102128,"/Date(1701055288000)/",23600,100,65700,1550940000,-100,false,-0.42
"VC3",102051,"/Date(1701055251000)/",23600,300,65600,1548580000,-100,false,-0.42
"VC3",102004,"/Date(1701055204000)/",23600,100,65300,1541500000,-100,false,-0.42
"VC3",101900,"/Date(1701055140000)/",23600,100,65200,1539140000,-100,false,-0.42
"VC3",101715,"/Date(1701055035000)/",23600,200,65100,1536780000,-100,false,-0.42
"VC3",101609,"/Date(1701054969000)/",23600,100,64900,1532060000,-100,false,-0.42
"VC3",101436,"/Date(1701054876000)/",23600,100,64800,1529700000,-100,false,-0.42
"VC3",101334,"/Date(1701054814000)/",23600,200,64700,1527340000,-100,false,-0.42
"VC3",101220,"/Date(1701054740000)/",23600,100,64500,1522620000,-100,false,-0.42
"VC3",101108,"/Date(1701054668000)/",23600,100,64400,1520260000,-100,false,-0.42
"VC3",100939,"/Date(1701054579000)/",23600,200,64300,1517900000,-100,false,-0.42
"VC3",100910,"/Date(1701054550000)/",23600,100,64100,1513180000,-100,false,-0.42
"VC3",100825,"/Date(1701054505000)/",23600,100,64000,1510820000,-100,false,-0.42
"VC3",100712,"/Date(1701054432000)/",23600,200,63900,1508460000,-100,false,-0.42
"VC3",100636,"/Date(1701054396000)/",23600,100,63700,1503740000,-100,false,-0.42
"VC3",100624,"/Date(1701054384000)/",23600,100,63600,1501380000,-100,false,-0.42
"VC3",100359,"/Date(1701054239000)/",23600,200,63500,1499020000,-100,false,-0.42
"VC3",100335,"/Date(1701054215000)/",23600,100,63300,1494300000,-100,false,-0.42
"VC3",100223,"/Date(1701054143000)/",23600,100,63200,1491940000,-100,false,-0.42
"VC3",100118,"/Date(1701054078000)/",23600,200,63100,1489580000,-100,false,-0.42
"VC3",95954,"/Date(1701053994000)/",23600,100,62900,1484860000,-100,false,-0.42
"VC3",95830,"/Date(1701053909000)/",23600,100,62800,1482500000,-100,false,-0.42
"VC3",95721,"/Date(1701053840000)/",23600,300,62700,1480140000,-100,false,-0.42
"VC3",95500,"/Date(1701053699000)/",23600,100,62400,1473060000,-100,false,-0.42
"VC3",95423,"/Date(1701053662000)/",23600,100,62300,1470700000,-100,false,-0.42
"VC3",95315,"/Date(1701053594000)/",23600,200,62200,1468340000,-100,false,-0.42
"VC3",95213,"/Date(1701053532000)/",23600,100,62000,1463620000,-100,false,-0.42
"VC3",95059,"/Date(1701053459000)/",23600,100,61900,1461260000,-100,false,-0.42
"VC3",95006,"/Date(1701053405000)/",23600,200,61800,1458900000,-100,false,-0.42
"VC3",94842,"/Date(1701053321000)/",23600,100,61600,1454180000,-100,false,-0.42
"VC3",94743,"/Date(1701053262000)/",23600,100,61500,1451820000,-100,false,-0.42
"VC3",94704,"/Date(1701053224000)/",23600,400,61400,1449460000,-100,false,-0.42
"VC3",94612,"/Date(1701053172000)/",23600,300,61000,1440020000,-100,false,-0.42
"VC3",94543,"/Date(1701053143000)/",23600,100,60700,1432940000,-100,false,-0.42
"VC3",94536,"/Date(1701053136000)/",23600,200,60600,1430580000,-100,false,-0.42
"VC3",94452,"/Date(1701053091000)/",23600,500,60400,1425860000,-100,false,-0.42
"VC3",94334,"/Date(1701053014000)/",23600,200,59900,1414060000,-100,false,-0.42
"VC3",94214,"/Date(1701052934000)/",23600,100,59700,1409340000,-100,false,-0.42
"VC3",94200,"/Date(1701052920000)/",23600,200,59600,1406980000,-100,false,-0.42
"VC3",94154,"/Date(1701052914000)/",23600,100,59400,1402260000,-100,false,-0.42
"VC3",94113,"/Date(1701052873000)/",23600,700,59300,1399900000,-100,true,-0.42
"VC3",94106,"/Date(1701052866000)/",23600,900,58600,1383380000,-100,true,-0.42
"VC3",94100,"/Date(1701052860000)/",23600,1200,57700,1362140000,-100,true,-0.42
"VC3",93943,"/Date(1701052783000)/",23700,100,56500,1333820000,0,false,0
"VC3",93636,"/Date(1701052596000)/",23600,200,56400,1331450000,-100,true,-0.42
"VC3",93524,"/Date(1701052524000)/",23600,100,56200,1326730000,-100,true,-0.42
"VC3",93511,"/Date(1701052511000)/",23700,300,56100,1324370000,0,false,0
"VC3",93420,"/Date(1701052460000)/",23700,200,55800,1317260000,0,false,0
"VC3",93401,"/Date(1701052441000)/",23600,100,55600,1312520000,-100,true,-0.42
"VC3",93346,"/Date(1701052426000)/",23700,300,55500,1310160000,0,false,0
"VC3",93302,"/Date(1701052382000)/",23600,100,55200,1303050000,-100,true,-0.42
"VC3",93253,"/Date(1701052373000)/",23700,100,55100,1300690000,0,false,0
"VC3",93114,"/Date(1701052274000)/",23700,200,55000,1298320000,0,false,0
"VC3",93056,"/Date(1701052256000)/",23600,900,54800,1293580000,-100,true,-0.42
"VC3",93050,"/Date(1701052250000)/",23600,600,53900,1272340000,-100,true,-0.42
"VC3",93044,"/Date(1701052244000)/",23700,300,53300,1258180000,0,false,0
"VC3",93015,"/Date(1701052215000)/",23600,100,53000,1251070000,-100,true,-0.42
"VC3",92948,"/Date(1701052188000)/",23700,200,52900,1248710000,0,false,0
"VC3",92943,"/Date(1701052183000)/",23700,100,52700,1243970000,0,false,0
"VC3",92935,"/Date(1701052175000)/",23600,100,52600,1241600000,-100,true,-0.42
"VC3",92806,"/Date(1701052086000)/",23700,300,52500,1239240000,0,false,0
"VC3",92745,"/Date(1701052065000)/",23700,200,52200,1232130000,0,false,0
"VC3",92728,"/Date(1701052048000)/",23600,300,52000,1227390000,-100,true,-0.42
"VC3",92724,"/Date(1701052044000)/",23700,100,51700,1220310000,0,false,0
"VC3",92651,"/Date(1701052011000)/",23700,200,51600,1217940000,0,false,0
"VC3",92629,"/Date(1701051989000)/",23600,100,51400,1213200000,-100,true,-0.42
"VC3",92624,"/Date(1701051984000)/",23700,200,51300,1210840000,0,false,0
"VC3",92623,"/Date(1701051983000)/",23700,200,51100,1206100000,0,false,0
"VC3",92558,"/Date(1701051958000)/",23600,100,50900,1201360000,-100,true,-0.42
"VC3",92549,"/Date(1701051949000)/",23700,100,50800,1199000000,0,false,0
"VC3",92527,"/Date(1701051927000)/",23600,200,50700,1196630000,-100,true,-0.42
"VC3",92513,"/Date(1701051913000)/",23600,100,50500,1191910000,-100,true,-0.42
"VC3",92507,"/Date(1701051907000)/",23700,200,50400,1189550000,0,false,0
"VC3",92454,"/Date(1701051894000)/",23700,100,50200,1184810000,0,false,0
"VC3",92436,"/Date(1701051876000)/",23600,800,50100,1182440000,-100,true,-0.42
"VC3",92428,"/Date(1701051868000)/",23600,600,49300,1163560000,-100,false,-0.42
"VC3",92420,"/Date(1701051860000)/",23600,200,48700,1149400000,-100,false,-0.42
"VC3",92356,"/Date(1701051836000)/",23600,1500,48500,1144680000,-100,false,-0.42
"VC3",92324,"/Date(1701051804000)/",23700,500,47000,1109280000,0,false,0
"VC3",92313,"/Date(1701051793000)/",23600,200,46500,1097470000,-100,false,-0.42
"VC3",92305,"/Date(1701051785000)/",23600,500,46300,1092750000,-100,false,-0.42
"VC3",92257,"/Date(1701051777000)/",23600,400,45800,1080950000,-100,false,-0.42
"VC3",92247,"/Date(1701051767000)/",23600,200,45400,1071510000,-100,false,-0.42
"VC3",92246,"/Date(1701051766000)/",23600,300,45200,1066790000,-100,false,-0.42
"VC3",92204,"/Date(1701051724000)/",23600,100,44900,1059710000,-100,false,-0.42
"VC3",92138,"/Date(1701051698000)/",23600,200,44800,1057350000,-100,false,-0.42
"VC3",92107,"/Date(1701051667000)/",23600,100,44600,1052630000,-100,false,-0.42
"VC3",92010,"/Date(1701051609000)/",23600,100,44500,1050270000,-100,false,-0.42
"VC3",92002,"/Date(1701051601000)/",23600,200,44400,1047910000,-100,false,-0.42
"VC3",91948,"/Date(1701051587000)/",23600,100,44200,1043190000,-100,false,-0.42
"VC3",91811,"/Date(1701051490000)/",23600,100,44100,1040830000,-100,false,-0.42
"VC3",91756,"/Date(1701051475000)/",23600,200,44000,1038470000,-100,false,-0.42
"VC3",91725,"/Date(1701051444000)/",23600,100,43800,1033750000,-100,false,-0.42
"VC3",91716,"/Date(1701051435000)/",23600,100,43700,1031390000,-100,false,-0.42
"VC3",91705,"/Date(1701051424000)/",23600,200,43600,1029030000,-100,false,-0.42
"VC3",91653,"/Date(1701051413000)/",23600,500,43400,1024310000,-100,true,-0.42
"VC3",91645,"/Date(1701051404000)/",23600,800,42900,1012510000,-100,true,-0.42
"VC3",91623,"/Date(1701051382000)/",23600,300,42100,993630000,-100,false,-0.42
"VC3",91437,"/Date(1701051277000)/",23600,100,41800,986550000,-100,false,-0.42
"VC3",91430,"/Date(1701051270000)/",23600,200,41700,984190000,-100,false,-0.42
"VC3",91226,"/Date(1701051146000)/",23600,200,41500,979470000,-100,false,-0.42
"VC3",91201,"/Date(1701051121000)/",23600,100,41300,974750000,-100,false,-0.42
"VC3",91156,"/Date(1701051116000)/",23600,200,41200,972390000,-100,false,-0.42
"VC3",91126,"/Date(1701051086000)/",23600,300,41000,967670000,-100,false,-0.42
"VC3",91121,"/Date(1701051081000)/",23600,100,40700,960590000,-100,false,-0.42
"VC3",91113,"/Date(1701051073000)/",23600,700,40600,958230000,-100,true,-0.42
"VC3",91014,"/Date(1701051014000)/",23700,200,39900,941710000,0,false,0
"VC3",91004,"/Date(1701051004000)/",23600,800,39700,936970000,-100,true,-0.42
"VC3",90956,"/Date(1701050996000)/",23600,100,38900,918090000,-100,false,-0.42
"VC3",90950,"/Date(1701050990000)/",23600,1300,38800,915730000,-100,false,-0.42
"VC3",90939,"/Date(1701050979000)/",23600,200,37500,885050000,-100,false,-0.42
"VC3",90928,"/Date(1701050968000)/",23600,1600,37300,880330000,-100,false,-0.42
"VC3",90921,"/Date(1701050961000)/",23700,300,35700,842570000,0,false,0
"VC3",90912,"/Date(1701050952000)/",23700,200,35400,835460000,0,false,0
"VC3",90813,"/Date(1701050893000)/",23600,3100,35200,830720000,-100,false,-0.42
"VC3",90809,"/Date(1701050889000)/",23600,300,32100,757560000,-100,false,-0.42
"VC3",90808,"/Date(1701050888000)/",23600,2400,31800,750480000,-100,false,-0.42
"VC3",90758,"/Date(1701050878000)/",23600,400,29400,693840000,-100,false,-0.42
"VC3",90752,"/Date(1701050872000)/",23600,300,29000,684400000,-100,false,-0.42
"VC3",90750,"/Date(1701050870000)/",23600,1300,28700,677320000,-100,false,-0.42
"VC3",90739,"/Date(1701050859000)/",23600,1600,27400,646640000,-100,false,-0.42
"VC3",90720,"/Date(1701050840000)/",23600,200,25800,608880000,-100,false,-0.42
"VC3",90719,"/Date(1701050839000)/",23600,1800,25600,604160000,-100,false,-0.42
"VC3",90707,"/Date(1701050827000)/",23600,2100,23800,561680000,-100,false,-0.42
"VC3",90701,"/Date(1701050821000)/",23600,200,21700,512120000,-100,false,-0.42
"VC3",90653,"/Date(1701050813000)/",23600,2600,21500,507400000,-100,false,-0.42
"VC3",90648,"/Date(1701050808000)/",23600,400,18900,446040000,-100,false,-0.42
"VC3",90646,"/Date(1701050806000)/",23600,300,18500,436600000,-100,false,-0.42
"VC3",90643,"/Date(1701050803000)/",23600,700,18200,429520000,-100,false,-0.42
"VC3",90631,"/Date(1701050791000)/",23600,1700,17500,413000000,-100,false,-0.42
"VC3",90621,"/Date(1701050781000)/",23600,200,15800,372880000,-100,false,-0.42
"VC3",90620,"/Date(1701050780000)/",23600,1600,15600,368160000,-100,false,-0.42
"VC3",90556,"/Date(1701050756000)/",23600,2500,14000,330400000,-100,false,-0.42
"VC3",90539,"/Date(1701050739000)/",23600,900,11500,271400000,-100,false,-0.42
"VC3",90522,"/Date(1701050722000)/",23600,1500,10600,250160000,-100,false,-0.42
"VC3",90511,"/Date(1701050711000)/",23600,2100,9100,214760000,-100,false,-0.42
"VC3",90459,"/Date(1701050699000)/",23600,700,7000,165200000,-100,false,-0.42
"VC3",90448,"/Date(1701050688000)/",23600,1100,6300,148680000,-100,false,-0.42
"VC3",90433,"/Date(1701050673000)/",23600,300,5200,122720000,-100,false,-0.42
"VC3",90424,"/Date(1701050664000)/",23600,800,4900,115640000,-100,false,-0.42
"VC3",90411,"/Date(1701050651000)/",23600,1200,4100,96760000,-100,false,-0.42
"VC3",90358,"/Date(1701050638000)/",23600,800,2900,68440000,-100,false,-0.42
"VC3",90342,"/Date(1701050622000)/",23600,300,2100,49560000,-100,false,-0.42
"VC3",90331,"/Date(1701050611000)/",23600,200,1800,42480000,-100,false,-0.42
"VC3",90314,"/Date(1701050594000)/",23600,200,1600,37760000,-100,false,-0.42
"VC3",90237,"/Date(1701050557000)/",23600,300,1400,33040000,-100,false,-0.42
"VC3",90229,"/Date(1701050549000)/",23600,200,1100,25960000,-100,false,-0.42
"VC3",90224,"/Date(1701050544000)/",23600,100,900,21240000,-100,false,-0.42
"VC3",90216,"/Date(1701050536000)/",23600,600,800,18880000,-100,true,-0.42
"VC3",90030,"/Date(1701050408000)/",23600,200,200,4720000,-100,false,-0.42
