"id","symbol","truncTime","matchType","matchVol","matchPrice","accumulatedVolume","createdAt","updatedAt"
150847976,"DC4","1700552694","unknown","100","9780","88300","2023-11-21T07:45:06.157Z","2023-11-21T07:45:06.157Z"
150837153,"DC4","1700551608","s","100","9730","88100","2023-11-21T07:27:01.081Z","2023-11-21T07:27:01.081Z"
150834395,"DC4","1700551542","s","1500","9730","86100","2023-11-21T07:25:54.073Z","2023-11-21T07:25:54.073Z"
150834394,"DC4","1700551542","s","500","9740","86100","2023-11-21T07:25:54.073Z","2023-11-21T07:25:54.073Z"
150826958,"DC4","1700551325","s","200","9730","85700","2023-11-21T07:22:18.043Z","2023-11-21T07:22:18.043Z"
150826957,"DC4","1700551325","s","200","9730","85700","2023-11-21T07:22:18.043Z","2023-11-21T07:22:18.043Z"
150824622,"DC4","1700551241","b","1900","9780","83700","2023-11-21T07:20:53.058Z","2023-11-21T07:20:53.058Z"
150824621,"DC4","1700551241","b","100","9780","83700","2023-11-21T07:20:53.058Z","2023-11-21T07:20:53.058Z"
150818494,"DC4","1700551043","b","100","9730","83700","2023-11-21T07:17:36.082Z","2023-11-21T07:17:36.082Z"
150813678,"DC4","1700550888","s","3800","9720","79700","2023-11-21T07:15:00.040Z","2023-11-21T07:15:00.040Z"
150813677,"DC4","1700550888","s","100","9720","79700","2023-11-21T07:15:00.040Z","2023-11-21T07:15:00.040Z"
150810685,"DC4","1700550785","s","100","9730","78800","2023-11-21T07:13:18.103Z","2023-11-21T07:13:18.103Z"
150810684,"DC4","1700550785","s","100","9730","78800","2023-11-21T07:13:18.103Z","2023-11-21T07:13:18.103Z"
150810683,"DC4","1700550785","s","700","9730","78800","2023-11-21T07:13:18.103Z","2023-11-21T07:13:18.103Z"
150808479,"DC4","1700550721","s","1000","9730","77800","2023-11-21T07:12:14.142Z","2023-11-21T07:12:14.142Z"
150807665,"DC4","1700550702","s","700","9730","77800","2023-11-21T07:11:54.048Z","2023-11-21T07:11:54.048Z"
150802723,"DC4","1700550548","s","1900","9730","77100","2023-11-21T07:09:21.061Z","2023-11-21T07:09:21.061Z"
150800600,"DC4","1700550471","s","1000","9730","74200","2023-11-21T07:08:03.032Z","2023-11-21T07:08:03.032Z"
150798773,"DC4","1700550412","s","2000","9730","72200","2023-11-21T07:07:04.030Z","2023-11-21T07:07:04.030Z"
150797734,"DC4","1700550372","s","2500","9730","69700","2023-11-21T07:06:25.043Z","2023-11-21T07:06:25.043Z"
150796911,"DC4","1700550340","b","100","9740","69600","2023-11-21T07:05:53.085Z","2023-11-21T07:05:53.085Z"
150793523,"DC4","1700550213","b","300","9740","69300","2023-11-21T07:03:46.025Z","2023-11-21T07:03:46.025Z"
150792847,"DC4","1700550186","b","500","9740","69300","2023-11-21T07:03:19.067Z","2023-11-21T07:03:19.067Z"
150782063,"DC4","1700549790","s","600","9740","68200","2023-11-21T06:56:43.132Z","2023-11-21T06:56:43.132Z"
150780142,"DC4","1700549737","s","400","9740","67700","2023-11-21T06:55:49.097Z","2023-11-21T06:55:49.097Z"
150780141,"DC4","1700549737","s","100","9740","67700","2023-11-21T06:55:49.097Z","2023-11-21T06:55:49.097Z"
150768277,"DC4","1700549422","b","100","9740","67200","2023-11-21T06:50:34.594Z","2023-11-21T06:50:34.594Z"
150768276,"DC4","1700549422","b","400","9740","67200","2023-11-21T06:50:34.594Z","2023-11-21T06:50:34.594Z"
150763089,"DC4","1700549225","s","200","9740","67200","2023-11-21T06:47:16.609Z","2023-11-21T06:47:16.609Z"
150760419,"DC4","1700549100","s","500","9740","67000","2023-11-21T06:45:12.604Z","2023-11-21T06:45:12.604Z"
150760418,"DC4","1700549100","s","300","9740","67000","2023-11-21T06:45:12.604Z","2023-11-21T06:45:12.604Z"
150760417,"DC4","1700549100","s","100","9740","67000","2023-11-21T06:45:12.604Z","2023-11-21T06:45:12.604Z"
150760044,"DC4","1700549084","b","300","9750","66100","2023-11-21T06:44:55.588Z","2023-11-21T06:44:55.588Z"
150759992,"DC4","1700549082","b","100","9750","65700","2023-11-21T06:44:53.602Z","2023-11-21T06:44:53.602Z"
150753822,"DC4","1700548873","b","100","9750","65600","2023-11-21T06:41:25.596Z","2023-11-21T06:41:25.596Z"
150712725,"DC4","1700547701","s","200","9730","65400","2023-11-21T06:21:53.582Z","2023-11-21T06:21:53.582Z"
150709425,"DC4","1700547624","s","800","9740","64600","2023-11-21T06:20:36.569Z","2023-11-21T06:20:36.569Z"
150708423,"DC4","1700547598","b","200","9740","64400","2023-11-21T06:20:10.573Z","2023-11-21T06:20:10.573Z"
150706794,"DC4","1700547540","s","100","9740","64300","2023-11-21T06:19:12.567Z","2023-11-21T06:19:12.567Z"
150706261,"DC4","1700547520","s","900","9740","63300","2023-11-21T06:18:52.608Z","2023-11-21T06:18:52.608Z"
150706260,"DC4","1700547520","s","100","9740","63300","2023-11-21T06:18:52.608Z","2023-11-21T06:18:52.608Z"
150700488,"DC4","1700547308","s","700","9740","62600","2023-11-21T06:15:20.571Z","2023-11-21T06:15:20.571Z"
150690195,"DC4","1700546941","s","700","9740","61600","2023-11-21T06:09:13.558Z","2023-11-21T06:09:13.558Z"
150690194,"DC4","1700546941","s","300","9740","61600","2023-11-21T06:09:13.558Z","2023-11-21T06:09:13.558Z"
150689452,"DC4","1700546913","b","100","9750","61500","2023-11-21T06:08:46.589Z","2023-11-21T06:08:46.589Z"
150689047,"DC4","1700546905","b","300","9750","61500","2023-11-21T06:08:37.571Z","2023-11-21T06:08:37.571Z"
150687654,"DC4","1700546853","s","100","9750","61100","2023-11-21T06:07:45.579Z","2023-11-21T06:07:45.579Z"
150680128,"DC4","1700546603","b","700","9740","61100","2023-11-21T06:03:36.578Z","2023-11-21T06:03:36.578Z"
150679952,"DC4","1700546597","b","100","9740","60300","2023-11-21T06:03:30.573Z","2023-11-21T06:03:30.573Z"
150678513,"DC4","1700546555","s","100","9740","60200","2023-11-21T06:02:47.572Z","2023-11-21T06:02:47.572Z"
150676783,"DC4","1700546501","s","1000","9750","58100","2023-11-21T06:01:53.553Z","2023-11-21T06:01:53.553Z"
150676782,"DC4","1700546501","s","1000","9750","58100","2023-11-21T06:01:53.553Z","2023-11-21T06:01:53.553Z"
150676781,"DC4","1700546501","s","100","9750","58100","2023-11-21T06:01:53.553Z","2023-11-21T06:01:53.553Z"
150672999,"DC4","1700546410","s","1000","9760","58100","2023-11-21T06:00:23.628Z","2023-11-21T06:00:23.628Z"
150672998,"DC4","1700546410","s","1000","9760","58100","2023-11-21T06:00:23.628Z","2023-11-21T06:00:23.628Z"
150672155,"DC4","1700546405","s","100","9770","56000","2023-11-21T06:00:17.607Z","2023-11-21T06:00:17.607Z"
150642801,"DC4","1700539330","s","1900","9770","54000","2023-11-21T04:02:23.438Z","2023-11-21T04:02:23.438Z"
150642800,"DC4","1700539330","s","100","9770","54000","2023-11-21T04:02:23.438Z","2023-11-21T04:02:23.438Z"
150630612,"DC4","1700538598","b","600","9810","53400","2023-11-21T03:50:10.416Z","2023-11-21T03:50:10.416Z"
150598258,"DC4","1700536892","b","1100","9810","50400","2023-11-21T03:21:45.406Z","2023-11-21T03:21:45.406Z"
150598257,"DC4","1700536892","b","1000","9810","50400","2023-11-21T03:21:45.406Z","2023-11-21T03:21:45.406Z"
150598256,"DC4","1700536892","b","900","9800","50400","2023-11-21T03:21:45.406Z","2023-11-21T03:21:45.406Z"
150595412,"DC4","1700536706","s","600","9800","49800","2023-11-21T03:18:39.418Z","2023-11-21T03:18:39.418Z"
150595383,"DC4","1700536704","s","400","9800","49800","2023-11-21T03:18:36.430Z","2023-11-21T03:18:36.430Z"
150595382,"DC4","1700536704","s","300","9800","49800","2023-11-21T03:18:36.430Z","2023-11-21T03:18:36.430Z"
150595381,"DC4","1700536704","s","100","9800","49800","2023-11-21T03:18:36.430Z","2023-11-21T03:18:36.430Z"
150595380,"DC4","1700536704","s","200","9800","49800","2023-11-21T03:18:36.430Z","2023-11-21T03:18:36.430Z"
150585342,"DC4","1700536133","s","1800","9800","47000","2023-11-21T03:09:05.399Z","2023-11-21T03:09:05.399Z"
150584619,"DC4","1700536096","s","500","9800","46500","2023-11-21T03:08:28.406Z","2023-11-21T03:08:28.406Z"
150575645,"DC4","1700535659","s","400","9800","46100","2023-11-21T03:01:11.389Z","2023-11-21T03:01:11.389Z"
150572314,"DC4","1700535504","s","6700","9800","46100","2023-11-21T02:58:36.389Z","2023-11-21T02:58:36.389Z"
150572313,"DC4","1700535504","s","200","9810","46100","2023-11-21T02:58:36.389Z","2023-11-21T02:58:36.389Z"
150571601,"DC4","1700535474","b","800","9810","38400","2023-11-21T02:58:06.389Z","2023-11-21T02:58:06.389Z"
150570841,"DC4","1700535435","b","100","9810","38400","2023-11-21T02:57:27.391Z","2023-11-21T02:57:27.391Z"
150570599,"DC4","1700535424","s","2000","9800","38300","2023-11-21T02:57:17.390Z","2023-11-21T02:57:17.390Z"
150566615,"DC4","1700535239","s","900","9800","31300","2023-11-21T02:54:11.398Z","2023-11-21T02:54:11.398Z"
150566614,"DC4","1700535239","s","4100","9800","31300","2023-11-21T02:54:11.398Z","2023-11-21T02:54:11.398Z"
150565696,"DC4","1700535196","s","1900","9800","28300","2023-11-21T02:53:28.406Z","2023-11-21T02:53:28.406Z"
150565695,"DC4","1700535196","s","1000","9800","28300","2023-11-21T02:53:28.406Z","2023-11-21T02:53:28.406Z"
150565694,"DC4","1700535196","s","100","9800","28300","2023-11-21T02:53:28.406Z","2023-11-21T02:53:28.406Z"
150564925,"DC4","1700535152","s","600","9800","27700","2023-11-21T02:52:44.384Z","2023-11-21T02:52:44.384Z"
150562575,"DC4","1700535047","s","100","9810","27600","2023-11-21T02:50:59.436Z","2023-11-21T02:50:59.436Z"
150559674,"DC4","1700534924","s","200","9820","27400","2023-11-21T02:48:56.389Z","2023-11-21T02:48:56.389Z"
150548441,"DC4","1700534503","b","2200","9800","24100","2023-11-21T02:41:55.380Z","2023-11-21T02:41:55.380Z"
150548440,"DC4","1700534503","b","500","9800","24100","2023-11-21T02:41:55.380Z","2023-11-21T02:41:55.380Z"
150548439,"DC4","1700534503","b","600","9800","24100","2023-11-21T02:41:55.380Z","2023-11-21T02:41:55.380Z"
150539563,"DC4","1700534171","b","300","9800","23800","2023-11-21T02:36:23.377Z","2023-11-21T02:36:23.377Z"
150536566,"DC4","1700534061","b","100","9800","23700","2023-11-21T02:34:33.394Z","2023-11-21T02:34:33.394Z"
150533569,"DC4","1700533948","b","2000","9800","21700","2023-11-21T02:32:41.374Z","2023-11-21T02:32:41.374Z"
150530440,"DC4","1700533844","b","100","9800","21600","2023-11-21T02:30:56.367Z","2023-11-21T02:30:56.367Z"
150529550,"DC4","1700533813","b","2100","9800","19500","2023-11-21T02:30:25.366Z","2023-11-21T02:30:25.366Z"
150521255,"DC4","1700533597","b","6000","9800","13500","2023-11-21T02:26:49.375Z","2023-11-21T02:26:49.375Z"
150515891,"DC4","1700533433","b","2000","9800","11500","2023-11-21T02:24:05.363Z","2023-11-21T02:24:05.363Z"
150511459,"DC4","1700533268","s","7200","9800","11500","2023-11-21T02:21:19.377Z","2023-11-21T02:21:19.377Z"
150509400,"DC4","1700533194","s","800","9800","3500","2023-11-21T02:20:07.371Z","2023-11-21T02:20:07.371Z"
150509140,"DC4","1700533184","b","500","9800","3000","2023-11-21T02:19:57.365Z","2023-11-21T02:19:57.365Z"
150508294,"DC4","1700533157","b","600","9800","2400","2023-11-21T02:19:29.362Z","2023-11-21T02:19:29.362Z"
150506156,"DC4","1700533089","b","200","9800","2200","2023-11-21T02:18:22.370Z","2023-11-21T02:18:22.370Z"
150501818,"DC4","1700532968","b","2000","9800","200","2023-11-21T02:16:20.358Z","2023-11-21T02:16:20.358Z"
150499399,"DC4","1700532892","unknown","200","9740","0","2023-11-21T02:15:03.380Z","2023-11-21T02:15:03.380Z"
