"id","symbol","truncTime","matchType","matchVol","matchPrice","accumulatedVolume","createdAt","updatedAt"
150848005,"DXG","1700552694","unknown","493000","20250","14498700","2023-11-21T07:45:08.265Z","2023-11-21T07:45:08.265Z"
150847209,"DXG","1700551790","s","6000","20250","13999700","2023-11-21T07:30:02.132Z","2023-11-21T07:30:02.132Z"
150847065,"DXG","1700551788","b","2000","20300","13997700","2023-11-21T07:30:01.099Z","2023-11-21T07:30:01.099Z"
150846873,"DXG","1700551787","b","100","20300","13997600","2023-11-21T07:29:59.152Z","2023-11-21T07:29:59.152Z"
150846738,"DXG","1700551785","b","20000","20300","13977600","2023-11-21T07:29:58.186Z","2023-11-21T07:29:58.186Z"
150846693,"DXG","1700551783","b","1000","20300","13976600","2023-11-21T07:29:56.064Z","2023-11-21T07:29:56.064Z"
150846486,"DXG","1700551781","b","4600","20300","13972000","2023-11-21T07:29:53.066Z","2023-11-21T07:29:53.066Z"
150846463,"DXG","1700551780","b","200","20300","13971800","2023-11-21T07:29:53.066Z","2023-11-21T07:29:53.066Z"
150846446,"DXG","1700551779","b","200","20300","13971600","2023-11-21T07:29:52.056Z","2023-11-21T07:29:52.056Z"
150846397,"DXG","1700551778","b","15000","20300","13971600","2023-11-21T07:29:51.092Z","2023-11-21T07:29:51.092Z"
150846305,"DXG","1700551776","b","100","20300","13956500","2023-11-21T07:29:49.094Z","2023-11-21T07:29:49.094Z"
150846248,"DXG","1700551775","b","500","20300","13956000","2023-11-21T07:29:48.145Z","2023-11-21T07:29:48.145Z"
150846133,"DXG","1700551773","b","47300","20300","13956000","2023-11-21T07:29:46.086Z","2023-11-21T07:29:46.086Z"
150846132,"DXG","1700551773","b","1400","20300","13956000","2023-11-21T07:29:46.086Z","2023-11-21T07:29:46.086Z"
150846131,"DXG","1700551773","b","100","20300","13956000","2023-11-21T07:29:46.086Z","2023-11-21T07:29:46.086Z"
150846130,"DXG","1700551773","b","2000","20300","13956000","2023-11-21T07:29:46.086Z","2023-11-21T07:29:46.086Z"
150846129,"DXG","1700551773","b","200","20300","13956000","2023-11-21T07:29:46.086Z","2023-11-21T07:29:46.086Z"
150846128,"DXG","1700551773","b","1200","20300","13956000","2023-11-21T07:29:46.086Z","2023-11-21T07:29:46.086Z"
150846127,"DXG","1700551773","b","2000","20300","13956000","2023-11-21T07:29:46.086Z","2023-11-21T07:29:46.086Z"
150846126,"DXG","1700551773","b","2000","20300","13956000","2023-11-21T07:29:46.086Z","2023-11-21T07:29:46.086Z"
150846125,"DXG","1700551773","b","200","20300","13956000","2023-11-21T07:29:46.086Z","2023-11-21T07:29:46.086Z"
150846124,"DXG","1700551773","b","1000","20300","13956000","2023-11-21T07:29:46.086Z","2023-11-21T07:29:46.086Z"
150846123,"DXG","1700551773","b","900","20300","13956000","2023-11-21T07:29:46.086Z","2023-11-21T07:29:46.086Z"
150846122,"DXG","1700551773","b","3000","20300","13956000","2023-11-21T07:29:46.086Z","2023-11-21T07:29:46.086Z"
150846121,"DXG","1700551773","b","500","20300","13956000","2023-11-21T07:29:46.086Z","2023-11-21T07:29:46.086Z"
150846120,"DXG","1700551773","b","5000","20300","13956000","2023-11-21T07:29:46.086Z","2023-11-21T07:29:46.086Z"
150846119,"DXG","1700551773","b","500","20300","13956000","2023-11-21T07:29:46.086Z","2023-11-21T07:29:46.086Z"
150846118,"DXG","1700551773","b","500","20300","13956000","2023-11-21T07:29:46.086Z","2023-11-21T07:29:46.086Z"
150846117,"DXG","1700551773","b","10000","20300","13956000","2023-11-21T07:29:46.086Z","2023-11-21T07:29:46.086Z"
150846116,"DXG","1700551773","b","100","20300","13956000","2023-11-21T07:29:46.086Z","2023-11-21T07:29:46.086Z"
150846115,"DXG","1700551773","b","300","20300","13956000","2023-11-21T07:29:46.086Z","2023-11-21T07:29:46.086Z"
150846114,"DXG","1700551773","b","200","20300","13956000","2023-11-21T07:29:46.086Z","2023-11-21T07:29:46.086Z"
150846113,"DXG","1700551773","b","3000","20300","13956000","2023-11-21T07:29:46.086Z","2023-11-21T07:29:46.086Z"
150846112,"DXG","1700551773","b","100","20300","13956000","2023-11-21T07:29:46.086Z","2023-11-21T07:29:46.086Z"
150846111,"DXG","1700551773","b","7500","20300","13956000","2023-11-21T07:29:46.086Z","2023-11-21T07:29:46.086Z"
150846075,"DXG","1700551772","b","300","20300","13867000","2023-11-21T07:29:46.086Z","2023-11-21T07:29:46.086Z"
150846027,"DXG","1700551772","s","1000","20250","13865700","2023-11-21T07:29:45.080Z","2023-11-21T07:29:45.080Z"
150845875,"DXG","1700551770","b","100","20300","13865700","2023-11-21T07:29:43.111Z","2023-11-21T07:29:43.111Z"
150845836,"DXG","1700551769","b","500","20300","13865100","2023-11-21T07:29:41.068Z","2023-11-21T07:29:41.068Z"
150845816,"DXG","1700551769","b","2000","20300","13863100","2023-11-21T07:29:41.068Z","2023-11-21T07:29:41.068Z"
150845738,"DXG","1700551767","b","1500","20300","13861000","2023-11-21T07:29:40.145Z","2023-11-21T07:29:40.145Z"
150845737,"DXG","1700551767","b","600","20300","13861000","2023-11-21T07:29:40.145Z","2023-11-21T07:29:40.145Z"
150845187,"DXG","1700551759","b","300","20300","13860500","2023-11-21T07:29:31.073Z","2023-11-21T07:29:31.073Z"
150845186,"DXG","1700551759","b","100","20300","13860500","2023-11-21T07:29:31.073Z","2023-11-21T07:29:31.073Z"
150845185,"DXG","1700551759","b","100","20300","13860500","2023-11-21T07:29:31.073Z","2023-11-21T07:29:31.073Z"
150845089,"DXG","1700551757","s","300","20250","13860200","2023-11-21T07:29:30.054Z","2023-11-21T07:29:30.054Z"
150845074,"DXG","1700551757","b","300","20300","13859700","2023-11-21T07:29:29.152Z","2023-11-21T07:29:29.152Z"
150845073,"DXG","1700551757","b","200","20300","13859700","2023-11-21T07:29:29.152Z","2023-11-21T07:29:29.152Z"
150845057,"DXG","1700551757","b","1800","20300","13859700","2023-11-21T07:29:29.152Z","2023-11-21T07:29:29.152Z"
150845056,"DXG","1700551757","b","7000","20300","13859700","2023-11-21T07:29:29.152Z","2023-11-21T07:29:29.152Z"
150845055,"DXG","1700551757","b","200","20300","13859700","2023-11-21T07:29:29.152Z","2023-11-21T07:29:29.152Z"
150845054,"DXG","1700551757","b","2000","20300","13859700","2023-11-21T07:29:29.152Z","2023-11-21T07:29:29.152Z"
150845053,"DXG","1700551757","b","400","20300","13859700","2023-11-21T07:29:29.152Z","2023-11-21T07:29:29.152Z"
150845052,"DXG","1700551757","b","200","20300","13859700","2023-11-21T07:29:29.152Z","2023-11-21T07:29:29.152Z"
150845051,"DXG","1700551757","b","6500","20300","13859700","2023-11-21T07:29:29.152Z","2023-11-21T07:29:29.152Z"
150845050,"DXG","1700551757","b","100","20300","13859700","2023-11-21T07:29:29.152Z","2023-11-21T07:29:29.152Z"
150845049,"DXG","1700551757","b","500","20300","13859700","2023-11-21T07:29:29.152Z","2023-11-21T07:29:29.152Z"
150845048,"DXG","1700551757","b","1000","20300","13859700","2023-11-21T07:29:29.152Z","2023-11-21T07:29:29.152Z"
150845047,"DXG","1700551757","b","300","20300","13859700","2023-11-21T07:29:29.152Z","2023-11-21T07:29:29.152Z"
150844730,"DXG","1700551751","b","100","20300","13839700","2023-11-21T07:29:24.120Z","2023-11-21T07:29:24.120Z"
150844685,"DXG","1700551750","b","100","20300","13837500","2023-11-21T07:29:23.066Z","2023-11-21T07:29:23.066Z"
150844684,"DXG","1700551750","b","300","20300","13837500","2023-11-21T07:29:23.066Z","2023-11-21T07:29:23.066Z"
150844683,"DXG","1700551750","b","1000","20300","13837500","2023-11-21T07:29:23.066Z","2023-11-21T07:29:23.066Z"
150844682,"DXG","1700551750","b","200","20300","13837500","2023-11-21T07:29:23.066Z","2023-11-21T07:29:23.066Z"
150844681,"DXG","1700551750","b","500","20300","13837500","2023-11-21T07:29:23.066Z","2023-11-21T07:29:23.066Z"
150844678,"DXG","1700551750","b","100","20300","13837500","2023-11-21T07:29:23.066Z","2023-11-21T07:29:23.066Z"
150844605,"DXG","1700551749","b","300","20300","13837400","2023-11-21T07:29:22.056Z","2023-11-21T07:29:22.056Z"
150844604,"DXG","1700551749","b","1700","20300","13837400","2023-11-21T07:29:22.056Z","2023-11-21T07:29:22.056Z"
150844526,"DXG","1700551748","b","200","20300","13830200","2023-11-21T07:29:21.083Z","2023-11-21T07:29:21.083Z"
150844525,"DXG","1700551748","s","5000","20250","13830200","2023-11-21T07:29:21.083Z","2023-11-21T07:29:21.083Z"
150844467,"DXG","1700551747","b","100","20300","13825200","2023-11-21T07:29:19.072Z","2023-11-21T07:29:19.072Z"
150844466,"DXG","1700551747","b","100","20300","13825200","2023-11-21T07:29:19.072Z","2023-11-21T07:29:19.072Z"
150844465,"DXG","1700551747","b","2000","20300","13825200","2023-11-21T07:29:19.072Z","2023-11-21T07:29:19.072Z"
150844464,"DXG","1700551747","b","2000","20300","13825200","2023-11-21T07:29:19.072Z","2023-11-21T07:29:19.072Z"
150844463,"DXG","1700551747","b","100","20300","13825200","2023-11-21T07:29:19.072Z","2023-11-21T07:29:19.072Z"
150844462,"DXG","1700551747","b","100","20300","13825200","2023-11-21T07:29:19.072Z","2023-11-21T07:29:19.072Z"
150844461,"DXG","1700551747","b","600","20300","13825200","2023-11-21T07:29:19.072Z","2023-11-21T07:29:19.072Z"
150844372,"DXG","1700551745","s","100","20250","13825200","2023-11-21T07:29:18.249Z","2023-11-21T07:29:18.249Z"
150844298,"DXG","1700551745","b","900","20300","13625100","2023-11-21T07:29:18.249Z","2023-11-21T07:29:18.249Z"
150844297,"DXG","1700551745","b","300","20300","13625100","2023-11-21T07:29:18.249Z","2023-11-21T07:29:18.249Z"
150844296,"DXG","1700551745","b","200","20300","13625100","2023-11-21T07:29:18.249Z","2023-11-21T07:29:18.249Z"
150844295,"DXG","1700551745","b","2300","20300","13625100","2023-11-21T07:29:18.249Z","2023-11-21T07:29:18.249Z"
150844294,"DXG","1700551745","b","2000","20300","13625100","2023-11-21T07:29:18.249Z","2023-11-21T07:29:18.249Z"
150844293,"DXG","1700551745","b","100","20300","13625100","2023-11-21T07:29:18.249Z","2023-11-21T07:29:18.249Z"
150844292,"DXG","1700551745","b","400","20300","13625100","2023-11-21T07:29:18.249Z","2023-11-21T07:29:18.249Z"
150844291,"DXG","1700551745","b","1000","20300","13625100","2023-11-21T07:29:18.249Z","2023-11-21T07:29:18.249Z"
150844290,"DXG","1700551745","b","200","20300","13625100","2023-11-21T07:29:18.249Z","2023-11-21T07:29:18.249Z"
150844289,"DXG","1700551745","b","3000","20300","13625100","2023-11-21T07:29:18.249Z","2023-11-21T07:29:18.249Z"
150844288,"DXG","1700551745","b","300","20300","13625100","2023-11-21T07:29:18.249Z","2023-11-21T07:29:18.249Z"
150844287,"DXG","1700551745","b","500","20300","13625100","2023-11-21T07:29:18.249Z","2023-11-21T07:29:18.249Z"
150844286,"DXG","1700551745","b","1500","20300","13625100","2023-11-21T07:29:18.249Z","2023-11-21T07:29:18.249Z"
150844285,"DXG","1700551745","b","5000","20300","13625100","2023-11-21T07:29:18.249Z","2023-11-21T07:29:18.249Z"
150844284,"DXG","1700551745","b","20000","20300","13625100","2023-11-21T07:29:18.249Z","2023-11-21T07:29:18.249Z"
150844283,"DXG","1700551745","b","100","20300","13625100","2023-11-21T07:29:18.249Z","2023-11-21T07:29:18.249Z"
150844282,"DXG","1700551745","b","10000","20300","13625100","2023-11-21T07:29:18.249Z","2023-11-21T07:29:18.249Z"
150844281,"DXG","1700551745","b","100","20300","13625100","2023-11-21T07:29:18.249Z","2023-11-21T07:29:18.249Z"
150844280,"DXG","1700551745","b","2000","20300","13625100","2023-11-21T07:29:18.249Z","2023-11-21T07:29:18.249Z"
150844279,"DXG","1700551745","b","2000","20300","13625100","2023-11-21T07:29:18.249Z","2023-11-21T07:29:18.249Z"
150844278,"DXG","1700551745","b","300","20300","13625100","2023-11-21T07:29:18.249Z","2023-11-21T07:29:18.249Z"
150844277,"DXG","1700551745","b","6300","20300","13625100","2023-11-21T07:29:18.249Z","2023-11-21T07:29:18.249Z"
