"id","symbol","truncTime","matchType","matchVol","matchPrice","accumulatedVolume","createdAt","updatedAt"
150847935,"HNG","1700552693","unknown","13600","3770","2296700","2023-11-21T07:45:06.157Z","2023-11-21T07:45:06.157Z"
150846514,"HNG","1700551781","s","1100","3760","2296700","2023-11-21T07:29:54.085Z","2023-11-21T07:29:54.085Z"
150846513,"HNG","1700551781","s","1000","3760","2296700","2023-11-21T07:29:54.085Z","2023-11-21T07:29:54.085Z"
150844907,"HNG","1700551755","s","1000","3760","2293600","2023-11-21T07:29:28.283Z","2023-11-21T07:29:28.283Z"
150843657,"HNG","1700551735","s","5000","3760","2288600","2023-11-21T07:29:07.069Z","2023-11-21T07:29:07.069Z"
150842792,"HNG","1700551716","b","3000","3770","2285600","2023-11-21T07:28:48.102Z","2023-11-21T07:28:48.102Z"
150842599,"HNG","1700551712","b","200","3770","2285600","2023-11-21T07:28:45.115Z","2023-11-21T07:28:45.115Z"
150840767,"HNG","1700551680","s","1000","3770","2272700","2023-11-21T07:28:13.137Z","2023-11-21T07:28:13.137Z"
150840766,"HNG","1700551680","s","200","3770","2272700","2023-11-21T07:28:13.137Z","2023-11-21T07:28:13.137Z"
150840765,"HNG","1700551680","s","100","3770","2272700","2023-11-21T07:28:13.137Z","2023-11-21T07:28:13.137Z"
150840764,"HNG","1700551680","s","5000","3770","2272700","2023-11-21T07:28:13.137Z","2023-11-21T07:28:13.137Z"
150840763,"HNG","1700551680","s","2400","3770","2272700","2023-11-21T07:28:13.137Z","2023-11-21T07:28:13.137Z"
150840762,"HNG","1700551680","s","3000","3780","2272700","2023-11-21T07:28:13.137Z","2023-11-21T07:28:13.137Z"
150840761,"HNG","1700551680","s","1000","3780","2272700","2023-11-21T07:28:13.137Z","2023-11-21T07:28:13.137Z"
150838783,"HNG","1700551644","s","3000","3770","2269700","2023-11-21T07:27:37.085Z","2023-11-21T07:27:37.085Z"
150838775,"HNG","1700551644","b","1000","3780","2268700","2023-11-21T07:27:37.085Z","2023-11-21T07:27:37.085Z"
150836436,"HNG","1700551593","b","1000","3780","2268700","2023-11-21T07:26:45.056Z","2023-11-21T07:26:45.056Z"
150836288,"HNG","1700551588","s","3900","3780","2267700","2023-11-21T07:26:41.065Z","2023-11-21T07:26:41.065Z"
150836287,"HNG","1700551588","s","600","3780","2267700","2023-11-21T07:26:41.065Z","2023-11-21T07:26:41.065Z"
150836286,"HNG","1700551588","s","500","3780","2267700","2023-11-21T07:26:41.065Z","2023-11-21T07:26:41.065Z"
150830419,"HNG","1700551443","s","2600","3780","2262700","2023-11-21T07:24:16.063Z","2023-11-21T07:24:16.063Z"
150829906,"HNG","1700551426","s","5000","3780","2260100","2023-11-21T07:23:59.063Z","2023-11-21T07:23:59.063Z"
150828715,"HNG","1700551385","s","1800","3780","2255100","2023-11-21T07:23:17.059Z","2023-11-21T07:23:17.059Z"
150828714,"HNG","1700551385","s","2200","3780","2255100","2023-11-21T07:23:17.059Z","2023-11-21T07:23:17.059Z"
150828029,"HNG","1700551362","s","100","3780","2251100","2023-11-21T07:22:55.090Z","2023-11-21T07:22:55.090Z"
150824254,"HNG","1700551228","b","1000","3780","2249300","2023-11-21T07:20:40.061Z","2023-11-21T07:20:40.061Z"
150824253,"HNG","1700551228","b","700","3780","2249300","2023-11-21T07:20:40.061Z","2023-11-21T07:20:40.061Z"
150823275,"HNG","1700551193","b","300","3780","2249300","2023-11-21T07:20:05.059Z","2023-11-21T07:20:05.059Z"
150822442,"HNG","1700551165","s","2000","3770","2247000","2023-11-21T07:19:37.073Z","2023-11-21T07:19:37.073Z"
150820803,"HNG","1700551115","s","2600","3770","2243500","2023-11-21T07:18:47.066Z","2023-11-21T07:18:47.066Z"
150820802,"HNG","1700551115","s","200","3770","2243500","2023-11-21T07:18:47.066Z","2023-11-21T07:18:47.066Z"
150820801,"HNG","1700551115","s","100","3770","2243500","2023-11-21T07:18:47.066Z","2023-11-21T07:18:47.066Z"
150820800,"HNG","1700551115","s","600","3770","2243500","2023-11-21T07:18:47.066Z","2023-11-21T07:18:47.066Z"
150817735,"HNG","1700551016","s","3000","3770","2243500","2023-11-21T07:17:09.048Z","2023-11-21T07:17:09.048Z"
150817712,"HNG","1700551016","b","200","3780","2240500","2023-11-21T07:17:08.063Z","2023-11-21T07:17:08.063Z"
150816222,"HNG","1700550969","s","100","3780","2240000","2023-11-21T07:16:21.039Z","2023-11-21T07:16:21.039Z"
150816221,"HNG","1700550969","s","200","3780","2240000","2023-11-21T07:16:21.039Z","2023-11-21T07:16:21.039Z"
150811755,"HNG","1700550823","b","900","3790","2240000","2023-11-21T07:13:56.075Z","2023-11-21T07:13:56.075Z"
150810740,"HNG","1700550786","b","200","3790","2239100","2023-11-21T07:13:19.100Z","2023-11-21T07:13:19.100Z"
150809634,"HNG","1700550751","s","1000","3780","2238900","2023-11-21T07:12:44.066Z","2023-11-21T07:12:44.066Z"
150806578,"HNG","1700550678","s","2000","3780","2235100","2023-11-21T07:11:31.049Z","2023-11-21T07:11:31.049Z"
150806577,"HNG","1700550678","s","100","3780","2235100","2023-11-21T07:11:31.049Z","2023-11-21T07:11:31.049Z"
150806575,"HNG","1700550678","s","700","3780","2235100","2023-11-21T07:11:31.049Z","2023-11-21T07:11:31.049Z"
150804953,"HNG","1700550631","s","3300","3780","2223100","2023-11-21T07:10:43.081Z","2023-11-21T07:10:43.081Z"
150804952,"HNG","1700550631","s","3000","3780","2223100","2023-11-21T07:10:43.081Z","2023-11-21T07:10:43.081Z"
150804951,"HNG","1700550631","s","1000","3780","2223100","2023-11-21T07:10:43.081Z","2023-11-21T07:10:43.081Z"
150804950,"HNG","1700550631","s","3000","3780","2223100","2023-11-21T07:10:43.081Z","2023-11-21T07:10:43.081Z"
150804949,"HNG","1700550631","s","1000","3780","2223100","2023-11-21T07:10:43.081Z","2023-11-21T07:10:43.081Z"
150804948,"HNG","1700550631","s","100","3780","2223100","2023-11-21T07:10:43.081Z","2023-11-21T07:10:43.081Z"
150804947,"HNG","1700550631","s","500","3780","2223100","2023-11-21T07:10:43.081Z","2023-11-21T07:10:43.081Z"
150804946,"HNG","1700550631","s","100","3780","2223100","2023-11-21T07:10:43.081Z","2023-11-21T07:10:43.081Z"
150804368,"HNG","1700550608","s","400","3790","2223100","2023-11-21T07:10:21.034Z","2023-11-21T07:10:21.034Z"
150804158,"HNG","1700550601","s","200","3790","2222700","2023-11-21T07:10:14.048Z","2023-11-21T07:10:14.048Z"
150803607,"HNG","1700550579","s","400","3790","2217500","2023-11-21T07:09:51.059Z","2023-11-21T07:09:51.059Z"
150803606,"HNG","1700550579","s","400","3790","2217500","2023-11-21T07:09:51.059Z","2023-11-21T07:09:51.059Z"
150803605,"HNG","1700550579","s","100","3790","2217500","2023-11-21T07:09:51.059Z","2023-11-21T07:09:51.059Z"
150803604,"HNG","1700550579","s","2000","3790","2217500","2023-11-21T07:09:51.059Z","2023-11-21T07:09:51.059Z"
150803603,"HNG","1700550579","s","400","3790","2217500","2023-11-21T07:09:51.059Z","2023-11-21T07:09:51.059Z"
150803602,"HNG","1700550579","s","1700","3790","2217500","2023-11-21T07:09:51.059Z","2023-11-21T07:09:51.059Z"
150802339,"HNG","1700550532","s","10000","3800","2217500","2023-11-21T07:09:04.051Z","2023-11-21T07:09:04.051Z"
150802338,"HNG","1700550532","s","1000","3800","2217500","2023-11-21T07:09:04.051Z","2023-11-21T07:09:04.051Z"
150802337,"HNG","1700550532","s","8000","3800","2217500","2023-11-21T07:09:04.051Z","2023-11-21T07:09:04.051Z"
150802336,"HNG","1700550532","s","100","3800","2217500","2023-11-21T07:09:04.051Z","2023-11-21T07:09:04.051Z"
150802335,"HNG","1700550532","s","1000","3800","2217500","2023-11-21T07:09:04.051Z","2023-11-21T07:09:04.051Z"
150802334,"HNG","1700550532","s","300","3800","2217500","2023-11-21T07:09:04.051Z","2023-11-21T07:09:04.051Z"
150802333,"HNG","1700550532","s","2200","3800","2217500","2023-11-21T07:09:04.051Z","2023-11-21T07:09:04.051Z"
150802332,"HNG","1700550532","s","200","3800","2217500","2023-11-21T07:09:04.051Z","2023-11-21T07:09:04.051Z"
150802216,"HNG","1700550527","s","100","3800","2194700","2023-11-21T07:09:00.060Z","2023-11-21T07:09:00.060Z"
150802215,"HNG","1700550527","s","7900","3800","2194700","2023-11-21T07:09:00.060Z","2023-11-21T07:09:00.060Z"
150801774,"HNG","1700550515","s","3100","3800","2186700","2023-11-21T07:08:48.062Z","2023-11-21T07:08:48.062Z"
150801773,"HNG","1700550515","s","1000","3800","2186700","2023-11-21T07:08:48.062Z","2023-11-21T07:08:48.062Z"
150801772,"HNG","1700550515","s","1000","3800","2186700","2023-11-21T07:08:48.062Z","2023-11-21T07:08:48.062Z"
150801771,"HNG","1700550515","s","14900","3800","2186700","2023-11-21T07:08:48.062Z","2023-11-21T07:08:48.062Z"
150801649,"HNG","1700550510","s","600","3800","2166700","2023-11-21T07:08:43.059Z","2023-11-21T07:08:43.059Z"
150801564,"HNG","1700550505","s","50000","3800","2116100","2023-11-21T07:08:38.062Z","2023-11-21T07:08:38.062Z"
150801268,"HNG","1700550492","s","6000","3800","2110100","2023-11-21T07:08:25.102Z","2023-11-21T07:08:25.102Z"
150801195,"HNG","1700550490","s","10000","3800","2110100","2023-11-21T07:08:22.088Z","2023-11-21T07:08:22.088Z"
150801148,"HNG","1700550488","s","50000","3800","2100100","2023-11-21T07:08:20.029Z","2023-11-21T07:08:20.029Z"
150800667,"HNG","1700550473","s","100","3800","2050100","2023-11-21T07:08:06.049Z","2023-11-21T07:08:06.049Z"
150800551,"HNG","1700550468","s","6900","3800","2050000","2023-11-21T07:08:01.057Z","2023-11-21T07:08:01.057Z"
150798430,"HNG","1700550399","s","2500","3800","2043100","2023-11-21T07:06:51.060Z","2023-11-21T07:06:51.060Z"
150798283,"HNG","1700550394","s","600","3800","2040000","2023-11-21T07:06:47.077Z","2023-11-21T07:06:47.077Z"
150798067,"HNG","1700550384","s","2800","3800","2037200","2023-11-21T07:06:36.060Z","2023-11-21T07:06:36.060Z"
150797652,"HNG","1700550369","s","300","3800","2036900","2023-11-21T07:06:22.034Z","2023-11-21T07:06:22.034Z"
150796097,"HNG","1700550307","b","26500","3810","2036900","2023-11-21T07:05:20.028Z","2023-11-21T07:05:20.028Z"
150794855,"HNG","1700550259","b","100","3810","2010400","2023-11-21T07:04:32.052Z","2023-11-21T07:04:32.052Z"
150793625,"HNG","1700550217","s","200","3800","2010100","2023-11-21T07:03:50.094Z","2023-11-21T07:03:50.094Z"
150793469,"HNG","1700550212","s","5000","3800","2010100","2023-11-21T07:03:44.034Z","2023-11-21T07:03:44.034Z"
150792693,"HNG","1700550178","s","5000","3800","2000100","2023-11-21T07:03:11.060Z","2023-11-21T07:03:11.060Z"
150792223,"HNG","1700550159","s","300","3800","1999800","2023-11-21T07:02:52.026Z","2023-11-21T07:02:52.026Z"
150791468,"HNG","1700550130","s","500","3800","1999800","2023-11-21T07:02:22.030Z","2023-11-21T07:02:22.030Z"
150791220,"HNG","1700550124","s","144300","3800","1837900","2023-11-21T07:02:17.027Z","2023-11-21T07:02:17.027Z"
150791219,"HNG","1700550124","s","16300","3800","1837900","2023-11-21T07:02:17.027Z","2023-11-21T07:02:17.027Z"
150791218,"HNG","1700550124","s","800","3800","1837900","2023-11-21T07:02:17.027Z","2023-11-21T07:02:17.027Z"
150791162,"HNG","1700550122","s","200","3800","1837900","2023-11-21T07:02:15.077Z","2023-11-21T07:02:15.077Z"
150791161,"HNG","1700550122","s","100","3800","1837900","2023-11-21T07:02:15.077Z","2023-11-21T07:02:15.077Z"
150791160,"HNG","1700550122","s","300","3800","1837900","2023-11-21T07:02:15.077Z","2023-11-21T07:02:15.077Z"
150791159,"HNG","1700550122","s","1000","3800","1837900","2023-11-21T07:02:15.077Z","2023-11-21T07:02:15.077Z"
150791158,"HNG","1700550122","s","8800","3800","1837900","2023-11-21T07:02:15.077Z","2023-11-21T07:02:15.077Z"
150791157,"HNG","1700550122","s","14600","3800","1837900","2023-11-21T07:02:15.077Z","2023-11-21T07:02:15.077Z"
