"id","symbol","truncTime","matchType","matchVol","matchPrice","accumulatedVolume","createdAt","updatedAt"
150848021,"HUB","1700552694","unknown","200","16350","151000","2023-11-21T07:45:08.265Z","2023-11-21T07:45:08.265Z"
150825749,"HUB","1700551283","s","500","16100","150500","2023-11-21T07:21:36.042Z","2023-11-21T07:21:36.042Z"
150823996,"HUB","1700551217","b","500","16050","150000","2023-11-21T07:20:30.048Z","2023-11-21T07:20:30.048Z"
150810326,"HUB","1700550774","b","300","16050","149700","2023-11-21T07:13:07.043Z","2023-11-21T07:13:07.043Z"
150807263,"HUB","1700550694","b","400","16000","149300","2023-11-21T07:11:47.066Z","2023-11-21T07:11:47.066Z"
150806466,"HUB","1700550674","b","1000","16000","148300","2023-11-21T07:11:27.041Z","2023-11-21T07:11:27.041Z"
150805944,"HUB","1700550656","s","3100","16000","145200","2023-11-21T07:11:09.062Z","2023-11-21T07:11:09.062Z"
150805352,"HUB","1700550643","b","1900","16000","143300","2023-11-21T07:10:56.036Z","2023-11-21T07:10:56.036Z"
150804662,"HUB","1700550620","s","1100","16000","142200","2023-11-21T07:10:33.042Z","2023-11-21T07:10:33.042Z"
150803737,"HUB","1700550585","b","900","16000","141300","2023-11-21T07:09:57.063Z","2023-11-21T07:09:57.063Z"
150801972,"HUB","1700550520","b","100","16000","141200","2023-11-21T07:08:53.052Z","2023-11-21T07:08:53.052Z"
150801738,"HUB","1700550514","b","2000","16000","141200","2023-11-21T07:08:47.061Z","2023-11-21T07:08:47.061Z"
150801184,"HUB","1700550489","s","2000","16000","137200","2023-11-21T07:08:22.088Z","2023-11-21T07:08:22.088Z"
150800662,"HUB","1700550473","b","400","16050","136800","2023-11-21T07:08:06.049Z","2023-11-21T07:08:06.049Z"
150797591,"HUB","1700550365","b","100","16050","136700","2023-11-21T07:06:18.044Z","2023-11-21T07:06:18.044Z"
150796847,"HUB","1700550336","b","2400","16050","131700","2023-11-21T07:05:49.043Z","2023-11-21T07:05:49.043Z"
150796844,"HUB","1700550336","b","2600","16000","131700","2023-11-21T07:05:49.043Z","2023-11-21T07:05:49.043Z"
150796444,"HUB","1700550320","s","4700","16000","127000","2023-11-21T07:05:33.043Z","2023-11-21T07:05:33.043Z"
150796059,"HUB","1700550306","b","300","16000","126700","2023-11-21T07:05:19.050Z","2023-11-21T07:05:19.050Z"
150795553,"HUB","1700550287","s","1000","16000","122000","2023-11-21T07:05:00.047Z","2023-11-21T07:05:00.047Z"
150795552,"HUB","1700550287","s","3700","16000","122000","2023-11-21T07:05:00.047Z","2023-11-21T07:05:00.047Z"
150794960,"HUB","1700550261","b","300","16000","122000","2023-11-21T07:04:33.062Z","2023-11-21T07:04:33.062Z"
150792775,"HUB","1700550183","b","100","16000","121700","2023-11-21T07:03:15.042Z","2023-11-21T07:03:15.042Z"
150792619,"HUB","1700550176","s","1000","16000","121600","2023-11-21T07:03:09.052Z","2023-11-21T07:03:09.052Z"
150792618,"HUB","1700550176","s","1600","16000","121600","2023-11-21T07:03:09.052Z","2023-11-21T07:03:09.052Z"
150791224,"HUB","1700550125","b","3000","16000","115600","2023-11-21T07:02:18.105Z","2023-11-21T07:02:18.105Z"
150791223,"HUB","1700550125","b","400","16000","115600","2023-11-21T07:02:18.105Z","2023-11-21T07:02:18.105Z"
150790136,"HUB","1700550088","s","4600","16000","111000","2023-11-21T07:01:40.127Z","2023-11-21T07:01:40.127Z"
150789779,"HUB","1700550074","s","400","16000","111000","2023-11-21T07:01:27.037Z","2023-11-21T07:01:27.037Z"
150789778,"HUB","1700550074","s","3000","16000","111000","2023-11-21T07:01:27.037Z","2023-11-21T07:01:27.037Z"
150789777,"HUB","1700550074","s","100","16000","111000","2023-11-21T07:01:27.037Z","2023-11-21T07:01:27.037Z"
150789776,"HUB","1700550074","s","1500","16000","111000","2023-11-21T07:01:27.037Z","2023-11-21T07:01:27.037Z"
150789775,"HUB","1700550074","s","5000","16050","111000","2023-11-21T07:01:27.037Z","2023-11-21T07:01:27.037Z"
150788900,"HUB","1700550047","s","1900","16000","91000","2023-11-21T07:01:00.049Z","2023-11-21T07:01:00.049Z"
150788899,"HUB","1700550047","s","2000","16000","91000","2023-11-21T07:01:00.049Z","2023-11-21T07:01:00.049Z"
150788898,"HUB","1700550047","s","5000","16050","91000","2023-11-21T07:01:00.049Z","2023-11-21T07:01:00.049Z"
150788897,"HUB","1700550047","s","1100","16100","91000","2023-11-21T07:01:00.049Z","2023-11-21T07:01:00.049Z"
150784734,"HUB","1700549883","b","3900","16100","87100","2023-11-21T06:58:16.032Z","2023-11-21T06:58:16.032Z"
150781583,"HUB","1700549780","b","1000","16100","86100","2023-11-21T06:56:32.046Z","2023-11-21T06:56:32.046Z"
150778637,"HUB","1700549698","b","100","16100","86000","2023-11-21T06:55:10.089Z","2023-11-21T06:55:10.089Z"
150771188,"HUB","1700549512","b","2000","16000","84000","2023-11-21T06:52:05.030Z","2023-11-21T06:52:05.030Z"
150768290,"HUB","1700549422","s","4900","16000","84000","2023-11-21T06:50:34.594Z","2023-11-21T06:50:34.594Z"
150768289,"HUB","1700549422","s","2500","16000","84000","2023-11-21T06:50:34.594Z","2023-11-21T06:50:34.594Z"
150768288,"HUB","1700549422","s","1000","16000","84000","2023-11-21T06:50:34.594Z","2023-11-21T06:50:34.594Z"
150768202,"HUB","1700549419","b","2700","16050","72900","2023-11-21T06:50:31.610Z","2023-11-21T06:50:31.610Z"
150767614,"HUB","1700549398","b","300","16050","72600","2023-11-21T06:50:11.600Z","2023-11-21T06:50:11.600Z"
150765626,"HUB","1700549333","b","300","16000","72600","2023-11-21T06:49:05.602Z","2023-11-21T06:49:05.602Z"
150765568,"HUB","1700549331","b","1000","16000","72300","2023-11-21T06:49:03.615Z","2023-11-21T06:49:03.615Z"
150763687,"HUB","1700549249","s","500","16000","57600","2023-11-21T06:47:42.581Z","2023-11-21T06:47:42.581Z"
150763686,"HUB","1700549249","s","200","16000","57600","2023-11-21T06:47:42.581Z","2023-11-21T06:47:42.581Z"
150763685,"HUB","1700549249","s","200","16000","57600","2023-11-21T06:47:42.581Z","2023-11-21T06:47:42.581Z"
150763684,"HUB","1700549249","s","100","16000","57600","2023-11-21T06:47:42.581Z","2023-11-21T06:47:42.581Z"
150763683,"HUB","1700549249","s","500","16000","57600","2023-11-21T06:47:42.581Z","2023-11-21T06:47:42.581Z"
150763682,"HUB","1700549249","s","5000","16000","57600","2023-11-21T06:47:42.581Z","2023-11-21T06:47:42.581Z"
150763681,"HUB","1700549249","s","100","16000","57600","2023-11-21T06:47:42.581Z","2023-11-21T06:47:42.581Z"
150763680,"HUB","1700549249","s","100","16050","57600","2023-11-21T06:47:42.581Z","2023-11-21T06:47:42.581Z"
150763679,"HUB","1700549249","s","2000","16050","57600","2023-11-21T06:47:42.581Z","2023-11-21T06:47:42.581Z"
150763678,"HUB","1700549249","s","1000","16050","57600","2023-11-21T06:47:42.581Z","2023-11-21T06:47:42.581Z"
150763677,"HUB","1700549249","s","4000","16100","57600","2023-11-21T06:47:42.581Z","2023-11-21T06:47:42.581Z"
150763524,"HUB","1700549244","b","800","16100","56800","2023-11-21T06:47:36.589Z","2023-11-21T06:47:36.589Z"
150763312,"HUB","1700549235","s","200","16100","55600","2023-11-21T06:47:27.583Z","2023-11-21T06:47:27.583Z"
150763311,"HUB","1700549235","s","1000","16100","55600","2023-11-21T06:47:27.583Z","2023-11-21T06:47:27.583Z"
150760556,"HUB","1700549107","b","200","16150","55400","2023-11-21T06:45:20.591Z","2023-11-21T06:45:20.591Z"
150760439,"HUB","1700549100","b","100","16150","55300","2023-11-21T06:45:13.578Z","2023-11-21T06:45:13.578Z"
150757749,"HUB","1700548996","b","1000","16150","54300","2023-11-21T06:43:28.583Z","2023-11-21T06:43:28.583Z"
150756871,"HUB","1700548967","b","700","16150","53500","2023-11-21T06:42:59.586Z","2023-11-21T06:42:59.586Z"
150756870,"HUB","1700548967","b","100","16150","53500","2023-11-21T06:42:59.586Z","2023-11-21T06:42:59.586Z"
150753154,"HUB","1700548853","b","800","16200","52500","2023-11-21T06:41:05.582Z","2023-11-21T06:41:05.582Z"
150753153,"HUB","1700548853","b","200","16100","52500","2023-11-21T06:41:05.582Z","2023-11-21T06:41:05.582Z"
150753023,"HUB","1700548850","s","3000","16100","52500","2023-11-21T06:41:02.630Z","2023-11-21T06:41:02.630Z"
150753022,"HUB","1700548850","s","5000","16100","52500","2023-11-21T06:41:02.630Z","2023-11-21T06:41:02.630Z"
150753021,"HUB","1700548850","s","500","16100","52500","2023-11-21T06:41:02.630Z","2023-11-21T06:41:02.630Z"
150753020,"HUB","1700548850","s","100","16100","52500","2023-11-21T06:41:02.630Z","2023-11-21T06:41:02.630Z"
150753019,"HUB","1700548850","s","5000","16100","52500","2023-11-21T06:41:02.630Z","2023-11-21T06:41:02.630Z"
150753018,"HUB","1700548850","s","500","16150","52500","2023-11-21T06:41:02.630Z","2023-11-21T06:41:02.630Z"
150753017,"HUB","1700548850","s","200","16150","52500","2023-11-21T06:41:02.630Z","2023-11-21T06:41:02.630Z"
150753016,"HUB","1700548850","s","500","16150","52500","2023-11-21T06:41:02.630Z","2023-11-21T06:41:02.630Z"
150751514,"HUB","1700548806","s","5000","16200","19000","2023-11-21T06:40:17.608Z","2023-11-21T06:40:17.608Z"
150751513,"HUB","1700548806","s","500","16200","19000","2023-11-21T06:40:17.608Z","2023-11-21T06:40:17.608Z"
150751512,"HUB","1700548806","s","5000","16200","19000","2023-11-21T06:40:17.608Z","2023-11-21T06:40:17.608Z"
150751511,"HUB","1700548806","s","100","16200","19000","2023-11-21T06:40:17.608Z","2023-11-21T06:40:17.608Z"
150751510,"HUB","1700548806","s","5000","16200","19000","2023-11-21T06:40:17.608Z","2023-11-21T06:40:17.608Z"
150751509,"HUB","1700548806","s","2100","16250","19000","2023-11-21T06:40:17.608Z","2023-11-21T06:40:17.608Z"
150751508,"HUB","1700548806","s","1000","16250","19000","2023-11-21T06:40:17.608Z","2023-11-21T06:40:17.608Z"
150659163,"HUB","1700540432","s","400","16350","19000","2023-11-21T04:20:43.459Z","2023-11-21T04:20:43.459Z"
150638910,"HUB","1700539044","s","700","16350","18600","2023-11-21T03:57:36.458Z","2023-11-21T03:57:36.458Z"
150617567,"HUB","1700538076","s","900","16350","17000","2023-11-21T03:41:29.427Z","2023-11-21T03:41:29.427Z"
150611949,"HUB","1700537725","b","100","16450","17000","2023-11-21T03:35:37.414Z","2023-11-21T03:35:37.414Z"
150611948,"HUB","1700537725","b","400","16450","17000","2023-11-21T03:35:37.414Z","2023-11-21T03:35:37.414Z"
150603417,"HUB","1700537208","b","100","16400","16500","2023-11-21T03:27:00.416Z","2023-11-21T03:27:00.416Z"
150595262,"HUB","1700536696","b","500","16400","15900","2023-11-21T03:18:28.399Z","2023-11-21T03:18:28.399Z"
150588076,"HUB","1700536295","b","800","16400","15900","2023-11-21T03:11:47.418Z","2023-11-21T03:11:47.418Z"
150588075,"HUB","1700536295","b","1000","16400","15900","2023-11-21T03:11:47.418Z","2023-11-21T03:11:47.418Z"
150587568,"HUB","1700536264","s","1000","16350","13100","2023-11-21T03:11:16.411Z","2023-11-21T03:11:16.411Z"
150581479,"HUB","1700535942","b","1000","16400","12100","2023-11-21T03:05:54.412Z","2023-11-21T03:05:54.412Z"
150579361,"HUB","1700535843","b","200","16400","11900","2023-11-21T03:04:15.401Z","2023-11-21T03:04:15.401Z"
150578877,"HUB","1700535823","s","400","16400","11500","2023-11-21T03:03:55.410Z","2023-11-21T03:03:55.410Z"
150578814,"HUB","1700535821","b","500","16400","11500","2023-11-21T03:03:53.394Z","2023-11-21T03:03:53.394Z"
150578813,"HUB","1700535821","b","100","16400","11500","2023-11-21T03:03:53.394Z","2023-11-21T03:03:53.394Z"
150577136,"HUB","1700535745","s","900","16400","10000","2023-11-21T03:02:37.411Z","2023-11-21T03:02:37.411Z"
