"id","symbol","truncTime","matchType","matchVol","matchPrice","accumulatedVolume","createdAt","updatedAt"
150848868,"LMH","1700553565","s","10000","3000","415400","2023-11-21T07:59:27.071Z","2023-11-21T07:59:27.071Z"
150848845,"LMH","1700553537","s","20000","3000","405400","2023-11-21T07:58:59.066Z","2023-11-21T07:58:59.066Z"
150848688,"LMH","1700553285","s","100","3000","385400","2023-11-21T07:54:47.070Z","2023-11-21T07:54:47.070Z"
150848668,"LMH","1700553235","b","36200","3100","385300","2023-11-21T07:53:57.059Z","2023-11-21T07:53:57.059Z"
150848661,"LMH","1700553223","b","3600","3100","349100","2023-11-21T07:53:45.061Z","2023-11-21T07:53:45.061Z"
150848636,"LMH","1700553180","b","3000","3100","345500","2023-11-21T07:53:02.063Z","2023-11-21T07:53:02.063Z"
150848586,"LMH","1700553070","b","2600","3100","342500","2023-11-21T07:51:12.059Z","2023-11-21T07:51:12.059Z"
150848539,"LMH","1700553001","b","100","3100","339900","2023-11-21T07:50:04.057Z","2023-11-21T07:50:04.057Z"
150848520,"LMH","1700552974","b","2200","3100","339800","2023-11-21T07:49:36.056Z","2023-11-21T07:49:36.056Z"
150848461,"LMH","1700552874","b","2000","3100","337600","2023-11-21T07:47:56.055Z","2023-11-21T07:47:56.055Z"
150848449,"LMH","1700552857","b","100","3100","335600","2023-11-21T07:47:39.057Z","2023-11-21T07:47:39.057Z"
150848448,"LMH","1700552856","s","3400","3000","335500","2023-11-21T07:47:38.055Z","2023-11-21T07:47:38.055Z"
150848442,"LMH","1700552846","b","100","3100","332100","2023-11-21T07:47:28.055Z","2023-11-21T07:47:28.055Z"
150848398,"LMH","1700552792","b","1700","3100","332000","2023-11-21T07:46:34.068Z","2023-11-21T07:46:34.068Z"
150847802,"LMH","1700552684","b","2000","3100","330300","2023-11-21T07:44:46.053Z","2023-11-21T07:44:46.053Z"
150847783,"LMH","1700552658","b","3200","3100","328300","2023-11-21T07:44:20.062Z","2023-11-21T07:44:20.062Z"
150847705,"LMH","1700552540","b","2200","3100","325100","2023-11-21T07:42:23.048Z","2023-11-21T07:42:23.048Z"
150847637,"LMH","1700552445","b","1600","3100","322900","2023-11-21T07:40:47.051Z","2023-11-21T07:40:47.051Z"
150847592,"LMH","1700552388","b","2500","3100","321300","2023-11-21T07:39:51.053Z","2023-11-21T07:39:51.053Z"
150847512,"LMH","1700552236","s","3000","3000","318800","2023-11-21T07:37:19.049Z","2023-11-21T07:37:19.049Z"
150847478,"LMH","1700552183","b","3500","3100","315800","2023-11-21T07:36:25.045Z","2023-11-21T07:36:25.045Z"
150847465,"LMH","1700552170","b","2800","3100","312300","2023-11-21T07:36:12.046Z","2023-11-21T07:36:12.046Z"
150847458,"LMH","1700552152","b","3600","3100","309500","2023-11-21T07:35:55.048Z","2023-11-21T07:35:55.048Z"
150847345,"LMH","1700551963","b","2000","3100","305900","2023-11-21T07:32:46.043Z","2023-11-21T07:32:46.043Z"
150847233,"LMH","1700551815","b","1200","3100","303900","2023-11-21T07:30:17.045Z","2023-11-21T07:30:17.045Z"
150847221,"LMH","1700551801","s","1000","3000","302700","2023-11-21T07:30:04.043Z","2023-11-21T07:30:04.043Z"
150846355,"LMH","1700551787","b","100","3100","301700","2023-11-21T07:29:50.130Z","2023-11-21T07:29:50.130Z"
150846322,"LMH","1700551786","s","1800","3000","301600","2023-11-21T07:29:49.094Z","2023-11-21T07:29:49.094Z"
150845220,"LMH","1700551769","b","100","3100","299800","2023-11-21T07:29:32.082Z","2023-11-21T07:29:32.082Z"
150845175,"LMH","1700551768","s","3400","3000","299700","2023-11-21T07:29:31.073Z","2023-11-21T07:29:31.073Z"
150842220,"LMH","1700551713","b","2000","3100","296300","2023-11-21T07:28:36.075Z","2023-11-21T07:28:36.075Z"
150834299,"LMH","1700551549","s","18400","3000","294300","2023-11-21T07:25:52.070Z","2023-11-21T07:25:52.070Z"
150833996,"LMH","1700551541","b","5900","3000","275900","2023-11-21T07:25:44.102Z","2023-11-21T07:25:44.102Z"
150833303,"LMH","1700551529","b","16000","3000","270000","2023-11-21T07:25:32.143Z","2023-11-21T07:25:32.143Z"
150830726,"LMH","1700551464","b","1000","3000","254000","2023-11-21T07:24:27.122Z","2023-11-21T07:24:27.122Z"
150829123,"LMH","1700551410","s","100","2900","253000","2023-11-21T07:23:33.080Z","2023-11-21T07:23:33.080Z"
150828109,"LMH","1700551376","b","2000","3000","252900","2023-11-21T07:22:58.041Z","2023-11-21T07:22:58.041Z"
150827696,"LMH","1700551362","b","200","3000","250900","2023-11-21T07:22:45.085Z","2023-11-21T07:22:45.085Z"
150827442,"LMH","1700551353","b","800","3000","250700","2023-11-21T07:22:35.059Z","2023-11-21T07:22:35.059Z"
150826585,"LMH","1700551321","b","700","3000","249900","2023-11-21T07:22:04.077Z","2023-11-21T07:22:04.077Z"
150825053,"LMH","1700551268","s","55000","3000","249200","2023-11-21T07:21:11.057Z","2023-11-21T07:21:11.057Z"
150812754,"LMH","1700550865","s","1000","3000","194200","2023-11-21T07:14:27.056Z","2023-11-21T07:14:27.056Z"
150808984,"LMH","1700550744","b","1000","3100","193200","2023-11-21T07:12:26.111Z","2023-11-21T07:12:26.111Z"
150801921,"LMH","1700550528","b","1000","3100","192200","2023-11-21T07:08:51.090Z","2023-11-21T07:08:51.090Z"
150799996,"LMH","1700550463","s","10000","3000","191200","2023-11-21T07:07:46.057Z","2023-11-21T07:07:46.057Z"
150791886,"LMH","1700550154","s","600","3000","181200","2023-11-21T07:02:36.057Z","2023-11-21T07:02:36.057Z"
150791840,"LMH","1700550152","s","2000","3000","180600","2023-11-21T07:02:34.047Z","2023-11-21T07:02:34.047Z"
150780866,"LMH","1700549767","s","100","3000","178600","2023-11-21T06:56:09.038Z","2023-11-21T06:56:09.038Z"
150778335,"LMH","1700549699","s","800","3000","178500","2023-11-21T06:55:01.017Z","2023-11-21T06:55:01.017Z"
150752540,"LMH","1700548847","s","2000","3000","177700","2023-11-21T06:40:49.591Z","2023-11-21T06:40:49.591Z"
150740412,"LMH","1700548536","s","3100","3000","175700","2023-11-21T06:35:38.576Z","2023-11-21T06:35:38.576Z"
150735429,"LMH","1700548394","s","500","3000","172600","2023-11-21T06:33:16.589Z","2023-11-21T06:33:16.589Z"
150730513,"LMH","1700548240","unknown","400","3000","172100","2023-11-21T06:30:42.570Z","2023-11-21T06:30:42.570Z"
150730121,"LMH","1700548225","b","200","3000","171700","2023-11-21T06:30:27.609Z","2023-11-21T06:30:27.609Z"
150729820,"LMH","1700548217","b","9000","3000","171500","2023-11-21T06:30:19.572Z","2023-11-21T06:30:19.572Z"
150728213,"LMH","1700548157","b","5000","3000","162500","2023-11-21T06:29:19.599Z","2023-11-21T06:29:19.599Z"
150726826,"LMH","1700548121","b","35400","3000","157500","2023-11-21T06:28:43.584Z","2023-11-21T06:28:43.584Z"
150719433,"LMH","1700547900","s","800","3000","122100","2023-11-21T06:25:02.570Z","2023-11-21T06:25:02.570Z"
150703154,"LMH","1700547415","s","2000","3000","121300","2023-11-21T06:16:57.555Z","2023-11-21T06:16:57.555Z"
150695554,"LMH","1700547138","s","200","3000","119300","2023-11-21T06:12:20.567Z","2023-11-21T06:12:20.567Z"
150695441,"LMH","1700547134","s","100","3000","119100","2023-11-21T06:12:16.579Z","2023-11-21T06:12:16.579Z"
150691192,"LMH","1700546985","s","400","3000","119000","2023-11-21T06:09:48.561Z","2023-11-21T06:09:48.561Z"
150686000,"LMH","1700546806","b","3300","3000","118600","2023-11-21T06:06:48.587Z","2023-11-21T06:06:48.587Z"
150682194,"LMH","1700546678","b","400","3000","115300","2023-11-21T06:04:40.553Z","2023-11-21T06:04:40.553Z"
150680034,"LMH","1700546610","s","100","2900","114900","2023-11-21T06:03:32.573Z","2023-11-21T06:03:32.573Z"
150679464,"LMH","1700546595","b","2000","3000","114800","2023-11-21T06:03:17.569Z","2023-11-21T06:03:17.569Z"
150678436,"LMH","1700546562","b","5000","3000","112800","2023-11-21T06:02:44.549Z","2023-11-21T06:02:44.549Z"
150678061,"LMH","1700546549","b","100","3000","107800","2023-11-21T06:02:31.564Z","2023-11-21T06:02:31.564Z"
150676942,"LMH","1700546518","b","1000","3000","107700","2023-11-21T06:02:00.546Z","2023-11-21T06:02:00.546Z"
150671887,"LMH","1700546413","b","100","3000","106700","2023-11-21T06:00:15.815Z","2023-11-21T06:00:15.815Z"
150671692,"LMH","1700546411","b","31700","3000","106600","2023-11-21T06:00:15.815Z","2023-11-21T06:00:15.815Z"
150665904,"LMH","1700540828","s","2000","3000","74900","2023-11-21T04:27:10.456Z","2023-11-21T04:27:10.456Z"
150656285,"LMH","1700540243","b","4000","3100","72900","2023-11-21T04:17:25.456Z","2023-11-21T04:17:25.456Z"
150650475,"LMH","1700539943","b","2500","3100","68900","2023-11-21T04:12:25.441Z","2023-11-21T04:12:25.441Z"
150648207,"LMH","1700539756","b","3200","3100","66400","2023-11-21T04:09:18.444Z","2023-11-21T04:09:18.444Z"
150648041,"LMH","1700539739","b","100","3100","63200","2023-11-21T04:09:01.440Z","2023-11-21T04:09:01.440Z"
150648034,"LMH","1700539738","s","1800","3000","63100","2023-11-21T04:09:00.447Z","2023-11-21T04:09:00.447Z"
150647783,"LMH","1700539714","b","3000","3100","61300","2023-11-21T04:08:36.468Z","2023-11-21T04:08:36.468Z"
150639948,"LMH","1700539132","s","27000","3000","58300","2023-11-21T03:58:54.441Z","2023-11-21T03:58:54.441Z"
150620586,"LMH","1700538229","s","4300","3000","31300","2023-11-21T03:43:51.421Z","2023-11-21T03:43:51.421Z"
150610763,"LMH","1700537662","s","10000","3000","27000","2023-11-21T03:34:24.407Z","2023-11-21T03:34:24.407Z"
150601836,"LMH","1700537118","s","100","3000","17000","2023-11-21T03:25:20.421Z","2023-11-21T03:25:20.421Z"
150580065,"LMH","1700535877","b","100","3100","16900","2023-11-21T03:04:39.401Z","2023-11-21T03:04:39.401Z"
150576157,"LMH","1700535700","s","100","3000","16800","2023-11-21T03:01:42.404Z","2023-11-21T03:01:42.404Z"
150541114,"LMH","1700534236","b","100","3100","16700","2023-11-21T02:37:18.376Z","2023-11-21T02:37:18.376Z"
150540553,"LMH","1700534214","b","200","3100","16600","2023-11-21T02:36:56.383Z","2023-11-21T02:36:56.383Z"
150539860,"LMH","1700534191","b","400","3100","16400","2023-11-21T02:36:33.370Z","2023-11-21T02:36:33.370Z"
150526654,"LMH","1700533728","b","200","3100","16000","2023-11-21T02:28:50.392Z","2023-11-21T02:28:50.392Z"
150523255,"LMH","1700533646","s","2000","3000","15800","2023-11-21T02:27:28.364Z","2023-11-21T02:27:28.364Z"
150517176,"LMH","1700533489","s","10000","3000","13800","2023-11-21T02:24:51.371Z","2023-11-21T02:24:51.371Z"
150514986,"LMH","1700533411","b","2000","3100","3800","2023-11-21T02:23:33.410Z","2023-11-21T02:23:33.410Z"
150510548,"LMH","1700533245","b","200","3100","1800","2023-11-21T02:20:47.897Z","2023-11-21T02:20:47.897Z"
150498594,"LMH","1700532613","b","1200","3100","1600","2023-11-21T02:10:15.344Z","2023-11-21T02:10:15.344Z"
150498262,"LMH","1700532485","b","300","3100","400","2023-11-21T02:08:07.340Z","2023-11-21T02:08:07.340Z"
150497933,"LMH","1700532356","b","100","3100","100","2023-11-21T02:05:58.335Z","2023-11-21T02:05:58.335Z"
