"id","symbol","truncTime","matchType","matchVol","matchPrice","accumulatedVolume","createdAt","updatedAt"
150847885,"MSB","1700552693","unknown","92100","13000","3689400","2023-11-21T07:45:06.157Z","2023-11-21T07:45:06.157Z"
150846868,"MSB","1700551786","b","200","13000","3689400","2023-11-21T07:29:59.152Z","2023-11-21T07:29:59.152Z"
150846645,"MSB","1700551783","s","3400","12950","3689200","2023-11-21T07:29:56.064Z","2023-11-21T07:29:56.064Z"
150846644,"MSB","1700551783","s","300","12950","3689200","2023-11-21T07:29:56.064Z","2023-11-21T07:29:56.064Z"
150846643,"MSB","1700551783","s","7100","12950","3689200","2023-11-21T07:29:56.064Z","2023-11-21T07:29:56.064Z"
150846407,"MSB","1700551778","b","50000","13000","3678400","2023-11-21T07:29:51.092Z","2023-11-21T07:29:51.092Z"
150846061,"MSB","1700551772","b","1000","13000","3628400","2023-11-21T07:29:45.080Z","2023-11-21T07:29:45.080Z"
150845806,"MSB","1700551768","b","2500","13000","3627400","2023-11-21T07:29:40.145Z","2023-11-21T07:29:40.145Z"
150845361,"MSB","1700551761","s","2000","12950","3624900","2023-11-21T07:29:34.088Z","2023-11-21T07:29:34.088Z"
150845108,"MSB","1700551757","b","2000","13000","3622900","2023-11-21T07:29:30.054Z","2023-11-21T07:29:30.054Z"
150844644,"MSB","1700551750","b","500","13000","3620900","2023-11-21T07:29:22.056Z","2023-11-21T07:29:22.056Z"
150844417,"MSB","1700551746","b","9800","13000","3620400","2023-11-21T07:29:19.072Z","2023-11-21T07:29:19.072Z"
150844416,"MSB","1700551746","b","200","13000","3620400","2023-11-21T07:29:19.072Z","2023-11-21T07:29:19.072Z"
150842673,"MSB","1700551713","b","300","13000","3610400","2023-11-21T07:28:46.075Z","2023-11-21T07:28:46.075Z"
150842672,"MSB","1700551713","b","100","13000","3610400","2023-11-21T07:28:46.075Z","2023-11-21T07:28:46.075Z"
150842671,"MSB","1700551713","b","1100","13000","3610400","2023-11-21T07:28:46.075Z","2023-11-21T07:28:46.075Z"
150842546,"MSB","1700551711","b","100","13000","3608900","2023-11-21T07:28:44.089Z","2023-11-21T07:28:44.089Z"
150842103,"MSB","1700551701","s","1200","12950","3608800","2023-11-21T07:28:33.100Z","2023-11-21T07:28:33.100Z"
150841680,"MSB","1700551695","s","3700","12950","3607600","2023-11-21T07:28:27.091Z","2023-11-21T07:28:27.091Z"
150841679,"MSB","1700551695","s","200","12950","3607600","2023-11-21T07:28:27.091Z","2023-11-21T07:28:27.091Z"
150841678,"MSB","1700551695","s","100","12950","3607600","2023-11-21T07:28:27.091Z","2023-11-21T07:28:27.091Z"
150841677,"MSB","1700551695","s","100","12950","3607600","2023-11-21T07:28:27.091Z","2023-11-21T07:28:27.091Z"
150841676,"MSB","1700551695","s","1000","12950","3607600","2023-11-21T07:28:27.091Z","2023-11-21T07:28:27.091Z"
150841675,"MSB","1700551695","s","1000","12950","3607600","2023-11-21T07:28:27.091Z","2023-11-21T07:28:27.091Z"
150841646,"MSB","1700551694","s","500","12950","3594600","2023-11-21T07:28:27.091Z","2023-11-21T07:28:27.091Z"
150841645,"MSB","1700551694","s","2000","12950","3594600","2023-11-21T07:28:27.091Z","2023-11-21T07:28:27.091Z"
150841644,"MSB","1700551694","s","200","12950","3594600","2023-11-21T07:28:27.091Z","2023-11-21T07:28:27.091Z"
150841643,"MSB","1700551694","s","3000","12950","3594600","2023-11-21T07:28:27.091Z","2023-11-21T07:28:27.091Z"
150841642,"MSB","1700551694","s","1200","12950","3594600","2023-11-21T07:28:27.091Z","2023-11-21T07:28:27.091Z"
150840775,"MSB","1700551680","s","8800","12950","3594600","2023-11-21T07:28:13.137Z","2023-11-21T07:28:13.137Z"
150840774,"MSB","1700551680","s","200","12950","3594600","2023-11-21T07:28:13.137Z","2023-11-21T07:28:13.137Z"
150839253,"MSB","1700551653","b","100","13000","3585600","2023-11-21T07:27:46.049Z","2023-11-21T07:27:46.049Z"
150838396,"MSB","1700551637","s","1000","12950","3585500","2023-11-21T07:27:30.068Z","2023-11-21T07:27:30.068Z"
150837764,"MSB","1700551624","s","2000","12950","3584500","2023-11-21T07:27:16.093Z","2023-11-21T07:27:16.093Z"
150836581,"MSB","1700551596","s","3900","12950","3582500","2023-11-21T07:26:49.147Z","2023-11-21T07:26:49.147Z"
150836580,"MSB","1700551596","s","300","12950","3582500","2023-11-21T07:26:49.147Z","2023-11-21T07:26:49.147Z"
150836579,"MSB","1700551596","s","100","12950","3582500","2023-11-21T07:26:49.147Z","2023-11-21T07:26:49.147Z"
150836578,"MSB","1700551596","s","300","12950","3582500","2023-11-21T07:26:49.147Z","2023-11-21T07:26:49.147Z"
150836577,"MSB","1700551596","s","100","12950","3582500","2023-11-21T07:26:49.147Z","2023-11-21T07:26:49.147Z"
150836576,"MSB","1700551596","s","1800","12950","3582500","2023-11-21T07:26:49.147Z","2023-11-21T07:26:49.147Z"
150836575,"MSB","1700551596","s","1000","12950","3582500","2023-11-21T07:26:49.147Z","2023-11-21T07:26:49.147Z"
150836574,"MSB","1700551596","s","300","12950","3582500","2023-11-21T07:26:49.147Z","2023-11-21T07:26:49.147Z"
150836573,"MSB","1700551596","s","1000","12950","3582500","2023-11-21T07:26:49.147Z","2023-11-21T07:26:49.147Z"
150836572,"MSB","1700551596","s","500","12950","3582500","2023-11-21T07:26:49.147Z","2023-11-21T07:26:49.147Z"
150836571,"MSB","1700551596","s","10000","12950","3582500","2023-11-21T07:26:49.147Z","2023-11-21T07:26:49.147Z"
150836570,"MSB","1700551596","s","100","12950","3582500","2023-11-21T07:26:49.147Z","2023-11-21T07:26:49.147Z"
150836569,"MSB","1700551596","s","200","12950","3582500","2023-11-21T07:26:49.147Z","2023-11-21T07:26:49.147Z"
150836568,"MSB","1700551596","s","1000","12950","3582500","2023-11-21T07:26:49.147Z","2023-11-21T07:26:49.147Z"
150836567,"MSB","1700551596","s","10000","12950","3582500","2023-11-21T07:26:49.147Z","2023-11-21T07:26:49.147Z"
150836566,"MSB","1700551596","s","5000","12950","3582500","2023-11-21T07:26:49.147Z","2023-11-21T07:26:49.147Z"
150836565,"MSB","1700551596","s","5000","12950","3582500","2023-11-21T07:26:49.147Z","2023-11-21T07:26:49.147Z"
150836564,"MSB","1700551596","s","3000","12950","3582500","2023-11-21T07:26:49.147Z","2023-11-21T07:26:49.147Z"
150836563,"MSB","1700551596","s","1000","12950","3582500","2023-11-21T07:26:49.147Z","2023-11-21T07:26:49.147Z"
150836562,"MSB","1700551596","s","200","12950","3582500","2023-11-21T07:26:49.147Z","2023-11-21T07:26:49.147Z"
150836561,"MSB","1700551596","s","500","12950","3582500","2023-11-21T07:26:49.147Z","2023-11-21T07:26:49.147Z"
150836560,"MSB","1700551596","s","1000","12950","3582500","2023-11-21T07:26:49.147Z","2023-11-21T07:26:49.147Z"
150836559,"MSB","1700551596","s","2000","12950","3582500","2023-11-21T07:26:49.147Z","2023-11-21T07:26:49.147Z"
150836558,"MSB","1700551596","s","200","12950","3582500","2023-11-21T07:26:49.147Z","2023-11-21T07:26:49.147Z"
150836557,"MSB","1700551596","s","200","12950","3582500","2023-11-21T07:26:49.147Z","2023-11-21T07:26:49.147Z"
150836556,"MSB","1700551596","s","1000","12950","3582500","2023-11-21T07:26:49.147Z","2023-11-21T07:26:49.147Z"
150836555,"MSB","1700551596","s","100","12950","3582500","2023-11-21T07:26:49.147Z","2023-11-21T07:26:49.147Z"
150836554,"MSB","1700551596","s","100","12950","3582500","2023-11-21T07:26:49.147Z","2023-11-21T07:26:49.147Z"
150836553,"MSB","1700551596","s","10000","12950","3582500","2023-11-21T07:26:49.147Z","2023-11-21T07:26:49.147Z"
150836552,"MSB","1700551596","s","5000","12950","3582500","2023-11-21T07:26:49.147Z","2023-11-21T07:26:49.147Z"
150836551,"MSB","1700551596","s","500","12950","3582500","2023-11-21T07:26:49.147Z","2023-11-21T07:26:49.147Z"
150836550,"MSB","1700551596","s","500","12950","3582500","2023-11-21T07:26:49.147Z","2023-11-21T07:26:49.147Z"
150836549,"MSB","1700551596","s","400","12950","3582500","2023-11-21T07:26:49.147Z","2023-11-21T07:26:49.147Z"
150836548,"MSB","1700551596","s","300","12950","3582500","2023-11-21T07:26:49.147Z","2023-11-21T07:26:49.147Z"
150836547,"MSB","1700551596","s","5000","12950","3582500","2023-11-21T07:26:49.147Z","2023-11-21T07:26:49.147Z"
150836546,"MSB","1700551596","s","200","12950","3582500","2023-11-21T07:26:49.147Z","2023-11-21T07:26:49.147Z"
150836545,"MSB","1700551596","s","200","12950","3582500","2023-11-21T07:26:49.147Z","2023-11-21T07:26:49.147Z"
150836544,"MSB","1700551596","s","2000","12950","3582500","2023-11-21T07:26:49.147Z","2023-11-21T07:26:49.147Z"
150836543,"MSB","1700551596","s","11900","12950","3582500","2023-11-21T07:26:49.147Z","2023-11-21T07:26:49.147Z"
150835776,"MSB","1700551576","b","100","13000","3496600","2023-11-21T07:26:29.058Z","2023-11-21T07:26:29.058Z"
150834389,"MSB","1700551542","s","8600","12950","3483700","2023-11-21T07:25:54.073Z","2023-11-21T07:25:54.073Z"
150834388,"MSB","1700551542","s","2000","12950","3483700","2023-11-21T07:25:54.073Z","2023-11-21T07:25:54.073Z"
150834387,"MSB","1700551542","s","500","12950","3483700","2023-11-21T07:25:54.073Z","2023-11-21T07:25:54.073Z"
150834386,"MSB","1700551542","s","500","12950","3483700","2023-11-21T07:25:54.073Z","2023-11-21T07:25:54.073Z"
150834385,"MSB","1700551542","s","1200","12950","3483700","2023-11-21T07:25:54.073Z","2023-11-21T07:25:54.073Z"
150834384,"MSB","1700551542","s","300","12950","3483700","2023-11-21T07:25:54.073Z","2023-11-21T07:25:54.073Z"
150834383,"MSB","1700551542","s","1000","12950","3483700","2023-11-21T07:25:54.073Z","2023-11-21T07:25:54.073Z"
150834382,"MSB","1700551542","s","5000","12950","3483700","2023-11-21T07:25:54.073Z","2023-11-21T07:25:54.073Z"
150834381,"MSB","1700551542","s","900","12950","3483700","2023-11-21T07:25:54.073Z","2023-11-21T07:25:54.073Z"
150833289,"MSB","1700551519","b","500","13000","3476500","2023-11-21T07:25:32.143Z","2023-11-21T07:25:32.143Z"
150832031,"MSB","1700551490","s","200","12950","3476000","2023-11-21T07:25:03.089Z","2023-11-21T07:25:03.089Z"
150831221,"MSB","1700551470","b","400","13000","3475800","2023-11-21T07:24:43.087Z","2023-11-21T07:24:43.087Z"
150830537,"MSB","1700551447","b","200","13000","3475400","2023-11-21T07:24:20.125Z","2023-11-21T07:24:20.125Z"
150830514,"MSB","1700551447","b","300","13000","3474900","2023-11-21T07:24:20.125Z","2023-11-21T07:24:20.125Z"
150830007,"MSB","1700551430","b","500","13000","3474900","2023-11-21T07:24:02.056Z","2023-11-21T07:24:02.056Z"
150829944,"MSB","1700551428","s","100","12950","3474400","2023-11-21T07:24:00.072Z","2023-11-21T07:24:00.072Z"
150829708,"MSB","1700551420","s","300","12950","3474300","2023-11-21T07:23:52.041Z","2023-11-21T07:23:52.041Z"
150829485,"MSB","1700551411","s","500","12950","3474000","2023-11-21T07:23:43.068Z","2023-11-21T07:23:43.068Z"
150829484,"MSB","1700551411","s","1500","12950","3474000","2023-11-21T07:23:43.068Z","2023-11-21T07:23:43.068Z"
150828765,"MSB","1700551387","s","100","12950","3472000","2023-11-21T07:23:19.068Z","2023-11-21T07:23:19.068Z"
150826424,"MSB","1700551305","b","200","13000","3471900","2023-11-21T07:21:58.056Z","2023-11-21T07:21:58.056Z"
150825678,"MSB","1700551279","b","200","13000","3471500","2023-11-21T07:21:31.078Z","2023-11-21T07:21:31.078Z"
150825284,"MSB","1700551266","b","500","13000","3471500","2023-11-21T07:21:19.054Z","2023-11-21T07:21:19.054Z"
150824550,"MSB","1700551238","b","800","13000","3471000","2023-11-21T07:20:50.072Z","2023-11-21T07:20:50.072Z"
150824353,"MSB","1700551231","b","100","13000","3470200","2023-11-21T07:20:43.101Z","2023-11-21T07:20:43.101Z"
150824021,"MSB","1700551219","b","200","13000","3470100","2023-11-21T07:20:31.044Z","2023-11-21T07:20:31.044Z"
