"id","symbol","truncTime","matchType","matchVol","matchPrice","accumulatedVolume","createdAt","updatedAt"
150848073,"PTB","1700552695","unknown","200","58500","76800","2023-11-21T07:45:08.265Z","2023-11-21T07:45:08.265Z"
150831712,"PTB","1700551481","b","100","58300","76800","2023-11-21T07:24:53.064Z","2023-11-21T07:24:53.064Z"
150828216,"PTB","1700551369","s","400","58300","76300","2023-11-21T07:23:01.043Z","2023-11-21T07:23:01.043Z"
150825447,"PTB","1700551271","s","500","58300","75800","2023-11-21T07:21:24.079Z","2023-11-21T07:21:24.079Z"
150821481,"PTB","1700551134","s","5100","58300","69800","2023-11-21T07:19:08.092Z","2023-11-21T07:19:08.092Z"
150821480,"PTB","1700551134","s","900","58400","69800","2023-11-21T07:19:08.092Z","2023-11-21T07:19:08.092Z"
150803669,"PTB","1700550582","b","100","58400","69700","2023-11-21T07:09:54.052Z","2023-11-21T07:09:54.052Z"
150798918,"PTB","1700550417","s","500","58400","69200","2023-11-21T07:07:10.047Z","2023-11-21T07:07:10.047Z"
150790087,"PTB","1700550087","b","100","58500","68800","2023-11-21T07:01:39.052Z","2023-11-21T07:01:39.052Z"
150790086,"PTB","1700550087","b","100","58500","68800","2023-11-21T07:01:39.052Z","2023-11-21T07:01:39.052Z"
150790085,"PTB","1700550087","b","100","58500","68800","2023-11-21T07:01:39.052Z","2023-11-21T07:01:39.052Z"
150790084,"PTB","1700550087","b","100","58500","68800","2023-11-21T07:01:39.052Z","2023-11-21T07:01:39.052Z"
150782279,"PTB","1700549797","b","100","58500","68700","2023-11-21T06:56:50.046Z","2023-11-21T06:56:50.046Z"
150780291,"PTB","1700549738","b","100","58500","68700","2023-11-21T06:55:50.049Z","2023-11-21T06:55:50.049Z"
150778356,"PTB","1700549689","b","200","58500","68400","2023-11-21T06:55:02.042Z","2023-11-21T06:55:02.042Z"
150699216,"PTB","1700547258","s","700","59000","68400","2023-11-21T06:14:30.558Z","2023-11-21T06:14:30.558Z"
150698396,"PTB","1700547229","b","1000","59000","64700","2023-11-21T06:14:01.602Z","2023-11-21T06:14:01.602Z"
150698395,"PTB","1700547229","b","2000","59000","64700","2023-11-21T06:14:01.602Z","2023-11-21T06:14:01.602Z"
150694366,"PTB","1700547090","s","3000","59000","61700","2023-11-21T06:11:42.574Z","2023-11-21T06:11:42.574Z"
150693851,"PTB","1700547068","b","300","59000","60900","2023-11-21T06:11:20.569Z","2023-11-21T06:11:20.569Z"
150693850,"PTB","1700547068","b","500","59000","60900","2023-11-21T06:11:20.569Z","2023-11-21T06:11:20.569Z"
150693849,"PTB","1700547068","b","100","59000","60900","2023-11-21T06:11:20.569Z","2023-11-21T06:11:20.569Z"
150693848,"PTB","1700547068","b","5000","59000","60900","2023-11-21T06:11:20.569Z","2023-11-21T06:11:20.569Z"
150693847,"PTB","1700547068","b","200","59000","60900","2023-11-21T06:11:20.569Z","2023-11-21T06:11:20.569Z"
150693846,"PTB","1700547068","b","100","59000","54700","2023-11-21T06:11:20.569Z","2023-11-21T06:11:20.569Z"
150693845,"PTB","1700547068","b","300","59000","54700","2023-11-21T06:11:20.569Z","2023-11-21T06:11:20.569Z"
150693844,"PTB","1700547068","b","500","58900","54700","2023-11-21T06:11:20.569Z","2023-11-21T06:11:20.569Z"
150692611,"PTB","1700547021","b","4300","58900","49700","2023-11-21T06:10:33.576Z","2023-11-21T06:10:33.576Z"
150692610,"PTB","1700547021","b","100","58800","49700","2023-11-21T06:10:33.576Z","2023-11-21T06:10:33.576Z"
150692609,"PTB","1700547021","b","600","58800","49700","2023-11-21T06:10:33.576Z","2023-11-21T06:10:33.576Z"
150689814,"PTB","1700546926","s","400","58800","49300","2023-11-21T06:08:58.571Z","2023-11-21T06:08:58.571Z"
150686073,"PTB","1700546798","b","100","58800","34700","2023-11-21T06:06:51.584Z","2023-11-21T06:06:51.584Z"
150686072,"PTB","1700546798","b","100","58800","34700","2023-11-21T06:06:51.584Z","2023-11-21T06:06:51.584Z"
150686071,"PTB","1700546798","b","200","58800","34700","2023-11-21T06:06:51.584Z","2023-11-21T06:06:51.584Z"
150686070,"PTB","1700546798","b","900","58800","34700","2023-11-21T06:06:51.584Z","2023-11-21T06:06:51.584Z"
150686069,"PTB","1700546798","b","9000","58800","34700","2023-11-21T06:06:51.584Z","2023-11-21T06:06:51.584Z"
150686068,"PTB","1700546798","b","1200","58700","34700","2023-11-21T06:06:51.584Z","2023-11-21T06:06:51.584Z"
150686067,"PTB","1700546798","b","300","58700","34700","2023-11-21T06:06:51.584Z","2023-11-21T06:06:51.584Z"
150686066,"PTB","1700546798","b","100","58700","34700","2023-11-21T06:06:51.584Z","2023-11-21T06:06:51.584Z"
150686065,"PTB","1700546798","b","1000","58700","34700","2023-11-21T06:06:51.584Z","2023-11-21T06:06:51.584Z"
150686064,"PTB","1700546798","b","1200","58600","34700","2023-11-21T06:06:51.584Z","2023-11-21T06:06:51.584Z"
150686063,"PTB","1700546798","b","100","58600","34700","2023-11-21T06:06:51.584Z","2023-11-21T06:06:51.584Z"
150686062,"PTB","1700546798","b","200","58600","34700","2023-11-21T06:06:51.584Z","2023-11-21T06:06:51.584Z"
150686061,"PTB","1700546798","b","200","58600","34700","2023-11-21T06:06:51.584Z","2023-11-21T06:06:51.584Z"
150685603,"PTB","1700546781","s","1000","58500","33700","2023-11-21T06:06:33.555Z","2023-11-21T06:06:33.555Z"
150682081,"PTB","1700546664","b","300","58500","33400","2023-11-21T06:04:36.557Z","2023-11-21T06:04:36.557Z"
150674777,"PTB","1700546437","s","700","58500","32700","2023-11-21T06:00:50.555Z","2023-11-21T06:00:50.555Z"
150672843,"PTB","1700546410","s","1900","58500","30800","2023-11-21T06:00:22.768Z","2023-11-21T06:00:22.768Z"
150666687,"PTB","1700540856","b","1500","58500","30800","2023-11-21T04:27:48.477Z","2023-11-21T04:27:48.477Z"
150666686,"PTB","1700540856","b","900","58500","30800","2023-11-21T04:27:48.477Z","2023-11-21T04:27:48.477Z"
150647718,"PTB","1700539700","s","200","58200","28200","2023-11-21T04:08:32.454Z","2023-11-21T04:08:32.454Z"
150643603,"PTB","1700539395","s","100","58500","28100","2023-11-21T04:03:27.445Z","2023-11-21T04:03:27.445Z"
150643014,"PTB","1700539347","s","3000","58500","28100","2023-11-21T04:02:39.436Z","2023-11-21T04:02:39.436Z"
150640795,"PTB","1700539181","s","4000","58500","21100","2023-11-21T03:59:53.433Z","2023-11-21T03:59:53.433Z"
150639663,"PTB","1700539100","s","2000","58500","19100","2023-11-21T03:58:32.428Z","2023-11-21T03:58:32.428Z"
150638863,"PTB","1700539041","b","1800","58600","19100","2023-11-21T03:57:33.435Z","2023-11-21T03:57:33.435Z"
150638862,"PTB","1700539041","b","200","58600","19100","2023-11-21T03:57:33.435Z","2023-11-21T03:57:33.435Z"
150636134,"PTB","1700538879","b","2000","58500","15100","2023-11-21T03:54:51.424Z","2023-11-21T03:54:51.424Z"
150636133,"PTB","1700538879","b","2000","58500","15100","2023-11-21T03:54:51.424Z","2023-11-21T03:54:51.424Z"
150636132,"PTB","1700538879","b","600","58500","15100","2023-11-21T03:54:51.424Z","2023-11-21T03:54:51.424Z"
150636131,"PTB","1700538879","b","1000","58500","9200","2023-11-21T03:54:51.424Z","2023-11-21T03:54:51.424Z"
150636130,"PTB","1700538879","b","100","58500","9200","2023-11-21T03:54:51.424Z","2023-11-21T03:54:51.424Z"
150636129,"PTB","1700538879","b","2200","58500","9200","2023-11-21T03:54:51.424Z","2023-11-21T03:54:51.424Z"
150627318,"PTB","1700538471","b","1800","58500","7200","2023-11-21T03:48:03.439Z","2023-11-21T03:48:03.439Z"
150627317,"PTB","1700538471","b","200","58500","7200","2023-11-21T03:48:03.439Z","2023-11-21T03:48:03.439Z"
150610734,"PTB","1700537650","b","100","58500","7100","2023-11-21T03:34:22.416Z","2023-11-21T03:34:22.416Z"
150592652,"PTB","1700536569","b","100","58500","7000","2023-11-21T03:16:21.418Z","2023-11-21T03:16:21.418Z"
150591737,"PTB","1700536520","b","100","58500","6900","2023-11-21T03:15:32.409Z","2023-11-21T03:15:32.409Z"
150553436,"PTB","1700534708","s","1000","58600","6900","2023-11-21T02:45:20.394Z","2023-11-21T02:45:20.394Z"
150553435,"PTB","1700534708","s","1000","58600","6900","2023-11-21T02:45:20.394Z","2023-11-21T02:45:20.394Z"
150553034,"PTB","1700534693","s","200","58700","4700","2023-11-21T02:45:05.387Z","2023-11-21T02:45:05.387Z"
150552530,"PTB","1700534671","s","1300","58700","2200","2023-11-21T02:44:43.395Z","2023-11-21T02:44:43.395Z"
150552529,"PTB","1700534671","s","200","58700","2200","2023-11-21T02:44:43.395Z","2023-11-21T02:44:43.395Z"
150552528,"PTB","1700534671","s","1000","58700","2200","2023-11-21T02:44:43.395Z","2023-11-21T02:44:43.395Z"
150546098,"PTB","1700534409","s","1000","58800","1200","2023-11-21T02:40:22.390Z","2023-11-21T02:40:22.390Z"
150538324,"PTB","1700534124","b","200","58900","1200","2023-11-21T02:35:36.432Z","2023-11-21T02:35:36.432Z"
150535550,"PTB","1700534019","b","600","58900","400","2023-11-21T02:33:51.397Z","2023-11-21T02:33:51.397Z"
150528752,"PTB","1700533788","b","400","58900","0","2023-11-21T02:30:00.378Z","2023-11-21T02:30:00.378Z"
