"id","symbol","truncTime","matchType","matchVol","matchPrice","accumulatedVolume","createdAt","updatedAt"
150847932,"PVD","1700552693","unknown","690100","27800","7375600","2023-11-21T07:45:06.157Z","2023-11-21T07:45:06.157Z"
150847117,"PVD","1700551789","b","3000","27750","6685500","2023-11-21T07:30:01.099Z","2023-11-21T07:30:01.099Z"
150847027,"PVD","1700551788","s","300","27700","6682500","2023-11-21T07:30:00.100Z","2023-11-21T07:30:00.100Z"
150846833,"PVD","1700551786","s","500","27700","6681700","2023-11-21T07:29:58.186Z","2023-11-21T07:29:58.186Z"
150846767,"PVD","1700551785","s","600","27700","6681700","2023-11-21T07:29:58.186Z","2023-11-21T07:29:58.186Z"
150846766,"PVD","1700551785","s","200","27700","6681700","2023-11-21T07:29:58.186Z","2023-11-21T07:29:58.186Z"
150846765,"PVD","1700551785","s","200","27700","6681700","2023-11-21T07:29:58.186Z","2023-11-21T07:29:58.186Z"
150846764,"PVD","1700551785","s","100","27700","6681700","2023-11-21T07:29:58.186Z","2023-11-21T07:29:58.186Z"
150846763,"PVD","1700551785","s","500","27700","6681700","2023-11-21T07:29:58.186Z","2023-11-21T07:29:58.186Z"
150846762,"PVD","1700551785","s","100","27700","6681700","2023-11-21T07:29:58.186Z","2023-11-21T07:29:58.186Z"
150846761,"PVD","1700551785","s","1000","27700","6681700","2023-11-21T07:29:58.186Z","2023-11-21T07:29:58.186Z"
150846760,"PVD","1700551785","s","2300","27700","6681700","2023-11-21T07:29:58.186Z","2023-11-21T07:29:58.186Z"
150846759,"PVD","1700551785","b","300","27750","6681700","2023-11-21T07:29:58.186Z","2023-11-21T07:29:58.186Z"
150846719,"PVD","1700551784","s","2000","27700","6674400","2023-11-21T07:29:57.055Z","2023-11-21T07:29:57.055Z"
150846452,"PVD","1700551780","b","200","27750","6674200","2023-11-21T07:29:52.056Z","2023-11-21T07:29:52.056Z"
150846288,"PVD","1700551775","s","2000","27700","6672200","2023-11-21T07:29:48.145Z","2023-11-21T07:29:48.145Z"
150846265,"PVD","1700551775","s","100","27700","6672200","2023-11-21T07:29:48.145Z","2023-11-21T07:29:48.145Z"
150846154,"PVD","1700551773","s","40000","27700","6632100","2023-11-21T07:29:46.086Z","2023-11-21T07:29:46.086Z"
150846053,"PVD","1700551772","b","1500","27750","6630600","2023-11-21T07:29:45.080Z","2023-11-21T07:29:45.080Z"
150846040,"PVD","1700551772","s","8000","27700","6622600","2023-11-21T07:29:45.080Z","2023-11-21T07:29:45.080Z"
150845826,"PVD","1700551769","s","2000","27700","6615600","2023-11-21T07:29:41.068Z","2023-11-21T07:29:41.068Z"
150845825,"PVD","1700551769","s","5000","27700","6615600","2023-11-21T07:29:41.068Z","2023-11-21T07:29:41.068Z"
150845374,"PVD","1700551761","s","100","27700","6614300","2023-11-21T07:29:34.088Z","2023-11-21T07:29:34.088Z"
150845373,"PVD","1700551761","s","1200","27700","6614300","2023-11-21T07:29:34.088Z","2023-11-21T07:29:34.088Z"
150845301,"PVD","1700551760","b","400","27750","6613400","2023-11-21T07:29:32.082Z","2023-11-21T07:29:32.082Z"
150845300,"PVD","1700551760","b","500","27750","6613400","2023-11-21T07:29:32.082Z","2023-11-21T07:29:32.082Z"
150845225,"PVD","1700551759","s","5000","27700","6608400","2023-11-21T07:29:32.082Z","2023-11-21T07:29:32.082Z"
150845174,"PVD","1700551758","s","200","27700","6608200","2023-11-21T07:29:31.073Z","2023-11-21T07:29:31.073Z"
150844969,"PVD","1700551755","s","15000","27700","6593200","2023-11-21T07:29:28.283Z","2023-11-21T07:29:28.283Z"
150844794,"PVD","1700551752","b","2500","27700","6576100","2023-11-21T07:29:25.081Z","2023-11-21T07:29:25.081Z"
150844793,"PVD","1700551752","b","200","27700","6576100","2023-11-21T07:29:25.081Z","2023-11-21T07:29:25.081Z"
150844792,"PVD","1700551752","b","1500","27700","6576100","2023-11-21T07:29:25.081Z","2023-11-21T07:29:25.081Z"
150844791,"PVD","1700551752","b","4000","27700","6576100","2023-11-21T07:29:25.081Z","2023-11-21T07:29:25.081Z"
150844790,"PVD","1700551752","b","6800","27700","6576100","2023-11-21T07:29:25.081Z","2023-11-21T07:29:25.081Z"
150844789,"PVD","1700551752","b","800","27700","6576100","2023-11-21T07:29:25.081Z","2023-11-21T07:29:25.081Z"
150844788,"PVD","1700551752","b","100","27700","6576100","2023-11-21T07:29:25.081Z","2023-11-21T07:29:25.081Z"
150844787,"PVD","1700551752","b","100","27700","6576100","2023-11-21T07:29:25.081Z","2023-11-21T07:29:25.081Z"
150844786,"PVD","1700551752","b","400","27700","6576100","2023-11-21T07:29:25.081Z","2023-11-21T07:29:25.081Z"
150844785,"PVD","1700551752","b","200","27700","6576100","2023-11-21T07:29:25.081Z","2023-11-21T07:29:25.081Z"
150844784,"PVD","1700551752","b","500","27700","6576100","2023-11-21T07:29:25.081Z","2023-11-21T07:29:25.081Z"
150844558,"PVD","1700551748","b","700","27700","6576100","2023-11-21T07:29:21.083Z","2023-11-21T07:29:21.083Z"
150844514,"PVD","1700551748","b","3800","27700","6570400","2023-11-21T07:29:20.134Z","2023-11-21T07:29:20.134Z"
150844513,"PVD","1700551748","b","1200","27700","6570400","2023-11-21T07:29:20.134Z","2023-11-21T07:29:20.134Z"
150844068,"PVD","1700551743","b","1300","27700","6570400","2023-11-21T07:29:16.124Z","2023-11-21T07:29:16.124Z"
150844067,"PVD","1700551743","b","1700","27700","6570400","2023-11-21T07:29:16.124Z","2023-11-21T07:29:16.124Z"
150843856,"PVD","1700551739","b","300","27700","6565400","2023-11-21T07:29:11.074Z","2023-11-21T07:29:11.074Z"
150843855,"PVD","1700551739","b","1700","27700","6565400","2023-11-21T07:29:11.074Z","2023-11-21T07:29:11.074Z"
150843844,"PVD","1700551738","b","200","27700","6565400","2023-11-21T07:29:11.074Z","2023-11-21T07:29:11.074Z"
150843593,"PVD","1700551733","b","300","27700","6565200","2023-11-21T07:29:05.061Z","2023-11-21T07:29:05.061Z"
150843554,"PVD","1700551732","s","700","27650","6561900","2023-11-21T07:29:04.080Z","2023-11-21T07:29:04.080Z"
150843553,"PVD","1700551732","s","200","27650","6561900","2023-11-21T07:29:04.080Z","2023-11-21T07:29:04.080Z"
150843552,"PVD","1700551732","s","100","27650","6561900","2023-11-21T07:29:04.080Z","2023-11-21T07:29:04.080Z"
150843551,"PVD","1700551732","s","500","27650","6561900","2023-11-21T07:29:04.080Z","2023-11-21T07:29:04.080Z"
150843550,"PVD","1700551732","s","1500","27650","6561900","2023-11-21T07:29:04.080Z","2023-11-21T07:29:04.080Z"
150843450,"PVD","1700551730","b","1700","27700","6561900","2023-11-21T07:29:02.095Z","2023-11-21T07:29:02.095Z"
150843449,"PVD","1700551730","b","2000","27700","6561900","2023-11-21T07:29:02.095Z","2023-11-21T07:29:02.095Z"
150843448,"PVD","1700551730","b","1000","27700","6561900","2023-11-21T07:29:02.095Z","2023-11-21T07:29:02.095Z"
150843447,"PVD","1700551730","b","300","27700","6561900","2023-11-21T07:29:02.095Z","2023-11-21T07:29:02.095Z"
150843305,"PVD","1700551727","b","100","27700","6556800","2023-11-21T07:28:59.057Z","2023-11-21T07:28:59.057Z"
150843241,"PVD","1700551725","b","2000","27700","6554800","2023-11-21T07:28:58.140Z","2023-11-21T07:28:58.140Z"
150843011,"PVD","1700551720","s","1000","27700","6552200","2023-11-21T07:28:52.104Z","2023-11-21T07:28:52.104Z"
150843010,"PVD","1700551720","s","1000","27700","6552200","2023-11-21T07:28:52.104Z","2023-11-21T07:28:52.104Z"
150843009,"PVD","1700551720","s","100","27700","6552200","2023-11-21T07:28:52.104Z","2023-11-21T07:28:52.104Z"
150843008,"PVD","1700551720","s","500","27700","6552200","2023-11-21T07:28:52.104Z","2023-11-21T07:28:52.104Z"
150842841,"PVD","1700551717","s","1000","27700","6552200","2023-11-21T07:28:49.111Z","2023-11-21T07:28:49.111Z"
150842786,"PVD","1700551716","s","500","27700","6550200","2023-11-21T07:28:48.102Z","2023-11-21T07:28:48.102Z"
150842785,"PVD","1700551716","s","100","27700","6550200","2023-11-21T07:28:48.102Z","2023-11-21T07:28:48.102Z"
150842784,"PVD","1700551716","s","100","27700","6550200","2023-11-21T07:28:48.102Z","2023-11-21T07:28:48.102Z"
150842783,"PVD","1700551716","s","300","27700","6550200","2023-11-21T07:28:48.102Z","2023-11-21T07:28:48.102Z"
150842775,"PVD","1700551715","s","500","27700","6550200","2023-11-21T07:28:48.102Z","2023-11-21T07:28:48.102Z"
150842766,"PVD","1700551715","s","100","27700","6549700","2023-11-21T07:28:48.102Z","2023-11-21T07:28:48.102Z"
150842436,"PVD","1700551707","s","500","27700","6549600","2023-11-21T07:28:40.061Z","2023-11-21T07:28:40.061Z"
150842369,"PVD","1700551706","s","200","27700","6549100","2023-11-21T07:28:39.075Z","2023-11-21T07:28:39.075Z"
150842072,"PVD","1700551700","b","100","27700","6540500","2023-11-21T07:28:33.100Z","2023-11-21T07:28:33.100Z"
150842071,"PVD","1700551700","b","300","27700","6540500","2023-11-21T07:28:33.100Z","2023-11-21T07:28:33.100Z"
150842070,"PVD","1700551700","b","5000","27700","6540500","2023-11-21T07:28:33.100Z","2023-11-21T07:28:33.100Z"
150842069,"PVD","1700551700","b","100","27700","6540500","2023-11-21T07:28:33.100Z","2023-11-21T07:28:33.100Z"
150842068,"PVD","1700551700","b","1000","27700","6540500","2023-11-21T07:28:33.100Z","2023-11-21T07:28:33.100Z"
150842067,"PVD","1700551700","b","1000","27700","6540500","2023-11-21T07:28:33.100Z","2023-11-21T07:28:33.100Z"
150842066,"PVD","1700551700","b","900","27700","6540500","2023-11-21T07:28:33.100Z","2023-11-21T07:28:33.100Z"
150841957,"PVD","1700551700","b","100","27700","6540500","2023-11-21T07:28:32.111Z","2023-11-21T07:28:32.111Z"
150841956,"PVD","1700551700","b","400","27700","6540500","2023-11-21T07:28:32.111Z","2023-11-21T07:28:32.111Z"
150841922,"PVD","1700551700","b","100","27700","6540000","2023-11-21T07:28:32.111Z","2023-11-21T07:28:32.111Z"
150841812,"PVD","1700551697","b","4500","27700","6539900","2023-11-21T07:28:29.064Z","2023-11-21T07:28:29.064Z"
150841811,"PVD","1700551697","b","1000","27700","6539900","2023-11-21T07:28:29.064Z","2023-11-21T07:28:29.064Z"
150841810,"PVD","1700551697","b","200","27700","6539900","2023-11-21T07:28:29.064Z","2023-11-21T07:28:29.064Z"
150841809,"PVD","1700551697","b","100","27700","6539900","2023-11-21T07:28:29.064Z","2023-11-21T07:28:29.064Z"
150841808,"PVD","1700551697","b","1000","27700","6539900","2023-11-21T07:28:29.064Z","2023-11-21T07:28:29.064Z"
150841807,"PVD","1700551697","b","1000","27700","6539900","2023-11-21T07:28:29.064Z","2023-11-21T07:28:29.064Z"
150841806,"PVD","1700551697","b","1000","27700","6539900","2023-11-21T07:28:29.064Z","2023-11-21T07:28:29.064Z"
150841789,"PVD","1700551697","b","1200","27700","6539900","2023-11-21T07:28:29.064Z","2023-11-21T07:28:29.064Z"
150841474,"PVD","1700551691","b","5600","27700","6524300","2023-11-21T07:28:24.096Z","2023-11-21T07:28:24.096Z"
150841443,"PVD","1700551691","b","1100","27700","6523200","2023-11-21T07:28:23.185Z","2023-11-21T07:28:23.185Z"
150841365,"PVD","1700551690","s","3500","27650","6523200","2023-11-21T07:28:23.185Z","2023-11-21T07:28:23.185Z"
150841364,"PVD","1700551690","s","1500","27650","6523200","2023-11-21T07:28:23.185Z","2023-11-21T07:28:23.185Z"
150841113,"PVD","1700551686","b","4000","27700","6514200","2023-11-21T07:28:19.121Z","2023-11-21T07:28:19.121Z"
150840988,"PVD","1700551683","b","3000","27700","6514200","2023-11-21T07:28:16.058Z","2023-11-21T07:28:16.058Z"
150840688,"PVD","1700551679","b","2000","27700","6511200","2023-11-21T07:28:12.107Z","2023-11-21T07:28:12.107Z"
150840512,"PVD","1700551676","b","2000","27700","6509200","2023-11-21T07:28:09.104Z","2023-11-21T07:28:09.104Z"
150840479,"PVD","1700551675","b","300","27700","6506900","2023-11-21T07:28:08.092Z","2023-11-21T07:28:08.092Z"
