"id","symbol","truncTime","matchType","matchVol","matchPrice","accumulatedVolume","createdAt","updatedAt"
150848014,"SSB","1700552694","unknown","593200","23150","923900","2023-11-21T07:45:08.265Z","2023-11-21T07:45:08.265Z"
150847213,"SSB","1700551790","b","100","22650","923800","2023-11-21T07:30:03.044Z","2023-11-21T07:30:03.044Z"
150846001,"SSB","1700551771","b","200","22650","923800","2023-11-21T07:29:44.091Z","2023-11-21T07:29:44.091Z"
150845501,"SSB","1700551764","b","500","22650","923100","2023-11-21T07:29:36.071Z","2023-11-21T07:29:36.071Z"
150845456,"SSB","1700551763","b","300","22650","923100","2023-11-21T07:29:35.073Z","2023-11-21T07:29:35.073Z"
150844677,"SSB","1700551750","b","5000","22650","922800","2023-11-21T07:29:23.066Z","2023-11-21T07:29:23.066Z"
150843135,"SSB","1700551723","s","4000","22600","913800","2023-11-21T07:28:55.092Z","2023-11-21T07:28:55.092Z"
150842522,"SSB","1700551710","s","500","22600","913300","2023-11-21T07:28:43.053Z","2023-11-21T07:28:43.053Z"
150842372,"SSB","1700551706","s","300","22600","912900","2023-11-21T07:28:39.075Z","2023-11-21T07:28:39.075Z"
150842371,"SSB","1700551706","s","100","22600","912900","2023-11-21T07:28:39.075Z","2023-11-21T07:28:39.075Z"
150840382,"SSB","1700551672","s","200","22600","912900","2023-11-21T07:28:05.097Z","2023-11-21T07:28:05.097Z"
150839210,"SSB","1700551651","b","200","22600","912700","2023-11-21T07:27:44.083Z","2023-11-21T07:27:44.083Z"
150838785,"SSB","1700551644","b","100","22600","912500","2023-11-21T07:27:37.085Z","2023-11-21T07:27:37.085Z"
150838169,"SSB","1700551631","b","100","22600","912300","2023-11-21T07:27:23.082Z","2023-11-21T07:27:23.082Z"
150837157,"SSB","1700551608","s","600","22550","911700","2023-11-21T07:27:01.081Z","2023-11-21T07:27:01.081Z"
150836531,"SSB","1700551596","s","1000","22550","910700","2023-11-21T07:26:49.147Z","2023-11-21T07:26:49.147Z"
150834976,"SSB","1700551556","s","300","22550","910700","2023-11-21T07:26:09.047Z","2023-11-21T07:26:09.047Z"
150834695,"SSB","1700551549","b","100","22650","910400","2023-11-21T07:26:01.049Z","2023-11-21T07:26:01.049Z"
150830680,"SSB","1700551452","b","100","22650","910200","2023-11-21T07:24:25.058Z","2023-11-21T07:24:25.058Z"
150830072,"SSB","1700551432","b","200","22650","910200","2023-11-21T07:24:04.078Z","2023-11-21T07:24:04.078Z"
150829680,"SSB","1700551419","s","100","22600","909900","2023-11-21T07:23:51.062Z","2023-11-21T07:23:51.062Z"
150829572,"SSB","1700551414","b","100","22650","909800","2023-11-21T07:23:46.069Z","2023-11-21T07:23:46.069Z"
150829552,"SSB","1700551413","s","500","22600","909800","2023-11-21T07:23:46.069Z","2023-11-21T07:23:46.069Z"
150828624,"SSB","1700551383","b","1400","22600","909300","2023-11-21T07:23:15.093Z","2023-11-21T07:23:15.093Z"
150828327,"SSB","1700551374","b","200","22600","907700","2023-11-21T07:23:07.066Z","2023-11-21T07:23:07.066Z"
150828227,"SSB","1700551369","s","300","22600","907400","2023-11-21T07:23:02.047Z","2023-11-21T07:23:02.047Z"
150827513,"SSB","1700551346","s","500","22600","907400","2023-11-21T07:22:38.120Z","2023-11-21T07:22:38.120Z"
150827512,"SSB","1700551346","s","500","22600","907400","2023-11-21T07:22:38.120Z","2023-11-21T07:22:38.120Z"
150823799,"SSB","1700551209","s","2100","22550","900100","2023-11-21T07:20:21.064Z","2023-11-21T07:20:21.064Z"
150823798,"SSB","1700551209","s","200","22550","900100","2023-11-21T07:20:21.064Z","2023-11-21T07:20:21.064Z"
150823797,"SSB","1700551209","s","3000","22550","900100","2023-11-21T07:20:21.064Z","2023-11-21T07:20:21.064Z"
150823796,"SSB","1700551209","s","100","22550","900100","2023-11-21T07:20:21.064Z","2023-11-21T07:20:21.064Z"
150823795,"SSB","1700551209","s","100","22550","900100","2023-11-21T07:20:21.064Z","2023-11-21T07:20:21.064Z"
150823794,"SSB","1700551209","s","200","22550","900100","2023-11-21T07:20:21.064Z","2023-11-21T07:20:21.064Z"
150823793,"SSB","1700551209","s","300","22550","900100","2023-11-21T07:20:21.064Z","2023-11-21T07:20:21.064Z"
150823792,"SSB","1700551209","s","100","22550","900100","2023-11-21T07:20:21.064Z","2023-11-21T07:20:21.064Z"
150823791,"SSB","1700551209","s","100","22550","900100","2023-11-21T07:20:21.064Z","2023-11-21T07:20:21.064Z"
150823790,"SSB","1700551209","s","100","22550","900100","2023-11-21T07:20:21.064Z","2023-11-21T07:20:21.064Z"
150823787,"SSB","1700551208","s","100","22550","886400","2023-11-21T07:20:21.064Z","2023-11-21T07:20:21.064Z"
150823786,"SSB","1700551208","s","400","22550","886400","2023-11-21T07:20:21.064Z","2023-11-21T07:20:21.064Z"
150823785,"SSB","1700551208","s","300","22550","886400","2023-11-21T07:20:21.064Z","2023-11-21T07:20:21.064Z"
150823784,"SSB","1700551208","s","100","22550","886400","2023-11-21T07:20:21.064Z","2023-11-21T07:20:21.064Z"
150823783,"SSB","1700551208","s","500","22550","886400","2023-11-21T07:20:21.064Z","2023-11-21T07:20:21.064Z"
150823782,"SSB","1700551208","s","100","22550","886400","2023-11-21T07:20:21.064Z","2023-11-21T07:20:21.064Z"
150823781,"SSB","1700551208","s","200","22550","886400","2023-11-21T07:20:21.064Z","2023-11-21T07:20:21.064Z"
150823780,"SSB","1700551208","s","1000","22550","886400","2023-11-21T07:20:21.064Z","2023-11-21T07:20:21.064Z"
150823779,"SSB","1700551208","s","100","22550","886400","2023-11-21T07:20:21.064Z","2023-11-21T07:20:21.064Z"
150823778,"SSB","1700551208","s","500","22550","886400","2023-11-21T07:20:21.064Z","2023-11-21T07:20:21.064Z"
150823777,"SSB","1700551208","s","500","22550","886400","2023-11-21T07:20:21.064Z","2023-11-21T07:20:21.064Z"
150823776,"SSB","1700551208","s","300","22550","886400","2023-11-21T07:20:21.064Z","2023-11-21T07:20:21.064Z"
150823775,"SSB","1700551208","s","200","22550","886400","2023-11-21T07:20:21.064Z","2023-11-21T07:20:21.064Z"
150823774,"SSB","1700551208","s","200","22550","886400","2023-11-21T07:20:21.064Z","2023-11-21T07:20:21.064Z"
150823773,"SSB","1700551208","s","200","22550","886400","2023-11-21T07:20:21.064Z","2023-11-21T07:20:21.064Z"
150823772,"SSB","1700551208","s","6000","22550","886400","2023-11-21T07:20:21.064Z","2023-11-21T07:20:21.064Z"
150823771,"SSB","1700551208","s","500","22550","886400","2023-11-21T07:20:21.064Z","2023-11-21T07:20:21.064Z"
150823770,"SSB","1700551208","s","500","22600","886400","2023-11-21T07:20:21.064Z","2023-11-21T07:20:21.064Z"
150823769,"SSB","1700551208","s","400","22600","886400","2023-11-21T07:20:21.064Z","2023-11-21T07:20:21.064Z"
150823768,"SSB","1700551208","s","200","22600","886400","2023-11-21T07:20:21.064Z","2023-11-21T07:20:21.064Z"
150823767,"SSB","1700551208","s","100","22600","886400","2023-11-21T07:20:21.064Z","2023-11-21T07:20:21.064Z"
150823766,"SSB","1700551208","s","100","22600","886400","2023-11-21T07:20:21.064Z","2023-11-21T07:20:21.064Z"
150823765,"SSB","1700551208","s","500","22600","886400","2023-11-21T07:20:21.064Z","2023-11-21T07:20:21.064Z"
150823764,"SSB","1700551208","s","200","22600","886400","2023-11-21T07:20:21.064Z","2023-11-21T07:20:21.064Z"
150823763,"SSB","1700551208","s","500","22600","886400","2023-11-21T07:20:21.064Z","2023-11-21T07:20:21.064Z"
150822371,"SSB","1700551162","s","500","22600","885800","2023-11-21T07:19:35.059Z","2023-11-21T07:19:35.059Z"
150822370,"SSB","1700551162","s","100","22600","885800","2023-11-21T07:19:35.059Z","2023-11-21T07:19:35.059Z"
150821622,"SSB","1700551138","s","400","22600","883900","2023-11-21T07:19:11.073Z","2023-11-21T07:19:11.073Z"
150821621,"SSB","1700551138","s","1500","22600","883900","2023-11-21T07:19:11.073Z","2023-11-21T07:19:11.073Z"
150821144,"SSB","1700551127","s","1300","22600","882600","2023-11-21T07:19:00.084Z","2023-11-21T07:19:00.084Z"
150819169,"SSB","1700551062","b","300","22650","882300","2023-11-21T07:17:55.060Z","2023-11-21T07:17:55.060Z"
150815782,"SSB","1700550954","b","200","22600","882100","2023-11-21T07:16:06.046Z","2023-11-21T07:16:06.046Z"
150815487,"SSB","1700550942","s","100","22600","881400","2023-11-21T07:15:55.068Z","2023-11-21T07:15:55.068Z"
150815486,"SSB","1700550942","s","500","22600","881400","2023-11-21T07:15:55.068Z","2023-11-21T07:15:55.068Z"
150815485,"SSB","1700550942","s","100","22600","881400","2023-11-21T07:15:55.068Z","2023-11-21T07:15:55.068Z"
150812798,"SSB","1700550856","s","400","22600","874400","2023-11-21T07:14:29.053Z","2023-11-21T07:14:29.053Z"
150812797,"SSB","1700550856","s","100","22600","874400","2023-11-21T07:14:29.053Z","2023-11-21T07:14:29.053Z"
150812796,"SSB","1700550856","s","5000","22600","874400","2023-11-21T07:14:29.053Z","2023-11-21T07:14:29.053Z"
150812795,"SSB","1700550856","s","1000","22600","874400","2023-11-21T07:14:29.053Z","2023-11-21T07:14:29.053Z"
150812794,"SSB","1700550856","s","100","22600","874400","2023-11-21T07:14:29.053Z","2023-11-21T07:14:29.053Z"
150812793,"SSB","1700550856","s","400","22600","874400","2023-11-21T07:14:29.053Z","2023-11-21T07:14:29.053Z"
150812353,"SSB","1700550844","b","200","22650","874400","2023-11-21T07:14:17.051Z","2023-11-21T07:14:17.051Z"
150812352,"SSB","1700550844","b","100","22650","874400","2023-11-21T07:14:17.051Z","2023-11-21T07:14:17.051Z"
150811509,"SSB","1700550813","b","300","22650","873800","2023-11-21T07:13:46.052Z","2023-11-21T07:13:46.052Z"
150807475,"SSB","1700550698","s","800","22600","868600","2023-11-21T07:11:50.080Z","2023-11-21T07:11:50.080Z"
150807474,"SSB","1700550698","s","100","22600","868600","2023-11-21T07:11:50.080Z","2023-11-21T07:11:50.080Z"
150807473,"SSB","1700550698","s","1300","22600","868600","2023-11-21T07:11:50.080Z","2023-11-21T07:11:50.080Z"
150807472,"SSB","1700550698","s","1000","22600","868600","2023-11-21T07:11:50.080Z","2023-11-21T07:11:50.080Z"
150807471,"SSB","1700550698","s","100","22600","868600","2023-11-21T07:11:50.080Z","2023-11-21T07:11:50.080Z"
150807470,"SSB","1700550698","s","1000","22600","868600","2023-11-21T07:11:50.080Z","2023-11-21T07:11:50.080Z"
150807469,"SSB","1700550698","s","100","22600","868600","2023-11-21T07:11:50.080Z","2023-11-21T07:11:50.080Z"
150807468,"SSB","1700550698","s","200","22600","868600","2023-11-21T07:11:50.080Z","2023-11-21T07:11:50.080Z"
150807467,"SSB","1700550698","s","200","22600","868600","2023-11-21T07:11:50.080Z","2023-11-21T07:11:50.080Z"
150807466,"SSB","1700550698","s","100","22600","868600","2023-11-21T07:11:50.080Z","2023-11-21T07:11:50.080Z"
150807465,"SSB","1700550698","s","300","22600","868600","2023-11-21T07:11:50.080Z","2023-11-21T07:11:50.080Z"
150807177,"SSB","1700550692","s","200","22600","863500","2023-11-21T07:11:44.094Z","2023-11-21T07:11:44.094Z"
150807176,"SSB","1700550692","s","100","22600","863500","2023-11-21T07:11:44.094Z","2023-11-21T07:11:44.094Z"
150807175,"SSB","1700550692","s","100","22600","863500","2023-11-21T07:11:44.094Z","2023-11-21T07:11:44.094Z"
150807174,"SSB","1700550692","s","1000","22600","863500","2023-11-21T07:11:44.094Z","2023-11-21T07:11:44.094Z"
150807173,"SSB","1700550692","s","200","22600","863500","2023-11-21T07:11:44.094Z","2023-11-21T07:11:44.094Z"
150807172,"SSB","1700550692","s","1500","22600","863500","2023-11-21T07:11:44.094Z","2023-11-21T07:11:44.094Z"
150807171,"SSB","1700550692","s","100","22600","863500","2023-11-21T07:11:44.094Z","2023-11-21T07:11:44.094Z"
