"price","change","match_qtty","side","time","total_vol"
14400,-100,2500,"sd","09:15:05",2500
14500,0,3000,"sd","09:16:45",5500
14650,150,1000,"sd","09:16:51",6500
14600,100,1000,"sd","09:22:38",7500
14550,50,500,"sd","09:25:07",8000
14550,50,100,"sd","09:25:14",8100
14600,100,5000,"sd","09:25:15",13100
14600,100,200,"bu","09:25:58",13300
14550,50,500,"bu","09:26:40",13800
14550,50,300,"sd","09:29:07",14100
14550,50,3000,"bu","09:31:58",17100
14550,50,200,"bu","09:32:07",17300
14500,0,500,"sd","09:32:31",17800
14500,0,100,"bu","09:33:36",17900
14500,0,5000,"bu","09:34:06",22900
14500,0,400,"sd","09:35:32",23300
14450,-50,1500,"sd","09:37:29",24800
14300,-200,2700,"bu","09:42:35",27500
14250,-250,500,"sd","09:46:59",28000
14400,-100,200,"sd","09:55:56",28200
14450,-50,4600,"sd","10:00:47",32800
14450,-50,700,"sd","10:01:26",33500
14500,0,100,"sd","10:01:40",33600
14450,-50,200,"sd","10:02:21",33800
14450,-50,500,"sd","10:10:59",34300
14450,-50,500,"sd","10:22:00",34800
14450,-50,100,"bu","10:22:25",34900
14500,0,1000,"bu","10:22:45",35900
14450,-50,500,"bu","10:24:42",36400
14500,0,1600,"bu","10:32:22",38000
14500,0,4900,"sd","10:34:58",42900
14550,50,3400,"sd","10:38:15",46300
14600,100,8700,"bu","10:41:28",55000
14650,150,7300,"sd","10:44:38",62300
14700,200,100,"bu","10:44:42",62400
14700,200,5000,"sd","10:44:57",67400
14800,300,9100,"sd","10:48:15",76500
14800,300,900,"bu","10:48:16",77400
14650,150,100,"bu","10:51:07",77500
14800,300,5000,"bu","10:55:40",82500
14850,350,100,"sd","10:55:50",82600
14850,350,1000,"bu","10:56:36",83600
14850,350,2400,"sd","10:57:11",86000
14900,400,1100,"bu","10:58:15",87100
14900,400,1000,"bu","11:00:40",88100
14850,350,100,"bu","11:02:11",88200
14850,350,500,"sd","11:03:00",88700
14850,350,2000,"bu","11:05:06",90700
14850,350,1000,"sd","11:05:39",91700
14850,350,200,"sd","11:05:46",91900
14800,300,1000,"sd","11:06:53",92900
14800,300,1500,"sd","11:13:22",94400
14800,300,2000,"sd","11:13:52",96400
14800,300,1100,"sd","11:14:33",97500
14800,300,100,"bu","11:21:08",97600
14700,200,300,"sd","11:21:26",97900
14700,200,3000,"sd","11:24:44",100900
14700,200,1500,"sd","11:26:18",102400
14700,200,200,"bu","11:27:37",102600
14650,150,100,"bu","11:28:32",102700
14650,150,3100,"sd","13:00:44",105800
14650,150,4100,"bu","13:01:44",109900
14650,150,2000,"bu","13:02:05",111900
14700,200,600,"sd","13:03:29",112500
14700,200,1400,"sd","13:03:41",113900
14650,150,100,"sd","13:04:21",114000
14600,100,300,"sd","13:04:40",114300
14600,100,100,"bu","13:06:36",114400
14600,100,3300,"bu","13:14:04",117700
14550,50,500,"bu","13:21:17",118200
14550,50,300,"sd","13:21:54",118500
14500,0,800,"bu","13:23:53",119300
14500,0,900,"bu","13:24:08",120200
14500,0,1000,"bu","13:24:45",121200
14450,-50,700,"bu","13:24:57",121900
14500,0,200,"bu","13:27:05",122100
14550,50,2000,"bu","13:28:13",124100
14550,50,200,"bu","13:33:08",124300
14550,50,300,"sd","13:35:05",124600
14550,50,4500,"bu","13:36:45",129100
14500,0,1600,"sd","13:39:22",130700
14500,0,200,"bu","13:39:28",130900
14450,-50,2000,"sd","13:46:32",132900
14450,-50,1600,"bu","13:47:28",134500
14450,-50,1500,"sd","13:49:36",136000
14400,-100,2500,"sd","13:52:27",138500
14400,-100,100,"sd","13:53:00",138600
14350,-150,9100,"sd","13:54:03",147700
14350,-150,1100,"bu","13:54:10",148800
14350,-150,300,"bu","13:54:14",149100
14300,-200,100,"bu","13:54:54",149200
14450,-50,1000,"sd","13:56:40",150200
14450,-50,1000,"bu","13:57:18",151200
14300,-200,12300,"bu","13:59:28",163500
14300,-200,2000,"sd","13:59:46",165500
14250,-250,10200,"bu","14:00:19",175700
14250,-250,300,"sd","14:02:07",176000
14300,-200,1000,"bu","14:05:11",177000
14300,-200,3000,"sd","14:06:14",180000
14300,-200,500,"sd","14:06:53",180500
14300,-200,100,"sd","14:06:58",180600
14300,-200,800,"bu","14:08:06",181400
14300,-200,3000,"sd","14:08:19",184400
14300,-200,7300,"bu","14:08:23",191700
14500,0,1300,"sd","14:09:45",193000
14500,0,300,"bu","14:12:55",193300
14500,0,100,"bu","14:14:13",193400
14450,-50,500,"bu","14:17:39",193900
14450,-50,4100,"bu","14:22:08",198000
14500,0,400,"bu","14:22:13",198400
14550,50,3900,"bu","14:22:20",202300
14600,100,1600,"sd","14:22:24",203900
14600,100,2000,"bu","14:22:41",205900
14650,150,500,"sd","14:22:57",206400
14650,150,100,"bu","14:23:21",206500
14700,200,1200,"bu","14:24:16",207700
14700,200,1000,"sd","14:24:38",208700
14750,250,20000,"bu","14:24:54",228700
14700,200,800,"sd","14:25:06",229500
14800,300,11600,"sd","14:25:38",241100
14850,350,6200,"sd","14:26:17",247300
14850,350,1100,"bu","14:26:56",248400
14900,400,10000,"bu","14:27:01",258400
14850,350,1000,"sd","14:27:33",259400
14900,400,13300,"sd","14:27:42",272700
14950,450,5500,"sd","14:28:10",278200
14950,450,1100,"sd","14:28:15",279300
14900,400,4900,"bu","14:28:19",284200
14900,400,300,"bu","14:28:23",284500
15000,500,10000,"sd","14:28:32",294500
15000,500,10000,"sd","14:28:51",304500
14900,400,3000,"bu","14:29:16",307500
14950,450,100,"bu","14:29:28",307600
15100,600,26000,"sd","14:29:35",333600
15000,500,200,"bu","14:29:44",333800
15200,700,1000,"sd","14:29:52",334800
15250,750,179400,"bu","14:45:12",514200
