"price","change","match_qtty","side","time","total_vol"
93400,400,14700,"sd","09:15:07",14700
93400,400,2000,"bu","09:15:12",16700
93400,400,100,"sd","09:15:43",16800
93300,300,3100,"bu","09:15:43",19900
93300,300,2000,"sd","09:15:56",21900
93300,300,300,"bu","09:16:07",22200
93400,400,1000,"sd","09:16:20",23200
93400,400,300,"bu","09:17:03",23500
93400,400,5000,"sd","09:17:08",28500
93400,400,100,"bu","09:17:20",28600
93400,400,500,"bu","09:17:25",29100
93300,300,100,"bu","09:17:42",29200
93300,300,1700,"sd","09:17:42",30900
93300,300,2200,"bu","09:17:43",33100
93300,300,600,"sd","09:17:46",33700
93300,300,100,"sd","09:18:04",33800
93300,300,400,"bu","09:18:13",34200
93300,300,200,"bu","09:18:49",34400
93300,300,300,"bu","09:18:53",34700
93300,300,1000,"bu","09:19:09",35700
93300,300,2000,"bu","09:19:12",37700
93300,300,100,"sd","09:19:40",37800
93400,400,2200,"sd","09:20:29",40000
93400,400,100,"bu","09:20:42",40100
93400,400,200,"sd","09:20:53",40300
93400,400,100,"sd","09:22:00",40400
93300,300,1400,"sd","09:23:37",41800
93200,200,800,"sd","09:23:49",42600
93200,200,2000,"sd","09:23:54",44600
93200,200,2200,"bu","09:25:12",46800
93200,200,1000,"sd","09:25:16",47800
93200,200,1700,"bu","09:25:24",49500
93200,200,1300,"bu","09:25:25",50800
93200,200,400,"bu","09:25:33",51200
93200,200,1300,"sd","09:25:44",52500
93100,100,100,"bu","09:25:45",52600
93300,300,2000,"bu","09:26:14",54600
93300,300,2000,"bu","09:26:29",56600
93300,300,500,"bu","09:26:34",57100
93400,400,3000,"bu","09:26:58",60100
93500,500,1100,"sd","09:26:59",61200
93500,500,100,"sd","09:27:25",61300
93500,500,500,"sd","09:27:29",61800
93400,400,300,"sd","09:28:42",62100
93500,500,20000,"bu","09:29:04",82100
93500,500,3200,"bu","09:29:20",85300
93400,400,100,"sd","09:29:23",85400
93500,500,300,"sd","09:29:31",85700
93500,500,10000,"bu","09:29:32",95700
93400,400,400,"bu","09:29:39",96100
93500,500,500,"bu","09:29:47",96600
93400,400,200,"bu","09:29:53",96800
93400,400,300,"bu","09:30:14",97100
93500,500,5100,"sd","09:30:32",102200
93500,500,500,"bu","09:30:50",102700
93400,400,6000,"sd","09:30:50",108700
93400,400,2900,"bu","09:31:06",111600
93300,300,6500,"bu","09:32:20",118100
93300,300,2000,"sd","09:32:26",120100
93200,200,100,"bu","09:32:26",120200
93200,200,1000,"bu","09:32:36",121200
93300,300,1300,"sd","09:33:02",122500
93400,400,100,"bu","09:33:07",122600
93300,300,300,"bu","09:33:13",122900
93300,300,1000,"sd","09:33:19",123900
93300,300,100,"bu","09:33:21",124000
93400,400,1000,"sd","09:33:43",125000
93300,300,3000,"bu","09:33:45",128000
93300,300,5200,"sd","09:35:12",133200
93300,300,900,"bu","09:35:15",134100
93300,300,1100,"sd","09:35:20",135200
93300,300,5400,"sd","09:36:08",140600
93200,200,200,"bu","09:37:16",140800
93000,0,30600,"sd","09:37:16",171400
93000,0,100,"bu","09:37:17",171500
92900,-100,7300,"sd","09:37:29",178800
93000,0,5000,"sd","09:37:33",183800
93000,0,300,"sd","09:38:11",184100
93000,0,2000,"bu","09:38:27",186100
93000,0,6500,"bu","09:39:24",192600
93000,0,2000,"bu","09:39:25",194600
93000,0,5000,"sd","09:39:28",199600
93000,0,200,"sd","09:40:30",199800
93000,0,300,"sd","09:41:20",200100
93000,0,1100,"sd","09:41:37",201200
93000,0,100,"sd","09:41:50",201300
93000,0,1000,"sd","09:41:54",202300
93000,0,5000,"sd","09:42:02",207300
93000,0,100,"sd","09:42:14",207400
93000,0,1000,"sd","09:42:28",208400
92900,-100,3300,"bu","09:42:40",211700
92900,-100,3500,"bu","09:42:45",215200
93000,0,500,"bu","09:43:02",215700
93000,0,5400,"bu","09:43:24",221100
92900,-100,100,"sd","09:43:29",221200
92900,-100,1200,"bu","09:43:38",222400
92800,-200,6000,"sd","09:43:41",228400
92800,-200,100,"sd","09:44:06",228500
92900,-100,3200,"sd","09:45:51",231700
93000,0,10000,"bu","09:46:18",241700
93000,0,500,"sd","09:46:27",242200
93000,0,1000,"bu","09:46:39",243200
93000,0,700,"bu","09:46:46",243900
93000,0,5000,"sd","09:46:49",248900
93000,0,500,"bu","09:46:50",249400
93000,0,200,"bu","09:46:54",249600
93000,0,900,"sd","09:47:00",250500
93000,0,1000,"sd","09:47:01",251500
93000,0,500,"bu","09:47:12",252000
93000,0,1100,"sd","09:47:29",253100
93000,0,1000,"sd","09:47:42",254100
93000,0,500,"bu","09:47:56",254600
93000,0,1500,"sd","09:48:20",256100
93000,0,500,"bu","09:48:32",256600
92900,-100,100,"bu","09:48:44",256700
93000,0,500,"sd","09:48:45",257200
92900,-100,3000,"sd","09:49:00",260200
92900,-100,1000,"bu","09:49:18",261200
92800,-200,1000,"bu","09:49:27",262200
92900,-100,100,"sd","09:49:30",262300
92900,-100,4300,"sd","09:50:12",266600
92900,-100,2800,"bu","09:50:47",269400
92900,-100,200,"bu","09:50:51",269600
92800,-200,100,"sd","09:51:16",269700
92800,-200,500,"sd","09:51:30",270200
92800,-200,1000,"sd","09:51:37",271200
92800,-200,100,"bu","09:51:40",271300
92800,-200,500,"bu","09:52:41",271800
92800,-200,9500,"bu","09:53:03",281300
92800,-200,500,"bu","09:53:25",281800
92800,-200,5400,"sd","09:53:52",287200
92700,-300,200,"bu","09:55:07",287400
92700,-300,300,"bu","09:55:09",287700
92700,-300,8200,"bu","09:55:17",295900
92700,-300,200,"bu","09:55:25",296100
92600,-400,1000,"bu","09:55:44",297100
92700,-300,1600,"bu","09:56:04",298700
92700,-300,100,"bu","09:56:34",298800
92700,-300,300,"sd","09:57:11",299100
92700,-300,500,"sd","09:57:13",299600
92700,-300,200,"sd","09:57:14",299800
92800,-200,300,"bu","09:59:22",300100
92800,-200,200,"bu","09:59:45",300300
92700,-300,4400,"bu","10:01:09",304700
92600,-400,500,"sd","10:02:23",305200
92700,-300,1000,"sd","10:03:06",306200
92700,-300,500,"sd","10:03:22",306700
92700,-300,100,"sd","10:03:27",306800
92800,-200,10000,"sd","10:03:29",316800
92800,-200,2000,"sd","10:03:56",318800
92800,-200,1000,"bu","10:04:33",319800
92800,-200,200,"sd","10:05:36",320000
92800,-200,500,"sd","10:06:01",320500
92800,-200,1000,"bu","10:06:02",321500
92800,-200,2000,"bu","10:06:14",323500
92800,-200,800,"sd","10:06:18",324300
92800,-200,300,"sd","10:08:10",324600
92800,-200,1500,"bu","10:09:20",326100
92800,-200,3300,"sd","10:09:35",329400
92800,-200,2000,"bu","10:09:38",331400
92700,-300,2300,"sd","10:10:01",333700
92800,-200,1000,"bu","10:10:05",334700
92700,-300,100,"bu","10:10:13",334800
92600,-400,10300,"sd","10:10:59",345100
92600,-400,100,"sd","10:11:10",345200
92800,-200,600,"bu","10:12:38",345800
92800,-200,100,"sd","10:13:32",345900
92700,-300,1200,"bu","10:14:35",347100
92700,-300,400,"bu","10:15:17",347500
92700,-300,1000,"sd","10:18:28",348500
92600,-400,1800,"bu","10:19:33",350300
92500,-500,30000,"bu","10:21:00",380300
92300,-700,19200,"sd","10:21:30",399500
92200,-800,2000,"sd","10:21:32",401500
92300,-700,100,"sd","10:21:49",401600
92200,-800,200,"sd","10:21:50",401800
92200,-800,5700,"bu","10:21:54",407500
92400,-600,400,"bu","10:22:48",407900
92400,-600,6500,"sd","10:24:02",414400
92400,-600,100,"bu","10:25:00",414500
92600,-400,5100,"sd","10:28:41",419600
92700,-300,5000,"sd","10:29:43",424600
92500,-500,400,"bu","10:32:38",425000
92500,-500,100,"sd","10:33:11",425100
92500,-500,800,"bu","10:34:58",425900
92700,-300,600,"bu","10:35:00",426500
92700,-300,100,"bu","10:37:07",426600
92500,-500,11900,"bu","10:38:39",438500
92600,-400,100,"bu","10:38:46",438600
92600,-400,500,"bu","10:39:14",439100
92500,-500,400,"bu","10:39:33",439500
92600,-400,100,"sd","10:40:15",439600
92600,-400,5400,"sd","10:40:19",445000
92600,-400,1200,"sd","10:40:20",446200
92600,-400,1300,"bu","10:40:30",447500
92600,-400,3500,"bu","10:40:45",451000
92600,-400,100,"sd","10:41:07",451100
92600,-400,2100,"sd","10:41:13",453200
92600,-400,200,"sd","10:41:14",453400
92600,-400,1000,"bu","10:41:23",454400
92600,-400,100,"bu","10:42:03",454500
92600,-400,200,"bu","10:42:07",454700
92600,-400,4000,"bu","10:42:21",458700
92700,-300,3300,"sd","10:42:37",462000
92700,-300,2300,"bu","10:43:39",464300
92700,-300,100,"bu","10:43:55",464400
92700,-300,1000,"sd","10:44:10",465400
92700,-300,3000,"bu","10:44:36",468400
92700,-300,2300,"sd","10:44:43",470700
92700,-300,700,"bu","10:44:44",471400
92700,-300,3300,"bu","10:45:34",474700
92800,-200,200,"bu","10:45:41",474900
92800,-200,2400,"bu","10:45:46",477300
92800,-200,1000,"bu","10:45:48",478300
92800,-200,10000,"bu","10:46:02",488300
92800,-200,2000,"bu","10:46:15",490300
92800,-200,1000,"sd","10:46:21",491300
92800,-200,200,"bu","10:46:31",491500
92800,-200,100,"bu","10:46:41",491600
92900,-100,2200,"sd","10:46:52",493800
92800,-200,200,"bu","10:46:56",494000
92900,-100,1000,"sd","10:47:05",495000
92900,-100,200,"bu","10:47:39",495200
92900,-100,2400,"bu","10:47:53",497600
92900,-100,2400,"sd","10:48:58",500000
92800,-200,200,"bu","10:49:31",500200
92800,-200,300,"bu","10:50:03",500500
92800,-200,200,"sd","10:50:13",500700
92900,-100,100,"bu","10:50:56",500800
92900,-100,4000,"sd","10:51:07",504800
92900,-100,100,"bu","10:51:35",504900
92900,-100,2400,"sd","10:52:01",507300
92800,-200,200,"bu","10:52:07",507500
92800,-200,300,"bu","10:53:06",507800
92800,-200,600,"sd","10:53:45",508400
92900,-100,100,"bu","10:54:09",508500
92900,-100,200,"sd","10:54:16",508700
93000,0,36500,"sd","10:54:30",545200
93000,0,5000,"bu","10:54:39",550200
93000,0,100,"sd","10:54:41",550300
93000,0,5000,"bu","10:54:59",555300
93100,100,3800,"bu","10:55:03",559100
93100,100,500,"bu","10:55:04",559600
93100,100,1500,"bu","10:55:11",561100
93000,0,3000,"bu","10:55:23",564100
92800,-200,2600,"bu","10:55:33",566700
92800,-200,2200,"sd","10:55:57",568900
92800,-200,500,"sd","10:56:05",569400
92900,-100,5500,"bu","10:56:57",574900
92900,-100,700,"bu","10:57:59",575600
93000,0,5000,"bu","10:59:00",580600
93000,0,2500,"bu","10:59:05",583100
93000,0,100,"bu","10:59:14",583200
93000,0,300,"sd","10:59:18",583500
93000,0,2000,"sd","10:59:58",585500
93000,0,1600,"bu","11:00:08",587100
92900,-100,100,"bu","11:00:28",587200
93000,0,2200,"bu","11:01:02",589400
93000,0,500,"bu","11:01:30",589900
93000,0,2300,"bu","11:02:03",592200
92900,-100,100,"sd","11:02:28",592300
92900,-100,600,"bu","11:02:31",592900
92900,-100,7200,"bu","11:02:36",600100
92900,-100,2300,"bu","11:03:05",602400
92900,-100,200,"sd","11:03:08",602600
92900,-100,2200,"bu","11:04:08",604800
92800,-200,100,"bu","11:04:49",604900
92900,-100,2400,"bu","11:05:08",607300
92800,-200,5400,"sd","11:05:57",612700
92900,-100,2200,"sd","11:06:13",614900
92800,-200,100,"bu","11:07:05",615000
92900,-100,2200,"bu","11:07:15",617200
92800,-200,100,"sd","11:07:27",617300
92800,-200,4600,"sd","11:07:46",621900
92800,-200,800,"sd","11:08:16",622700
92900,-100,3800,"sd","11:09:20",626500
92900,-100,5000,"bu","11:09:46",631500
92900,-100,2300,"bu","11:10:15",633800
92800,-200,4700,"bu","11:12:21",638500
92800,-200,100,"sd","11:12:36",638600
92800,-200,600,"bu","11:13:26",639200
92800,-200,1600,"sd","11:13:34",640800
92900,-100,5000,"sd","11:13:57",645800
92900,-100,2300,"sd","11:14:28",648100
92900,-100,500,"sd","11:14:37",648600
92900,-100,2300,"bu","11:15:30",650900
92900,-100,2300,"sd","11:16:34",653200
92700,-300,100,"sd","11:16:40",653300
92900,-100,2400,"sd","11:17:36",655700
92900,-100,900,"bu","11:18:40",656600
92900,-100,3000,"sd","11:19:26",659600
93000,0,3100,"sd","11:19:42",662700
92900,-100,100,"bu","11:19:45",662800
92900,-100,500,"sd","11:20:37",663300
92900,-100,1000,"bu","11:20:48",664300
92900,-100,900,"sd","11:21:01",665200
92900,-100,1500,"bu","11:21:41",666700
92900,-100,700,"bu","11:21:54",667400
92900,-100,2300,"bu","11:22:43",669700
92900,-100,2300,"sd","11:23:48",672000
92700,-300,1900,"bu","11:24:19",673900
92900,-100,800,"sd","11:24:27",674700
92900,-100,2400,"sd","11:24:51",677100
92900,-100,400,"bu","11:25:02",677500
92900,-100,2900,"sd","11:25:57",680400
92700,-300,1000,"bu","11:27:01",681400
92700,-300,1300,"sd","11:27:47",682700
92700,-300,100,"sd","11:28:03",682800
92700,-300,1600,"sd","11:28:05",684400
92700,-300,400,"bu","11:28:19",684800
92700,-300,500,"sd","11:28:22",685300
92600,-400,100,"bu","11:28:40",685400
92600,-400,2000,"bu","11:28:52",687400
92600,-400,200,"sd","11:28:53",687600
92700,-300,300,"sd","11:28:58",687900
92600,-400,500,"sd","11:29:01",688400
92500,-500,11600,"sd","11:29:40",700000
92700,-300,200,"bu","13:00:29",700200
92500,-500,2300,"bu","13:00:31",702500
92500,-500,200,"sd","13:00:31",702700
92400,-600,10200,"bu","13:00:32",712900
92500,-500,1100,"sd","13:00:49",714000
92500,-500,2000,"sd","13:00:50",716000
92500,-500,1200,"sd","13:00:54",717200
92500,-500,100,"sd","13:00:56",717300
92400,-600,3500,"sd","13:01:05",720800
92400,-600,700,"bu","13:01:14",721500
92400,-600,200,"sd","13:01:23",721700
92400,-600,300,"sd","13:01:35",722000
92400,-600,3300,"sd","13:01:49",725300
92400,-600,200,"sd","13:02:00",725500
92400,-600,4000,"sd","13:02:11",729500
92500,-500,5400,"sd","13:02:15",734900
92500,-500,100,"bu","13:02:27",735000
92500,-500,3400,"bu","13:02:33",738400
92500,-500,3700,"bu","13:02:42",742100
92500,-500,2700,"bu","13:02:52",744800
92500,-500,1400,"sd","13:02:57",746200
92500,-500,2900,"sd","13:03:06",749100
92300,-700,500,"bu","13:03:12",749600
92500,-500,2300,"sd","13:03:14",751900
92500,-500,100,"sd","13:03:33",752000
92500,-500,2200,"sd","13:03:37",754200
92500,-500,5400,"sd","13:03:51",759600
92400,-600,3800,"bu","13:04:15",763400
92300,-700,100,"sd","13:04:34",763500
92400,-600,3400,"bu","13:04:52",766900
92300,-700,5000,"sd","13:04:54",771900
92300,-700,10000,"sd","13:04:56",781900
92300,-700,6600,"sd","13:05:07",788500
92300,-700,200,"bu","13:05:11",788700
92300,-700,100,"sd","13:05:12",788800
92300,-700,2200,"sd","13:05:16",791000
92400,-600,6000,"sd","13:05:27",797000
92400,-600,200,"sd","13:05:31",797200
92400,-600,500,"sd","13:05:44",797700
92300,-700,100,"sd","13:06:03",797800
92300,-700,1900,"sd","13:06:07",799700
92300,-700,1000,"sd","13:06:11",800700
92300,-700,100,"sd","13:06:18",800800
92300,-700,1000,"sd","13:06:54",801800
92400,-600,2400,"bu","13:07:19",804200
92400,-600,1100,"bu","13:07:20",805300
92500,-500,10200,"bu","13:07:38",815500
92400,-600,100,"sd","13:07:42",815600
92400,-600,300,"bu","13:07:46",815900
92400,-600,200,"sd","13:07:48",816100
92400,-600,100,"sd","13:07:59",816200
92400,-600,2800,"sd","13:08:13",819000
92400,-600,2000,"bu","13:08:15",821000
92500,-500,1000,"bu","13:08:23",822000
92500,-500,2000,"bu","13:09:15",824000
92600,-400,2400,"bu","13:09:19",826400
92500,-500,4100,"bu","13:09:34",830500
92600,-400,100,"sd","13:09:38",830600
92500,-500,1000,"sd","13:10:09",831600
92500,-500,2000,"sd","13:10:20",833600
92600,-400,1800,"bu","13:10:22",835400
92600,-400,500,"sd","13:10:32",835900
92600,-400,100,"bu","13:10:50",836000
92500,-500,300,"sd","13:10:59",836300
92500,-500,1400,"sd","13:11:04",837700
92500,-500,300,"sd","13:11:09",838000
92500,-500,2400,"bu","13:11:28",840400
92400,-600,3000,"bu","13:11:30",843400
92400,-600,1000,"sd","13:11:32",844400
92400,-600,100,"bu","13:11:37",844500
92400,-600,500,"sd","13:11:51",845000
92500,-500,2300,"sd","13:12:33",847300
92400,-600,400,"sd","13:12:35",847700
92400,-600,300,"sd","13:12:47",848000
92400,-600,1500,"sd","13:13:06",849500
92300,-700,4500,"bu","13:13:23",854000
92300,-700,2500,"sd","13:13:35",856500
92200,-800,2000,"bu","13:13:44",858500
92300,-700,100,"bu","13:13:48",858600
92200,-800,200,"bu","13:14:00",858800
92300,-700,100,"sd","13:14:04",858900
92300,-700,1100,"sd","13:14:13",860000
92400,-600,200,"sd","13:14:32",860200
92400,-600,2200,"bu","13:14:37",862400
92400,-600,1000,"sd","13:14:47",863400
92300,-700,300,"bu","13:14:53",863700
92300,-700,100,"sd","13:15:15",863800
92300,-700,2800,"sd","13:15:37",866600
92300,-700,900,"sd","13:15:43",867500
92300,-700,1300,"bu","13:15:59",868800
92300,-700,2600,"sd","13:16:08",871400
92400,-600,900,"bu","13:16:20",872300
92300,-700,1300,"sd","13:16:27",873600
92300,-700,5000,"bu","13:16:33",878600
92300,-700,2200,"sd","13:16:39",880800
92300,-700,1500,"sd","13:16:47",882300
92300,-700,100,"bu","13:17:05",882400
92400,-600,2300,"sd","13:17:42",884700
92400,-600,200,"bu","13:17:57",884900
92300,-700,300,"sd","13:18:13",885200
92400,-600,100,"sd","13:18:20",885300
92400,-600,1600,"sd","13:18:45",886900
92400,-600,600,"bu","13:18:47",887500
92400,-600,200,"sd","13:19:00",887700
92400,-600,100,"sd","13:19:04",887800
92300,-700,200,"bu","13:19:06",888000
92400,-600,2500,"bu","13:19:51",890500
92300,-700,400,"bu","13:19:57",890900
92000,-1000,111300,"sd","13:20:04",1002200
92000,-1000,13500,"sd","13:20:07",1015700
92000,-1000,3300,"bu","13:20:09",1019000
92000,-1000,700,"sd","13:20:20",1019700
92000,-1000,800,"bu","13:20:24",1020500
92000,-1000,3300,"sd","13:20:29",1023800
92000,-1000,100,"sd","13:20:35",1023900
91700,-1300,20500,"sd","13:20:48",1044400
91700,-1300,2300,"bu","13:20:52",1046700
91900,-1100,4000,"bu","13:20:54",1050700
91900,-1100,200,"sd","13:21:03",1050900
91900,-1100,100,"sd","13:21:34",1051000
91900,-1100,300,"sd","13:21:46",1051300
91900,-1100,2200,"sd","13:21:55",1053500
91900,-1100,200,"bu","13:22:09",1053700
91900,-1100,100,"bu","13:22:14",1053800
91900,-1100,200,"sd","13:22:24",1054000
91900,-1100,5700,"sd","13:22:30",1059700
91800,-1200,500,"bu","13:22:39",1060200
91900,-1100,3000,"bu","13:22:45",1063200
91800,-1200,300,"sd","13:22:51",1063500
91900,-1100,100,"bu","13:22:54",1063600
91900,-1100,3000,"sd","13:23:00",1066600
91800,-1200,3800,"sd","13:23:12",1070400
92000,-1000,1000,"bu","13:23:21",1071400
91900,-1100,500,"bu","13:23:31",1071900
91900,-1100,100,"sd","13:23:33",1072000
92200,-800,1100,"bu","13:23:38",1073100
91800,-1200,1000,"bu","13:23:50",1074100
91900,-1100,29600,"bu","13:23:53",1103700
92200,-800,2200,"bu","13:24:10",1105900
91900,-1100,800,"sd","13:24:15",1106700
91900,-1100,1000,"sd","13:24:26",1107700
91700,-1300,11100,"bu","13:24:40",1118800
92200,-800,1000,"sd","13:24:45",1119800
92200,-800,2400,"sd","13:25:12",1122200
92000,-1000,4500,"bu","13:25:34",1126700
91900,-1100,900,"sd","13:25:57",1127600
91900,-1100,5500,"bu","13:26:00",1133100
92200,-800,3400,"sd","13:26:05",1136500
91900,-1100,1900,"sd","13:26:08",1138400
91900,-1100,2000,"sd","13:26:10",1140400
91900,-1100,100,"bu","13:26:12",1140500
91900,-1100,200,"bu","13:26:15",1140700
91900,-1100,5700,"bu","13:26:19",1146400
91800,-1200,100,"sd","13:26:22",1146500
91900,-1100,1100,"sd","13:26:27",1147600
91800,-1200,500,"bu","13:26:30",1148100
91900,-1100,1300,"bu","13:26:38",1149400
91900,-1100,200,"bu","13:26:44",1149600
91800,-1200,500,"bu","13:26:56",1150100
91900,-1100,100,"bu","13:27:05",1150200
91900,-1100,4000,"bu","13:27:09",1154200
91800,-1200,2000,"sd","13:27:15",1156200
91900,-1100,2300,"sd","13:27:17",1158500
91900,-1100,4000,"bu","13:27:20",1162500
91800,-1200,2000,"bu","13:27:22",1164500
91900,-1100,1400,"bu","13:27:25",1165900
91800,-1200,500,"sd","13:27:28",1166400
91800,-1200,100,"bu","13:27:32",1166500
91900,-1100,600,"bu","13:27:50",1167100
91800,-1200,1500,"sd","13:28:04",1168600
91900,-1100,1900,"sd","13:28:13",1170500
91900,-1100,2300,"bu","13:28:19",1172800
91900,-1100,500,"sd","13:28:24",1173300
91900,-1100,2000,"bu","13:28:26",1175300
91900,-1100,100,"bu","13:28:33",1175400
91900,-1100,3200,"sd","13:28:37",1178600
91900,-1100,3500,"bu","13:28:41",1182100
91900,-1100,1000,"bu","13:28:44",1183100
91900,-1100,500,"sd","13:28:48",1183600
91900,-1100,5000,"sd","13:28:53",1188600
91900,-1100,100,"sd","13:28:56",1188700
91900,-1100,5300,"sd","13:29:01",1194000
91900,-1100,2900,"bu","13:29:06",1196900
91900,-1100,3100,"sd","13:29:20",1200000
92000,-1000,2200,"sd","13:29:22",1202200
92000,-1000,200,"sd","13:29:29",1202400
92000,-1000,100,"sd","13:29:42",1202500
92000,-1000,2100,"bu","13:29:51",1204600
92000,-1000,16300,"sd","13:29:59",1220900
92000,-1000,100,"bu","13:30:08",1221000
92000,-1000,2500,"bu","13:30:21",1223500
92000,-1000,1600,"sd","13:30:38",1225100
92000,-1000,400,"sd","13:30:41",1225500
91800,-1200,1000,"bu","13:30:43",1226500
91800,-1200,5400,"bu","13:30:54",1231900
91800,-1200,100,"sd","13:30:59",1232000
92000,-1000,2400,"sd","13:31:26",1234400
92000,-1000,3000,"bu","13:32:02",1237400
92000,-1000,100,"sd","13:32:14",1237500
91900,-1100,1100,"sd","13:32:26",1238600
91900,-1100,2700,"sd","13:32:31",1241300
91900,-1100,1000,"sd","13:32:36",1242300
91900,-1100,100,"sd","13:32:41",1242400
91900,-1100,2500,"bu","13:33:31",1244900
91900,-1100,200,"sd","13:33:33",1245100
91900,-1100,100,"bu","13:33:36",1245200
91800,-1200,500,"bu","13:33:43",1245700
91900,-1100,600,"sd","13:34:20",1246300
91900,-1100,2200,"bu","13:34:33",1248500
91900,-1100,100,"sd","13:34:40",1248600
91900,-1100,600,"sd","13:34:47",1249200
91900,-1100,100,"bu","13:34:56",1249300
91900,-1100,1400,"bu","13:35:30",1250700
92000,-1000,1800,"sd","13:35:32",1252500
92000,-1000,700,"bu","13:35:56",1253200
92000,-1000,2000,"sd","13:36:06",1255200
91900,-1100,1500,"sd","13:36:24",1256700
92000,-1000,2200,"bu","13:36:34",1258900
92000,-1000,200,"bu","13:36:42",1259100
92000,-1000,100,"bu","13:36:58",1259200
91900,-1100,2000,"sd","13:37:04",1261200
91900,-1100,100,"bu","13:37:06",1261300
91900,-1100,300,"bu","13:37:09",1261600
91900,-1100,500,"bu","13:37:29",1262100
91900,-1100,2400,"sd","13:37:34",1264500
91800,-1200,5400,"bu","13:37:51",1269900
91800,-1200,700,"bu","13:37:57",1270600
91800,-1200,2000,"sd","13:38:05",1272600
91800,-1200,200,"bu","13:38:07",1272800
91800,-1200,1900,"sd","13:38:22",1274700
91900,-1100,500,"bu","13:38:38",1275200
91900,-1100,2200,"sd","13:38:40",1277400
91900,-1100,300,"sd","13:39:02",1277700
91800,-1200,900,"sd","13:39:04",1278600
91800,-1200,5000,"sd","13:39:07",1283600
91900,-1100,100,"sd","13:39:12",1283700
91900,-1100,2400,"sd","13:39:41",1286100
91800,-1200,500,"sd","13:39:57",1286600
91800,-1200,600,"sd","13:40:13",1287200
91800,-1200,3900,"bu","13:40:24",1291100
91800,-1200,1200,"sd","13:40:30",1292300
91800,-1200,100,"bu","13:40:34",1292400
91800,-1200,2400,"bu","13:40:41",1294800
91900,-1100,2300,"bu","13:40:44",1297100
91800,-1200,700,"bu","13:40:57",1297800
91800,-1200,800,"bu","13:41:03",1298600
91800,-1200,200,"bu","13:41:06",1298800
91800,-1200,100,"sd","13:41:09",1298900
91800,-1200,500,"sd","13:41:14",1299400
91800,-1200,1600,"sd","13:41:25",1301000
91900,-1100,2500,"bu","13:41:48",1303500
91800,-1200,500,"bu","13:41:56",1304000
91800,-1200,500,"sd","13:42:01",1304500
91800,-1200,500,"bu","13:42:15",1305000
91900,-1100,200,"bu","13:42:37",1305200
91900,-1100,100,"sd","13:42:48",1305300
91900,-1100,2300,"sd","13:42:53",1307600
91900,-1100,200,"sd","13:42:59",1307800
91800,-1200,4100,"sd","13:43:13",1311900
91800,-1200,200,"sd","13:43:21",1312100
91800,-1200,1600,"bu","13:43:27",1313700
91800,-1200,500,"sd","13:43:43",1314200
91900,-1100,2300,"bu","13:43:56",1316500
91900,-1100,200,"sd","13:44:32",1316700
91800,-1200,1400,"bu","13:44:35",1318100
91800,-1200,600,"sd","13:44:44",1318700
91800,-1200,100,"sd","13:44:50",1318800
91800,-1200,500,"sd","13:44:53",1319300
91900,-1100,2300,"sd","13:45:02",1321600
91700,-1300,20100,"bu","13:45:08",1341700
91700,-1300,2500,"sd","13:45:35",1344200
91800,-1200,400,"bu","13:45:47",1344600
91600,-1400,8800,"sd","13:46:06",1353400
91600,-1400,1600,"bu","13:46:18",1355000
91600,-1400,5400,"sd","13:46:35",1360400
91600,-1400,100,"sd","13:46:41",1360500
91600,-1400,1300,"bu","13:46:45",1361800
91700,-1300,10200,"bu","13:46:48",1372000
91500,-1500,79600,"bu","13:46:51",1451600
91500,-1500,1100,"bu","13:46:58",1452700
91500,-1500,500,"sd","13:47:05",1453200
91500,-1500,100,"bu","13:47:11",1453300
91500,-1500,2400,"sd","13:47:13",1455700
91400,-1600,3200,"bu","13:47:17",1458900
91500,-1500,5400,"bu","13:47:25",1464300
91400,-1600,500,"bu","13:47:28",1464800
91300,-1700,5400,"bu","13:47:38",1470200
91300,-1700,2900,"sd","13:47:45",1473100
91300,-1700,4900,"bu","13:47:48",1478000
91300,-1700,100,"sd","13:47:55",1478100
91300,-1700,300,"bu","13:48:00",1478400
91200,-1800,500,"sd","13:48:09",1478900
91000,-2000,35200,"bu","13:48:12",1514100
91300,-1700,1400,"bu","13:48:16",1515500
91300,-1700,1200,"sd","13:48:24",1516700
91400,-1600,5200,"sd","13:48:27",1521900
91400,-1600,700,"bu","13:48:30",1522600
91300,-1700,900,"sd","13:48:46",1523500
91400,-1600,1000,"sd","13:48:49",1524500
91300,-1700,3500,"bu","13:48:53",1528000
91300,-1700,1000,"sd","13:49:17",1529000
91300,-1700,500,"sd","13:49:30",1529500
91000,-2000,20000,"bu","13:49:33",1549500
91000,-2000,5400,"bu","13:49:36",1554900
91300,-1700,100,"bu","13:49:39",1555000
91000,-2000,4400,"bu","13:49:53",1559400
91900,-1100,5000,"sd","13:50:04",1564400
91100,-1900,3400,"bu","13:50:21",1567800
91200,-1800,600,"sd","13:50:39",1568400
91100,-1900,2500,"sd","13:50:42",1570900
91100,-1900,200,"sd","13:50:45",1571100
91200,-1800,400,"bu","13:50:56",1571500
91200,-1800,2000,"bu","13:51:07",1573500
91200,-1800,100,"sd","13:51:11",1573600
91200,-1800,10600,"sd","13:51:14",1584200
91200,-1800,2300,"bu","13:51:19",1586500
91200,-1800,1600,"bu","13:51:27",1588100
91200,-1800,700,"sd","13:51:54",1588800
91200,-1800,500,"bu","13:52:08",1589300
91200,-1800,2600,"bu","13:52:20",1591900
91300,-1700,3100,"sd","13:52:47",1595000
91300,-1700,100,"sd","13:52:51",1595100
91300,-1700,1000,"sd","13:53:06",1596100
91300,-1700,100,"sd","13:53:10",1596200
91400,-1600,400,"sd","13:53:28",1596600
91300,-1700,100,"bu","13:53:39",1596700
91400,-1600,400,"bu","13:53:42",1597100
91400,-1600,400,"sd","13:53:49",1597500
91700,-1300,700,"sd","13:54:00",1598200
91400,-1600,5000,"sd","13:54:10",1603200
91400,-1600,700,"sd","13:54:14",1603900
91400,-1600,100,"sd","13:54:21",1604000
91300,-1700,1400,"bu","13:54:25",1605400
91400,-1600,100,"bu","13:54:36",1605500
91400,-1600,6900,"bu","13:54:47",1612400
91300,-1700,2100,"bu","13:54:50",1614500
91600,-1400,2300,"sd","13:54:54",1616800
91300,-1700,200,"bu","13:54:58",1617000
91600,-1400,900,"sd","13:55:09",1617900
91600,-1400,3100,"bu","13:55:16",1621000
91300,-1700,1100,"sd","13:55:41",1622100
91300,-1700,5600,"sd","13:55:45",1627700
91400,-1600,2500,"bu","13:55:48",1630200
91600,-1400,3600,"sd","13:55:56",1633800
91600,-1400,100,"sd","13:56:00",1633900
91800,-1200,4400,"bu","13:56:04",1638300
91400,-1600,1000,"sd","13:56:09",1639300
91400,-1600,8900,"bu","13:56:17",1648200
91300,-1700,400,"sd","13:56:20",1648600
91400,-1600,100,"bu","13:56:23",1648700
91400,-1600,9200,"bu","13:56:48",1657900
91400,-1600,3400,"sd","13:56:52",1661300
91400,-1600,10000,"sd","13:57:01",1671300
91400,-1600,2300,"sd","13:57:06",1673600
91300,-1700,1000,"sd","13:57:10",1674600
91400,-1600,900,"bu","13:57:14",1675500
91400,-1600,100,"sd","13:57:18",1675600
91400,-1600,6000,"bu","13:57:22",1681600
91400,-1600,3500,"bu","13:57:30",1685100
91300,-1700,5500,"bu","13:57:34",1690600
91400,-1600,17600,"sd","13:57:42",1708200
91400,-1600,6800,"sd","13:57:45",1715000
91400,-1600,7000,"sd","13:57:50",1722000
91400,-1600,10500,"sd","13:57:53",1732500
91400,-1600,1700,"sd","13:57:57",1734200
91300,-1700,5400,"sd","13:58:00",1739600
91400,-1600,16900,"bu","13:58:15",1756500
91300,-1700,7600,"bu","13:58:20",1764100
91300,-1700,16700,"bu","13:58:28",1780800
91300,-1700,4000,"bu","13:58:38",1784800
91400,-1600,1000,"sd","13:58:42",1785800
91200,-1800,19500,"bu","13:58:46",1805300
91400,-1600,300,"bu","13:58:50",1805600
91300,-1700,100,"bu","13:58:54",1805700
91300,-1700,300,"sd","13:58:57",1806000
91400,-1600,19500,"sd","13:59:01",1825500
91400,-1600,2700,"sd","13:59:08",1828200
91400,-1600,200,"sd","13:59:12",1828400
91300,-1700,900,"bu","13:59:20",1829300
91300,-1700,3500,"sd","13:59:24",1832800
91200,-1800,5400,"bu","13:59:28",1838200
91300,-1700,1000,"sd","13:59:31",1839200
91000,-2000,107400,"bu","13:59:35",1946600
91000,-2000,1000,"bu","13:59:39",1947600
91000,-2000,3900,"sd","13:59:42",1951500
91000,-2000,500,"sd","13:59:50",1952000
90900,-2100,8300,"bu","13:59:58",1960300
90900,-2100,600,"sd","14:00:02",1960900
90900,-2100,4300,"bu","14:00:06",1965200
90800,-2200,5700,"sd","14:00:12",1970900
90900,-2100,2000,"bu","14:00:19",1972900
91000,-2000,100,"bu","14:00:22",1973000
90900,-2100,500,"bu","14:00:28",1973500
90800,-2200,8500,"bu","14:00:32",1982000
90800,-2200,600,"bu","14:00:39",1982600
90800,-2200,4600,"bu","14:00:57",1987200
90800,-2200,5400,"bu","14:01:00",1992600
90900,-2100,1000,"sd","14:01:04",1993600
90800,-2200,5500,"sd","14:01:09",1999100
90900,-2100,7500,"sd","14:01:13",2006600
90900,-2100,100,"bu","14:01:16",2006700
90800,-2200,14100,"bu","14:01:30",2020800
90900,-2100,5500,"bu","14:01:45",2026300
91000,-2000,100,"sd","14:01:49",2026400
90900,-2100,5400,"bu","14:01:53",2031800
90900,-2100,2400,"sd","14:01:57",2034200
90900,-2100,4200,"bu","14:02:03",2038400
90900,-2100,400,"bu","14:02:07",2038800
90900,-2100,200,"bu","14:02:11",2039000
90800,-2200,3900,"bu","14:02:15",2042900
90800,-2200,22900,"sd","14:02:19",2065800
90900,-2100,5400,"bu","14:02:22",2071200
90900,-2100,100,"bu","14:02:26",2071300
90900,-2100,5300,"sd","14:02:35",2076600
90800,-2200,10200,"bu","14:02:38",2086800
90800,-2200,5400,"sd","14:02:47",2092200
90700,-2300,10000,"sd","14:02:55",2102200
90900,-2100,10000,"bu","14:02:59",2112200
90700,-2300,2800,"bu","14:03:04",2115000
90900,-2100,100,"sd","14:03:08",2115100
90800,-2200,1100,"sd","14:03:26",2116200
90800,-2200,1200,"bu","14:03:31",2117400
90900,-2100,10000,"sd","14:03:35",2127400
90800,-2200,600,"bu","14:03:40",2128000
90900,-2100,7700,"bu","14:03:44",2135700
90900,-2100,200,"sd","14:04:00",2135900
91000,-2000,4800,"bu","14:04:05",2140700
91000,-2000,1000,"sd","14:04:09",2141700
91000,-2000,2000,"bu","14:04:13",2143700
91000,-2000,4000,"bu","14:04:17",2147700
91000,-2000,8000,"sd","14:04:22",2155700
91000,-2000,1000,"sd","14:04:31",2156700
91000,-2000,4800,"sd","14:04:35",2161500
91000,-2000,11200,"bu","14:04:39",2172700
91000,-2000,2900,"sd","14:04:47",2175600
91400,-1600,4200,"sd","14:04:50",2179800
91200,-1800,100,"sd","14:04:59",2179900
91200,-1800,200,"sd","14:05:03",2180100
91300,-1700,4200,"bu","14:05:11",2184300
91200,-1800,3300,"bu","14:05:15",2187600
91000,-2000,12000,"sd","14:05:24",2199600
91300,-1700,5600,"sd","14:05:27",2205200
91000,-2000,2000,"bu","14:05:31",2207200
90900,-2100,1000,"sd","14:05:35",2208200
91400,-1600,3400,"sd","14:05:54",2211600
91400,-1600,2300,"sd","14:05:58",2213900
91000,-2000,33200,"bu","14:06:06",2247100
91000,-2000,3900,"bu","14:06:10",2251000
91000,-2000,200,"bu","14:06:14",2251200
91000,-2000,5500,"sd","14:06:18",2256700
91000,-2000,400,"bu","14:06:23",2257100
91000,-2000,4600,"bu","14:06:30",2261700
91000,-2000,2300,"bu","14:06:33",2264000
91000,-2000,2900,"bu","14:06:37",2266900
91400,-1600,3800,"sd","14:06:41",2270700
91000,-2000,100,"sd","14:06:45",2270800
91400,-1600,12300,"sd","14:07:12",2283100
91400,-1600,5900,"sd","14:07:43",2289000
91300,-1700,100,"bu","14:07:46",2289100
91300,-1700,4300,"sd","14:08:06",2293400
91300,-1700,100,"bu","14:08:10",2293500
91300,-1700,1100,"bu","14:08:14",2294600
91300,-1700,400,"sd","14:08:19",2295000
91000,-2000,34000,"bu","14:08:45",2329000
91000,-2000,7900,"sd","14:08:49",2336900
91000,-2000,400,"sd","14:08:52",2337300
91000,-2000,1400,"sd","14:08:55",2338700
91000,-2000,2000,"bu","14:09:05",2340700
91000,-2000,11900,"sd","14:09:09",2352600
91000,-2000,4000,"bu","14:09:12",2356600
91000,-2000,5200,"sd","14:09:15",2361800
91000,-2000,22400,"bu","14:09:51",2384200
91000,-2000,1200,"sd","14:09:55",2385400
91000,-2000,200,"bu","14:10:11",2385600
91000,-2000,4400,"bu","14:10:15",2390000
91000,-2000,200,"sd","14:10:19",2390200
90900,-2100,4300,"bu","14:10:25",2394500
91000,-2000,100,"sd","14:10:29",2394600
91000,-2000,2200,"sd","14:10:40",2396800
91000,-2000,4700,"bu","14:10:44",2401500
91000,-2000,500,"sd","14:10:48",2402000
91000,-2000,400,"sd","14:10:52",2402400
90900,-2100,15200,"bu","14:10:59",2417600
91300,-1700,2300,"bu","14:11:23",2419900
91000,-2000,4400,"sd","14:11:30",2424300
91000,-2000,3500,"bu","14:12:04",2427800
91000,-2000,1900,"sd","14:12:12",2429700
91000,-2000,2000,"sd","14:12:16",2431700
91000,-2000,5600,"sd","14:12:24",2437300
91200,-1800,2300,"bu","14:12:29",2439600
91000,-2000,1500,"bu","14:12:36",2441100
91000,-2000,1300,"sd","14:12:55",2442400
91000,-2000,2600,"sd","14:12:59",2445000
91000,-2000,100,"bu","14:13:03",2445100
91000,-2000,4000,"sd","14:13:07",2449100
91000,-2000,100,"sd","14:13:11",2449200
91000,-2000,1000,"sd","14:13:14",2450200
91000,-2000,1000,"sd","14:13:27",2451200
91000,-2000,2200,"sd","14:13:31",2453400
90900,-2100,1400,"bu","14:13:35",2454800
91000,-2000,200,"sd","14:13:52",2455000
91000,-2000,2200,"sd","14:14:20",2457200
91000,-2000,100,"sd","14:14:29",2457300
91000,-2000,3300,"sd","14:14:33",2460600
91000,-2000,1500,"sd","14:14:38",2462100
91000,-2000,500,"sd","14:14:43",2462600
91000,-2000,59700,"bu","14:14:48",2522300
90700,-2300,68200,"sd","14:15:07",2590500
90700,-2300,1100,"sd","14:15:11",2591600
90700,-2300,2400,"bu","14:15:15",2594000
90700,-2300,600,"bu","14:15:23",2594600
90700,-2300,23500,"sd","14:15:28",2618100
90700,-2300,500,"bu","14:15:32",2618600
90700,-2300,2400,"sd","14:15:36",2621000
90700,-2300,1300,"sd","14:15:43",2622300
90700,-2300,400,"sd","14:15:47",2622700
90700,-2300,5000,"sd","14:15:51",2627700
90700,-2300,3100,"sd","14:15:55",2630800
90700,-2300,300,"sd","14:15:59",2631100
90700,-2300,5600,"sd","14:16:02",2636700
90700,-2300,400,"bu","14:16:10",2637100
90700,-2300,300,"bu","14:16:21",2637400
90700,-2300,3000,"sd","14:16:37",2640400
90700,-2300,200,"bu","14:16:42",2640600
90700,-2300,25700,"bu","14:16:46",2666300
90600,-2400,106000,"sd","14:16:51",2772300
90700,-2300,10800,"bu","14:16:55",2783100
90700,-2300,21100,"sd","14:16:59",2804200
90700,-2300,1100,"bu","14:17:03",2805300
90700,-2300,3400,"bu","14:17:07",2808700
90700,-2300,4400,"bu","14:17:16",2813100
90600,-2400,2000,"bu","14:17:25",2815100
90700,-2300,300,"sd","14:17:30",2815400
90700,-2300,500,"bu","14:17:35",2815900
90700,-2300,2400,"bu","14:17:39",2818300
90700,-2300,100,"bu","14:17:43",2818400
90700,-2300,5600,"bu","14:17:50",2824000
90700,-2300,6600,"bu","14:17:58",2830600
90700,-2300,300,"sd","14:18:01",2830900
90700,-2300,100,"bu","14:18:05",2831000
90700,-2300,4000,"bu","14:18:13",2835000
90700,-2300,1200,"sd","14:18:16",2836200
90700,-2300,4000,"sd","14:18:20",2840200
90700,-2300,500,"bu","14:18:24",2840700
90700,-2300,1400,"sd","14:18:28",2842100
90700,-2300,1600,"bu","14:18:32",2843700
90700,-2300,1300,"sd","14:18:36",2845000
90700,-2300,8700,"bu","14:18:49",2853700
90700,-2300,5200,"bu","14:18:53",2858900
90700,-2300,300,"bu","14:18:57",2859200
90700,-2300,100,"bu","14:19:01",2859300
90700,-2300,1700,"bu","14:19:05",2861000
90700,-2300,9600,"sd","14:19:09",2870600
90700,-2300,8300,"sd","14:19:13",2878900
90700,-2300,1000,"sd","14:19:17",2879900
90700,-2300,42500,"bu","14:19:21",2922400
90700,-2300,12200,"bu","14:19:25",2934600
90700,-2300,6600,"bu","14:19:28",2941200
90700,-2300,7900,"sd","14:19:32",2949100
90700,-2300,28800,"bu","14:19:36",2977900
90700,-2300,100400,"sd","14:19:40",3078300
90700,-2300,1300,"bu","14:19:44",3079600
91100,-1900,6400,"bu","14:19:53",3086000
91000,-2000,5000,"sd","14:20:06",3091000
91300,-1700,3300,"bu","14:20:28",3094300
91300,-1700,2000,"bu","14:20:32",3096300
91300,-1700,3800,"bu","14:20:40",3100100
91300,-1700,3000,"bu","14:20:45",3103100
91400,-1600,2500,"sd","14:20:50",3105600
91300,-1700,300,"sd","14:20:54",3105900
91300,-1700,1100,"sd","14:21:11",3107000
91300,-1700,100,"bu","14:21:20",3107100
91300,-1700,1400,"sd","14:21:33",3108500
91300,-1700,3500,"sd","14:21:40",3112000
91400,-1600,400,"bu","14:21:44",3112400
91300,-1700,1000,"sd","14:21:52",3113400
91400,-1600,100,"bu","14:22:00",3113500
91400,-1600,400,"sd","14:22:04",3113900
91400,-1600,100,"bu","14:22:08",3114000
91400,-1600,400,"bu","14:22:13",3114400
91400,-1600,100,"bu","14:22:20",3114500
91400,-1600,5600,"bu","14:22:24",3120100
91400,-1600,600,"sd","14:22:33",3120700
91400,-1600,700,"sd","14:22:37",3121400
91400,-1600,2200,"bu","14:22:41",3123600
91400,-1600,2600,"sd","14:23:17",3126200
91500,-1500,1700,"bu","14:23:29",3127900
91500,-1500,5200,"bu","14:23:33",3133100
91600,-1400,500,"sd","14:23:38",3133600
91700,-1300,8000,"bu","14:23:42",3141600
91600,-1400,2800,"bu","14:23:47",3144400
91800,-1200,4400,"sd","14:23:56",3148800
91800,-1200,500,"sd","14:24:04",3149300
91800,-1200,300,"bu","14:24:08",3149600
91800,-1200,2000,"bu","14:24:12",3151600
91800,-1200,500,"bu","14:24:20",3152100
91800,-1200,100,"sd","14:24:24",3152200
91800,-1200,2200,"sd","14:24:28",3154400
91700,-1300,11000,"bu","14:24:38",3165400
91700,-1300,4600,"bu","14:24:48",3170000
91600,-1400,2400,"sd","14:24:54",3172400
91700,-1300,10000,"bu","14:25:00",3182400
91700,-1300,5800,"bu","14:25:06",3188200
91700,-1300,11800,"bu","14:25:12",3200000
91700,-1300,3000,"bu","14:25:17",3203000
91700,-1300,10000,"bu","14:25:23",3213000
91700,-1300,300,"sd","14:25:29",3213300
91800,-1200,2400,"bu","14:25:48",3215700
91800,-1200,200,"bu","14:25:53",3215900
91800,-1200,2800,"bu","14:25:58",3218700
91800,-1200,1600,"bu","14:26:03",3220300
91800,-1200,4600,"sd","14:26:07",3224900
91900,-1100,600,"bu","14:26:12",3225500
91800,-1200,200,"sd","14:26:17",3225700
91800,-1200,10100,"bu","14:26:21",3235800
91800,-1200,300,"sd","14:26:26",3236100
91200,-1800,17800,"sd","14:26:38",3253900
91800,-1200,2000,"bu","14:26:42",3255900
91800,-1200,800,"bu","14:26:47",3256700
91800,-1200,600,"sd","14:26:52",3257300
91800,-1200,2100,"bu","14:26:56",3259400
91800,-1200,1200,"bu","14:27:06",3260600
91800,-1200,3300,"sd","14:27:33",3263900
91800,-1200,200,"sd","14:27:38",3264100
91800,-1200,100,"bu","14:27:42",3264200
91700,-1300,3700,"bu","14:28:23",3267900
91700,-1300,200,"bu","14:28:28",3268100
91500,-1500,3500,"bu","14:28:32",3271600
91500,-1500,6700,"sd","14:28:47",3278300
91500,-1500,1600,"bu","14:28:56",3279900
91500,-1500,300,"sd","14:29:00",3280200
91200,-1800,1000,"sd","14:29:04",3281200
91500,-1500,100,"sd","14:29:08",3281300
91100,-1900,5700,"bu","14:29:12",3287000
91400,-1600,1200,"sd","14:29:40",3288200
91000,-2000,279700,"sd","14:45:22",3567900
