"price","change","match_qtty","side","time","total_vol"
11050,0,300,"bu","13:01:08",300
11050,0,100,"sd","13:01:12",400
11050,0,5000,"bu","13:02:17",5400
11050,0,100,"sd","13:02:39",5500
11050,0,800,"bu","13:02:46",6300
11050,0,4600,"sd","13:03:29",10900
11100,50,300,"sd","13:03:49",11200
11050,0,15000,"bu","13:03:51",26200
11050,0,600,"bu","13:03:54",26800
11050,0,3100,"sd","13:05:03",29900
11000,-50,100,"sd","13:05:12",30000
11000,-50,500,"sd","13:05:31",30500
11000,-50,400,"sd","13:05:47",30900
11000,-50,100,"bu","13:06:56",31000
11000,-50,500,"bu","13:08:27",31500
10950,-100,5400,"sd","13:09:11",36900
10950,-100,100,"sd","13:09:15",37000
10950,-100,1900,"sd","13:09:17",38900
10950,-100,15000,"sd","13:09:34",53900
10950,-100,900,"bu","13:09:40",54800
10950,-100,500,"sd","13:10:32",55300
10950,-100,4300,"bu","13:10:40",59600
10950,-100,200,"sd","13:10:53",59800
10900,-150,5000,"sd","13:11:06",64800
10950,-100,3000,"bu","13:11:07",67800
10950,-100,900,"sd","13:11:22",68700
10950,-100,5000,"bu","13:14:07",73700
10950,-100,3000,"bu","13:14:49",76700
10950,-100,2000,"bu","13:15:24",78700
10950,-100,2500,"bu","13:15:34",81200
10950,-100,1000,"bu","13:15:39",82200
10950,-100,300,"sd","13:16:01",82500
11000,-50,20000,"sd","13:21:48",102500
11000,-50,700,"sd","13:22:23",103200
11000,-50,900,"bu","13:23:31",104100
10950,-100,100,"sd","13:24:33",104200
11000,-50,1000,"sd","13:24:40",105200
11000,-50,100,"bu","13:25:12",105300
10950,-100,73900,"sd","13:26:59",179200
10900,-150,1000,"bu","13:27:05",180200
10900,-150,3000,"sd","13:27:55",183200
10900,-150,8900,"bu","13:28:16",192100
10900,-150,2000,"sd","13:33:45",194100
10950,-100,100,"sd","13:33:50",194200
10950,-100,1000,"sd","13:33:53",195200
10950,-100,500,"sd","13:34:07",195700
10900,-150,900,"sd","13:34:17",196600
10950,-100,3400,"bu","13:34:33",200000
10950,-100,200,"sd","13:34:58",200200
10950,-100,1000,"sd","13:35:01",201200
10950,-100,500,"sd","13:35:48",201700
10950,-100,2000,"sd","13:36:21",203700
10950,-100,1000,"sd","13:36:42",204700
10950,-100,5900,"bu","13:37:24",210600
10950,-100,100,"bu","13:37:40",210700
10950,-100,9300,"bu","13:40:21",220000
10950,-100,10000,"sd","13:40:37",230000
10950,-100,200,"bu","13:41:03",230200
10950,-100,3900,"bu","13:41:25",234100
11000,-50,700,"sd","13:42:42",234800
10900,-150,20000,"sd","13:42:59",254800
10900,-150,4800,"sd","13:43:16",259600
10950,-100,500,"sd","13:43:37",260100
10950,-100,1900,"bu","13:44:07",262000
10950,-100,100,"bu","13:44:41",262100
10950,-100,400,"bu","13:44:50",262500
10950,-100,100,"bu","13:45:32",262600
10950,-100,31600,"sd","13:47:52",294200
10950,-100,800,"bu","13:48:12",295000
10950,-100,600,"bu","13:48:30",295600
10900,-150,500,"bu","13:50:14",296100
10950,-100,500,"bu","13:50:25",296600
10900,-150,200,"sd","13:51:07",296800
10950,-100,1000,"sd","13:52:01",297800
10900,-150,9900,"sd","13:52:57",307700
10900,-150,300,"sd","13:54:39",308000
10850,-200,26000,"sd","13:54:58",334000
10850,-200,200,"sd","13:55:05",334200
10850,-200,18900,"bu","13:55:20",353100
10850,-200,5300,"bu","13:55:48",358400
10850,-200,100,"bu","13:55:56",358500
10900,-150,200,"sd","13:56:20",358700
10900,-150,200,"bu","13:57:01",358900
10850,-200,10000,"sd","13:57:14",368900
10900,-150,600,"bu","13:57:38",369500
10900,-150,3100,"bu","13:57:45",372600
10900,-150,3500,"bu","13:58:00",376100
10850,-200,5000,"sd","13:58:08",381100
10950,-100,500,"sd","13:58:24",381600
10950,-100,500,"sd","13:58:38",382100
10950,-100,1000,"sd","13:58:54",383100
10950,-100,1000,"sd","14:02:51",384100
10950,-100,100,"sd","14:03:35",384200
10900,-150,500,"sd","14:03:44",384700
10900,-150,16600,"sd","14:04:35",401300
10900,-150,1100,"bu","14:05:11",402400
10900,-150,300,"bu","14:05:19",402700
10900,-150,200,"bu","14:06:26",402900
10900,-150,500,"bu","14:07:02",403400
10900,-150,100,"bu","14:07:05",403500
10900,-150,1300,"bu","14:07:20",404800
10900,-150,100,"bu","14:07:28",404900
10900,-150,1600,"sd","14:07:54",406500
10900,-150,500,"sd","14:07:58",407000
10900,-150,200,"sd","14:08:02",407200
10900,-150,3000,"sd","14:08:10",410200
10900,-150,100,"sd","14:08:55",410300
10900,-150,1000,"sd","14:09:09",411300
10950,-100,100,"bu","14:09:26",411400
10900,-150,2000,"sd","14:09:48",413400
10950,-100,200,"bu","14:10:05",413600
10950,-100,300,"bu","14:10:48",413900
10900,-150,2000,"bu","14:11:12",415900
10900,-150,50000,"bu","14:11:42",465900
10900,-150,1400,"sd","14:11:49",467300
10900,-150,1000,"bu","14:12:12",468300
10900,-150,100,"sd","14:12:32",468400
10900,-150,500,"bu","14:12:44",468900
10850,-200,1300,"bu","14:12:52",470200
10900,-150,500,"sd","14:14:43",470700
10900,-150,700,"bu","14:15:43",471400
10900,-150,100,"sd","14:16:05",471500
10900,-150,700,"sd","14:16:18",472200
10900,-150,100,"sd","14:19:44",472300
10900,-150,1600,"sd","14:20:54",473900
10900,-150,200,"bu","14:21:11",474100
10950,-100,25000,"sd","14:21:48",499100
10950,-100,1100,"bu","14:22:08",500200
10850,-200,100,"bu","14:22:13",500300
10850,-200,5000,"sd","14:22:20",505300
10950,-100,27900,"sd","14:25:00",533200
11000,-50,100,"bu","14:25:29",533300
10950,-100,3000,"bu","14:26:12",536300
10950,-100,1000,"bu","14:28:15",537300
10950,-100,900,"bu","14:29:56",538200
10850,-200,10800,"sd","14:45:22",549000
