"price","change","match_qtty","side","time","total_vol"
78000,0,3100,"bu","09:15:09",3100
78000,0,100,"sd","09:15:12",3200
78000,0,1200,"bu","09:15:35",4400
78000,0,600,"bu","09:15:38",5000
78000,0,100,"bu","09:16:26",5100
78000,0,300,"sd","09:16:46",5400
78400,400,2000,"sd","09:16:59",7400
78400,400,2300,"bu","09:17:59",9700
78500,500,1200,"bu","09:18:41",10900
78600,600,400,"sd","09:20:15",11300
78800,800,1800,"sd","09:22:26",13100
78800,800,900,"sd","09:22:28",14000
78900,900,1000,"bu","09:23:49",15000
78900,900,200,"bu","09:24:48",15200
79000,1000,900,"bu","09:25:42",16100
79000,1000,100,"sd","09:26:08",16200
78900,900,1800,"sd","09:26:43",18000
78800,800,13300,"sd","09:28:15",31300
78800,800,100,"bu","09:33:32",31400
77900,-100,20000,"sd","09:35:33",51400
78600,600,3000,"bu","09:39:34",54400
78600,600,600,"sd","09:40:11",55000
78600,600,100,"bu","09:40:58",55100
78600,600,300,"sd","09:40:59",55400
78600,600,200,"sd","09:41:56",55600
78800,800,4000,"bu","09:42:42",59600
78900,900,1000,"sd","09:43:02",60600
78900,900,1600,"sd","09:44:07",62200
78800,800,600,"bu","09:45:26",62800
78900,900,1900,"sd","09:47:48",64700
78900,900,1900,"sd","09:47:52",66600
78900,900,500,"bu","09:48:15",67100
79000,1000,100,"sd","09:48:25",67200
78900,900,200,"bu","09:48:36",67400
79000,1000,15000,"bu","09:48:41",82400
79000,1000,700,"sd","09:48:45",83100
79000,1000,2300,"sd","09:48:49",85400
79000,1000,2800,"bu","09:48:55",88200
79000,1000,3000,"sd","09:48:55",91200
79000,1000,1000,"sd","09:49:01",92200
79000,1000,5000,"bu","09:49:10",97200
79000,1000,100,"sd","09:50:00",97300
79000,1000,300,"bu","09:50:33",97600
79000,1000,3500,"sd","09:50:53",101100
79000,1000,100,"bu","09:52:09",101200
78800,800,700,"bu","09:54:35",101900
78800,800,100,"bu","09:55:08",102000
78800,800,700,"bu","09:55:18",102700
78800,800,2000,"sd","09:55:32",104700
78800,800,100,"bu","09:55:53",104800
78700,700,1000,"sd","09:58:09",105800
78700,700,100,"bu","09:58:34",105900
78600,600,3400,"bu","10:00:36",109300
78600,600,300,"bu","10:03:20",109600
78600,600,700,"bu","10:05:06",110300
78700,700,3500,"sd","10:05:55",113800
78700,700,100,"sd","10:07:08",113900
78600,600,1300,"bu","10:09:36",115200
78700,700,100,"bu","10:10:53",115300
78700,700,8000,"bu","10:16:24",123300
78800,800,800,"bu","10:17:27",124100
78800,800,500,"sd","10:17:43",124600
78800,800,1000,"bu","10:18:15",125600
78800,800,300,"sd","10:18:44",125900
78800,800,500,"bu","10:19:26",126400
78800,800,600,"bu","10:21:46",127000
78800,800,1600,"bu","10:23:10",128600
78800,800,100,"bu","10:23:13",128700
78700,700,4600,"bu","10:24:44",133300
78700,700,800,"bu","10:24:45",134100
78700,700,3100,"bu","10:25:59",137200
78700,700,300,"bu","10:27:38",137500
78700,700,100,"bu","10:28:51",137600
78800,800,600,"sd","10:33:11",138200
78800,800,100,"bu","10:33:34",138300
78700,700,4000,"bu","10:36:55",142300
78700,700,3100,"bu","10:37:15",145400
78700,700,2000,"sd","10:39:26",147400
78700,700,100,"sd","10:41:12",147500
78700,700,400,"bu","10:41:46",147900
78700,700,1100,"sd","10:42:39",149000
78700,700,600,"sd","10:43:01",149600
78600,600,100,"sd","10:43:18",149700
78800,800,1700,"bu","10:43:42",151400
78700,700,100,"sd","10:44:47",151500
78800,800,3200,"sd","10:45:49",154700
78800,800,1700,"sd","10:46:42",156400
78800,800,100,"sd","10:47:15",156500
78800,800,1700,"bu","10:47:54",158200
78800,800,100,"sd","10:48:50",158300
78800,800,700,"sd","10:48:52",159000
78900,900,2600,"bu","10:49:57",161600
78900,900,1700,"sd","10:50:51",163300
78900,900,1700,"bu","10:51:55",165000
78900,900,18100,"sd","10:52:41",183100
78900,900,1600,"sd","10:53:01",184700
78900,900,3000,"sd","10:53:54",187700
78900,900,1600,"sd","10:54:03",189300
78900,900,800,"sd","10:55:05",190100
79000,1000,2400,"bu","10:56:07",192500
78900,900,100,"bu","10:56:23",192600
79000,1000,1700,"bu","10:57:01",194300
79000,1000,1600,"bu","10:58:05",195900
79000,1000,4900,"bu","11:01:13",200800
79000,1000,1600,"bu","11:02:17",202400
79000,1000,1900,"sd","11:03:18",204300
79000,1000,100,"sd","11:04:13",204400
79000,1000,1600,"bu","11:04:23",206000
79000,1000,2800,"sd","11:06:28",208800
79000,1000,400,"sd","11:06:37",209200
79000,1000,1700,"bu","11:07:30",210900
79000,1000,900,"bu","11:08:34",211800
79000,1000,200,"bu","11:08:44",212000
79000,1000,100,"bu","11:08:54",212100
79000,1000,300,"sd","11:09:19",212400
79000,1000,400,"bu","11:09:31",212800
79000,1000,900,"bu","11:09:36",213700
79000,1000,200,"bu","11:09:43",213900
79100,1100,2200,"bu","11:10:42",216100
79100,1100,3300,"bu","11:12:39",219400
79000,1000,300,"bu","11:13:41",219700
79000,1000,500,"bu","11:13:52",220200
79100,1100,4100,"bu","11:15:37",224300
79200,1200,100,"bu","11:15:50",224400
79300,1300,15000,"sd","11:16:02",239400
79300,1300,1800,"bu","11:16:42",241200
79300,1300,500,"sd","11:16:51",241700
79300,1300,800,"sd","11:17:35",242500
79300,1300,400,"bu","11:18:12",242900
79400,1400,2100,"sd","11:18:40",245000
79400,1400,700,"sd","11:19:45",245700
79400,1400,1000,"bu","11:20:08",246700
79400,1400,1700,"sd","11:20:47",248400
79200,1200,500,"sd","11:21:19",248900
79200,1200,100,"sd","11:21:46",249000
79200,1200,500,"sd","11:21:52",249500
79200,1200,100,"sd","11:22:23",249600
79200,1200,800,"bu","11:22:48",250400
79200,1200,200,"sd","11:22:50",250600
79200,1200,800,"bu","11:22:56",251400
79200,1200,500,"sd","11:23:05",251900
79200,1200,100,"sd","11:23:48",252000
79400,1400,3800,"sd","11:24:55",255800
79300,1300,1600,"sd","11:25:58",257400
79300,1300,1600,"bu","11:26:59",259000
79300,1300,1600,"sd","11:28:02",260600
79300,1300,10000,"bu","13:00:46",270600
79300,1300,100,"sd","13:00:57",270700
78800,800,3000,"bu","13:01:06",273700
78800,800,200,"sd","13:02:07",273900
79200,1200,4600,"sd","13:02:09",278500
79200,1200,1600,"sd","13:02:52",280100
78800,800,100,"sd","13:03:27",280200
79200,1200,1600,"sd","13:03:35",281800
79100,1100,1600,"sd","13:04:15",283400
79100,1100,100,"bu","13:04:52",283500
78700,700,500,"sd","13:05:11",284000
79000,1000,600,"bu","13:05:14",284600
79000,1000,500,"sd","13:05:29",285100
79000,1000,2100,"bu","13:06:16",287200
79000,1000,1600,"sd","13:07:17",288800
78900,900,100,"sd","13:08:21",288900
79000,1000,3100,"sd","13:09:21",292000
79000,1000,1600,"sd","13:10:15",293600
79000,1000,100,"bu","13:10:34",293700
79000,1000,2000,"bu","13:10:56",295700
79000,1000,1700,"bu","13:11:17",297400
78900,900,100,"sd","13:11:42",297500
79000,1000,1800,"sd","13:13:29",299300
79000,1000,1100,"bu","13:13:31",300400
79000,1000,200,"bu","13:13:35",300600
78900,900,300,"bu","13:14:11",300900
79000,1000,1600,"sd","13:14:24",302500
79000,1000,200,"bu","13:14:43",302700
79000,1000,1100,"bu","13:15:26",303800
79000,1000,100,"sd","13:15:35",303900
79100,1100,1600,"bu","13:16:31",305500
78600,600,8700,"bu","13:16:57",314200
78500,500,4900,"sd","13:17:19",319100
78500,500,1600,"bu","13:17:25",320700
78500,500,1000,"sd","13:17:27",321700
78500,500,1500,"sd","13:17:31",323200
78500,500,1000,"bu","13:18:10",324200
78500,500,100,"sd","13:18:29",324300
78600,600,1000,"bu","13:18:41",325300
78500,500,1600,"bu","13:19:30",326900
78500,500,1500,"sd","13:19:32",328400
78500,500,100,"bu","13:19:55",328500
78500,500,1700,"sd","13:20:35",330200
78500,500,100,"bu","13:20:37",330300
78500,500,1600,"sd","13:21:36",331900
78400,400,3300,"sd","13:21:42",335200
78200,200,1100,"sd","13:22:28",336300
78300,300,1500,"sd","13:22:41",337800
78300,300,200,"bu","13:23:45",338000
78200,200,12000,"sd","13:23:50",350000
78300,300,1500,"sd","13:23:55",351500
78200,200,1200,"sd","13:23:57",352700
78100,100,6000,"bu","13:24:18",358700
78000,0,2300,"bu","13:24:40",361000
78000,0,1400,"sd","13:24:45",362400
78100,100,1700,"bu","13:24:57",364100
78000,0,2100,"sd","13:25:00",366200
78000,0,200,"sd","13:25:46",366400
78100,100,11600,"bu","13:26:02",378000
78200,200,1600,"sd","13:26:05",379600
78200,200,3400,"sd","13:26:19",383000
78300,300,400,"bu","13:26:50",383400
78300,300,100,"sd","13:26:59",383500
78300,300,2000,"bu","13:27:35",385500
78300,300,100,"sd","13:27:55",385600
78300,300,1500,"bu","13:27:59",387100
78300,300,400,"bu","13:28:04",387500
78300,300,100,"sd","13:28:16",387600
78300,300,1400,"sd","13:28:26",389000
78300,300,100,"bu","13:28:33",389100
78400,400,1600,"bu","13:28:58",390700
78300,300,900,"sd","13:29:49",391600
78400,400,100,"bu","13:29:53",391700
78400,400,1500,"bu","13:29:59",393200
78500,500,5800,"sd","13:30:04",399000
78500,500,4000,"bu","13:30:29",403000
78500,500,3000,"sd","13:30:46",406000
78500,500,6500,"bu","13:30:49",412500
78500,500,6600,"bu","13:31:02",419100
78500,500,1000,"bu","13:31:10",420100
78500,500,1400,"bu","13:31:18",421500
78600,600,200,"bu","13:31:51",421700
78500,500,1000,"sd","13:32:00",422700
78600,600,300,"bu","13:32:05",423000
78900,900,2900,"bu","13:33:08",425900
78600,600,200,"sd","13:33:14",426100
78900,900,100,"sd","13:33:50",426200
78900,900,1600,"sd","13:34:02",427800
78800,800,3000,"sd","13:34:07",430800
78900,900,4600,"bu","13:35:03",435400
78800,800,100,"bu","13:35:50",435500
78900,900,3000,"bu","13:36:04",438500
78900,900,6500,"bu","13:36:11",445000
78900,900,100,"sd","13:36:19",445100
78900,900,5300,"bu","13:36:29",450400
78800,800,200,"sd","13:36:32",450600
78900,900,4900,"bu","13:36:37",455500
78800,800,100,"bu","13:36:45",455600
78800,800,200,"sd","13:36:53",455800
78900,900,1800,"sd","13:37:06",457600
78900,900,2400,"bu","13:37:11",460000
78900,900,3200,"sd","13:37:29",463200
79000,1000,3200,"sd","13:37:34",466400
79000,1000,100,"bu","13:37:51",466500
78900,900,1600,"sd","13:38:12",468100
78900,900,3300,"bu","13:38:45",471400
78900,900,6400,"sd","13:38:51",477800
78900,900,5500,"bu","13:38:56",483300
78800,800,4600,"sd","13:39:04",487900
78900,900,4200,"sd","13:39:07",492100
78900,900,1600,"sd","13:39:12",493700
78900,900,3800,"bu","13:39:45",497500
78900,900,600,"sd","13:39:48",498100
78900,900,100,"bu","13:39:52",498200
78900,900,1700,"sd","13:40:21",499900
78900,900,300,"sd","13:40:30",500200
78800,800,5000,"bu","13:40:37",505200
78900,900,11400,"bu","13:41:25",516600
78900,900,5900,"sd","13:41:33",522500
78800,800,200,"bu","13:41:39",522700
78900,900,7100,"bu","13:41:42",529800
78900,900,6800,"bu","13:41:51",536600
78800,800,1400,"sd","13:42:18",538000
78900,900,10000,"bu","13:42:20",548000
78900,900,1600,"sd","13:42:23",549600
78800,800,200,"bu","13:43:24",549800
78700,700,23100,"sd","13:43:27",572900
78800,800,400,"bu","13:43:37",573300
78800,800,11100,"sd","13:43:40",584400
78800,800,6800,"bu","13:44:22",591200
78800,800,6800,"sd","13:44:25",598000
78800,800,7500,"bu","13:44:29",605500
78700,700,11500,"bu","13:44:32",617000
78800,800,8200,"bu","13:44:35",625200
78800,800,4700,"bu","13:45:02",629900
78900,900,6300,"sd","13:45:16",636200
78800,800,2600,"bu","13:45:19",638800
78900,900,5500,"sd","13:45:22",644300
78900,900,11500,"bu","13:45:32",655800
78900,900,100,"sd","13:45:57",655900
78900,900,3600,"bu","13:46:06",659500
79000,1000,1800,"bu","13:46:32",661300
78800,800,25000,"sd","13:47:01",686300
78800,800,200,"sd","13:47:31",686500
79000,1000,1700,"bu","13:47:38",688200
78800,800,100,"bu","13:47:42",688300
78700,700,13900,"sd","13:48:53",702200
78700,700,5100,"sd","13:48:56",707300
78700,700,1700,"bu","13:48:59",709000
78600,600,1300,"bu","13:49:02",710300
78700,700,400,"bu","13:49:20",710700
78600,600,500,"sd","13:49:27",711200
78700,700,10000,"bu","13:49:30",721200
78600,600,1000,"bu","13:49:39",722200
78600,600,1900,"bu","13:49:49",724100
78000,0,25100,"bu","13:49:53",749200
78700,700,2000,"sd","13:50:04",751200
78700,700,1500,"sd","13:50:28",752700
78600,600,2000,"sd","13:50:49",754700
78000,0,300,"sd","13:51:46",755000
78700,700,1600,"bu","13:51:54",756600
78100,100,500,"sd","13:52:43",757100
78600,600,1700,"sd","13:53:13",758800
78200,200,100,"sd","13:53:17",758900
78100,100,800,"bu","13:53:39",759700
78100,100,500,"sd","13:53:49",760200
78200,200,4600,"sd","13:54:18",764800
78600,600,1500,"bu","13:54:21",766300
78600,600,1000,"sd","13:55:24",767300
78600,600,5800,"bu","13:55:38",773100
78600,600,2000,"bu","13:55:56",775100
78600,600,1500,"bu","13:56:17",776600
78600,600,300,"sd","13:56:36",776900
78700,700,1200,"bu","13:57:10",778100
78700,700,100,"sd","13:57:34",778200
78700,700,3300,"bu","13:58:00",781500
78700,700,1100,"sd","13:58:54",782600
78800,800,2000,"sd","13:59:16",784600
78700,700,100,"sd","13:59:31",784700
78700,700,1700,"sd","13:59:58",786400
78300,300,100,"sd","14:00:02",786500
78700,700,1600,"sd","14:00:51",788100
78300,300,500,"bu","14:01:22",788600
78700,700,1500,"bu","14:01:57",790100
78300,300,500,"bu","14:02:11",790600
78300,300,200,"sd","14:02:47",790800
78700,700,1600,"sd","14:02:59",792400
78200,200,7700,"sd","14:03:22",800100
78200,200,200,"bu","14:03:35",800300
78200,200,1600,"bu","14:04:05",801900
78100,100,200,"bu","14:04:09",802100
78200,200,100,"sd","14:04:17",802200
78200,200,400,"bu","14:04:22",802600
78700,700,1600,"bu","14:05:07",804200
78500,500,100,"sd","14:06:10",804300
78600,600,1100,"bu","14:06:37",805400
78600,600,100,"bu","14:07:05",805500
78600,600,1600,"bu","14:07:12",807100
78700,700,1600,"sd","14:08:06",808700
78700,700,1400,"bu","14:08:10",810100
78700,700,1000,"sd","14:08:19",811100
78700,700,3400,"sd","14:10:05",814500
78700,700,1300,"bu","14:11:12",815800
78700,700,100,"bu","14:11:15",815900
78300,300,1300,"bu","14:11:58",817200
78700,700,1500,"bu","14:12:16",818700
78700,700,1500,"sd","14:13:14",820200
78700,700,1500,"bu","14:14:17",821700
78700,700,2200,"sd","14:15:15",823900
78800,800,5200,"bu","14:16:14",829100
78900,900,2100,"sd","14:16:21",831200
78900,900,600,"sd","14:16:37",831800
78800,800,100,"bu","14:16:46",831900
78800,800,1300,"sd","14:17:54",833200
78900,900,1700,"sd","14:18:16",834900
79000,1000,1000,"bu","14:18:36",835900
79000,1000,100,"sd","14:18:40",836000
79000,1000,1600,"sd","14:19:13",837600
78900,900,100,"sd","14:19:25",837700
78700,700,200,"bu","14:19:49",837900
78700,700,300,"sd","14:19:53",838200
78700,700,200,"bu","14:20:15",838400
78900,900,1000,"sd","14:21:07",839400
78900,900,1500,"sd","14:21:20",840900
78900,900,200,"sd","14:21:25",841100
78900,900,1000,"sd","14:21:37",842100
79000,1000,100,"bu","14:21:44",842200
79000,1000,5000,"bu","14:21:56",847200
79000,1000,400,"sd","14:22:13",847600
79000,1000,1500,"bu","14:22:16",849100
79000,1000,6800,"bu","14:24:16",855900
79000,1000,1000,"sd","14:25:00",856900
79000,1000,1300,"sd","14:25:17",858200
79000,1000,1200,"bu","14:26:17",859400
79000,1000,400,"bu","14:26:38",859800
78800,800,600,"bu","14:28:02",860400
78800,800,200,"sd","14:29:20",860600
78800,800,300,"sd","14:30:08",860900
78900,900,31100,"sd","14:45:22",892000
