"price","change","match_qtty","side","time","total_vol"
11500,200,28900,"bu","09:15:06",28900
11500,200,5000,"bu","09:15:17",33900
11500,200,6000,"bu","09:15:24",39900
11400,100,4000,"bu","09:15:52",43900
11400,100,500,"bu","09:16:33",44400
11400,100,3900,"sd","09:16:39",48300
11400,100,1000,"sd","09:17:26",49300
11450,150,200,"bu","09:17:29",49500
11450,150,300,"sd","09:17:39",49800
11450,150,1000,"bu","09:17:54",50800
11450,150,100,"bu","09:18:23",50900
11450,150,900,"sd","09:19:41",51800
11450,150,700,"bu","09:19:43",52500
11400,100,5000,"bu","09:19:48",57500
11450,150,100,"sd","09:20:15",57600
11450,150,4600,"bu","09:20:26",62200
11450,150,5400,"sd","09:21:16",67600
11450,150,100,"sd","09:21:22",67700
11450,150,5000,"bu","09:21:50",72700
11500,200,3000,"sd","09:21:53",75700
11450,150,300,"bu","09:21:59",76000
11450,150,900,"bu","09:22:21",76900
11450,150,500,"bu","09:22:58",77400
11450,150,700,"bu","09:23:08",78100
11450,150,3300,"bu","09:23:23",81400
11400,100,3000,"bu","09:23:26",84400
11400,100,10000,"sd","09:25:10",94400
11400,100,100,"bu","09:25:43",94500
11400,100,2100,"sd","09:26:45",96600
11400,100,500,"sd","09:27:45",97100
11400,100,1800,"sd","09:28:07",98900
11400,100,200,"bu","09:28:40",99100
11400,100,100,"bu","09:28:45",99200
11400,100,3000,"bu","09:29:32",102200
11450,150,500,"bu","09:29:53",102700
11450,150,2100,"sd","09:30:53",104800
11450,150,1000,"sd","09:31:24",105800
11450,150,11000,"bu","09:32:08",116800
11450,150,3000,"bu","09:32:16",119800
11450,150,100,"bu","09:32:23",119900
11450,150,1000,"sd","09:32:30",120900
11450,150,9000,"sd","09:32:35",129900
11450,150,100,"sd","09:33:00",130000
11450,150,4000,"bu","09:33:15",134000
11450,150,300,"bu","09:33:17",134300
11450,150,2400,"bu","09:33:18",136700
11400,100,8000,"sd","09:33:46",144700
11450,150,1500,"sd","09:33:51",146200
11450,150,200,"bu","09:34:40",146400
11400,100,30000,"sd","09:34:50",176400
11400,100,1000,"sd","09:35:12",177400
11400,100,100,"sd","09:35:39",177500
11400,100,200,"bu","09:36:01",177700
11400,100,300,"sd","09:36:19",178000
11400,100,5500,"sd","09:36:41",183500
11400,100,2300,"sd","09:38:01",185800
11400,100,100,"bu","09:38:06",185900
11400,100,10000,"sd","09:38:11",195900
11400,100,7500,"bu","09:38:39",203400
11450,150,500,"bu","09:38:51",203900
11400,100,3500,"sd","09:38:52",207400
11400,100,500,"bu","09:38:53",207900
11400,100,400,"bu","09:39:06",208300
11400,100,1000,"sd","09:39:09",209300
11350,50,2000,"bu","09:39:23",211300
11400,100,100,"sd","09:39:26",211400
11400,100,5000,"sd","09:40:02",216400
11400,100,4500,"sd","09:40:22",220900
11450,150,10000,"sd","09:40:52",230900
11450,150,5000,"sd","09:40:58",235900
11400,100,900,"bu","09:41:19",236800
11450,150,500,"sd","09:41:21",237300
11450,150,1500,"sd","09:41:30",238800
11450,150,6000,"sd","09:41:39",244800
11450,150,1000,"bu","09:41:41",245800
11450,150,4900,"bu","09:41:42",250700
11450,150,2000,"bu","09:42:09",252700
11450,150,24100,"sd","09:42:11",276800
11450,150,2100,"sd","09:42:20",278900
11500,200,50000,"sd","09:42:22",328900
11500,200,200,"bu","09:42:55",329100
11500,200,4500,"sd","09:43:02",333600
11500,200,1100,"sd","09:43:11",334700
11500,200,300,"sd","09:43:20",335000
11550,250,2300,"sd","09:43:24",337300
11550,250,1600,"sd","09:43:27",338900
11550,250,500,"sd","09:43:34",339400
11550,250,3000,"sd","09:43:35",342400
11550,250,1300,"bu","09:43:40",343700
11550,250,10000,"bu","09:43:42",353700
11600,300,33100,"sd","09:44:12",386800
11600,300,15000,"bu","09:44:15",401800
11600,300,2000,"bu","09:44:16",403800
11600,300,6000,"bu","09:44:18",409800
11650,350,17600,"bu","09:44:21",427400
11650,350,400,"bu","09:44:22",427800
11650,350,500,"sd","09:44:27",428300
11700,400,16500,"bu","09:44:31",444800
11750,450,1100,"bu","09:44:38",445900
11750,450,200,"sd","09:44:42",446100
11750,450,1500,"bu","09:44:43",447600
11750,450,4200,"sd","09:44:44",451800
11750,450,1000,"bu","09:44:49",452800
11800,500,1900,"sd","09:44:50",454700
11800,500,13000,"sd","09:44:51",467700
11800,500,4000,"bu","09:44:57",471700
11800,500,14000,"bu","09:44:59",485700
11800,500,14000,"sd","09:44:59",499700
11800,500,2600,"bu","09:45:00",502300
11850,550,4300,"sd","09:45:00",506600
11850,550,700,"bu","09:45:06",507300
11850,550,5000,"bu","09:45:07",512300
11850,550,1100,"sd","09:45:07",513400
11850,550,2000,"sd","09:45:08",515400
11850,550,600,"bu","09:45:12",516000
11900,600,7600,"sd","09:45:16",523600
11900,600,3900,"bu","09:45:23",527500
11900,600,2200,"bu","09:45:25",529700
11900,600,100,"bu","09:45:29",529800
11950,650,4400,"bu","09:45:32",534200
11950,650,1000,"sd","09:45:38",535200
11950,650,10000,"bu","09:45:40",545200
11950,650,4000,"sd","09:45:42",549200
11950,650,3400,"sd","09:45:46",552600
11950,650,2000,"bu","09:45:49",554600
11950,650,1000,"bu","09:45:51",555600
12000,700,3000,"sd","09:45:53",558600
12000,700,3000,"bu","09:45:58",561600
12000,700,3000,"bu","09:46:00",564600
12000,700,1000,"sd","09:46:01",565600
12000,700,20000,"sd","09:46:01",585600
12000,700,500,"bu","09:46:02",586100
12000,700,20000,"sd","09:46:02",606100
12000,700,16000,"sd","09:46:03",622100
12000,700,2000,"bu","09:46:05",624100
12000,700,4700,"bu","09:46:07",628800
12000,700,2300,"bu","09:46:08",631100
12000,700,18800,"sd","09:46:14",649900
12050,750,1500,"bu","09:46:17",651400
12050,750,100000,"bu","09:46:18",751400
12050,750,16500,"bu","09:46:20",767900
12050,750,2500,"sd","09:46:23",770400
12050,750,7000,"sd","09:46:25",777400
12050,750,1800,"bu","09:46:28",779200
12050,750,35600,"sd","09:46:29",814800
12050,750,1600,"sd","09:46:31",816400
12050,750,10500,"sd","09:46:31",826900
12050,750,37600,"sd","09:46:32",864500
12050,750,1000,"bu","09:46:35",865500
12050,750,2300,"sd","09:46:35",867800
12050,750,98700,"sd","09:46:36",966500
12050,750,7000,"bu","09:46:42",973500
12050,750,200,"bu","09:46:47",973700
12050,750,1900,"sd","09:46:48",975600
12050,750,10000,"bu","09:46:49",985600
12050,750,20000,"sd","09:46:49",1005600
12050,750,200,"sd","09:46:51",1005800
12050,750,400,"sd","09:46:52",1006200
12050,750,500,"bu","09:46:55",1006700
12050,750,3900,"bu","09:46:55",1010600
12050,750,13000,"bu","09:46:58",1023600
12050,750,100,"bu","09:47:00",1023700
12050,750,10100,"bu","09:47:02",1033800
12050,750,20000,"bu","09:47:04",1053800
12050,750,5000,"sd","09:47:06",1058800
12050,750,200,"bu","09:47:07",1059000
12050,750,500,"bu","09:47:13",1059500
12050,750,3500,"sd","09:47:20",1063000
12050,750,3100,"sd","09:47:27",1066100
12050,750,17200,"bu","09:47:30",1083300
12050,750,200,"bu","09:47:31",1083500
12050,750,100,"bu","09:47:32",1083600
12050,750,10000,"sd","09:47:37",1093600
12050,750,1000,"sd","09:47:39",1094600
12050,750,500,"sd","09:47:39",1095100
12050,750,5500,"sd","09:47:46",1100600
12050,750,900,"bu","09:47:48",1101500
12050,750,2000,"sd","09:47:49",1103500
12050,750,4500,"bu","09:47:53",1108000
12050,750,2000,"sd","09:47:55",1110000
12050,750,20000,"sd","09:47:56",1130000
12050,750,200,"bu","09:47:57",1130200
12050,750,5000,"sd","09:47:59",1135200
12050,750,11500,"bu","09:48:00",1146700
12050,750,500,"sd","09:48:03",1147200
12050,750,7000,"bu","09:48:07",1154200
12050,750,1000,"bu","09:48:08",1155200
12050,750,100,"bu","09:48:12",1155300
12050,750,1000,"bu","09:48:15",1156300
12050,750,5000,"bu","09:48:16",1161300
12050,750,100,"sd","09:48:16",1161400
12050,750,9100,"sd","09:48:20",1170500
12050,750,3000,"sd","09:48:22",1173500
12050,750,1000,"sd","09:48:23",1174500
12050,750,2000,"bu","09:48:24",1176500
12050,750,4800,"sd","09:48:26",1181300
12050,750,5800,"bu","09:48:27",1187100
12050,750,2000,"sd","09:48:32",1189100
12050,750,5000,"bu","09:48:33",1194100
12050,750,200,"bu","09:48:34",1194300
12050,750,34500,"sd","09:48:35",1228800
12050,750,4000,"sd","09:48:35",1232800
12050,750,2500,"sd","09:48:37",1235300
12050,750,2500,"sd","09:48:39",1237800
12050,750,5000,"bu","09:48:44",1242800
12050,750,1100,"sd","09:48:45",1243900
12050,750,5000,"bu","09:48:47",1248900
12050,750,200,"sd","09:48:48",1249100
12050,750,1000,"bu","09:48:49",1250100
12050,750,141400,"sd","09:48:51",1391500
12050,750,500,"bu","09:48:53",1392000
12050,750,10500,"sd","09:48:56",1402500
12050,750,10000,"bu","09:48:58",1412500
12050,750,6000,"sd","09:49:03",1418500
12050,750,5000,"bu","09:49:05",1423500
12050,750,2000,"bu","09:49:05",1425500
12050,750,100,"bu","09:49:09",1425600
12050,750,600,"sd","09:49:10",1426200
12050,750,1000,"bu","09:49:12",1427200
12050,750,100,"sd","09:49:13",1427300
12050,750,1000,"sd","09:49:15",1428300
12050,750,6000,"bu","09:49:20",1434300
12050,750,6500,"bu","09:49:24",1440800
12050,750,3000,"bu","09:49:25",1443800
12050,750,1000,"sd","09:49:26",1444800
12050,750,900,"sd","09:49:27",1445700
12050,750,500,"sd","09:49:29",1446200
12050,750,600,"sd","09:49:38",1446800
12050,750,10000,"sd","09:49:39",1456800
12050,750,2100,"sd","09:49:40",1458900
12050,750,20000,"bu","09:49:42",1478900
12050,750,800,"sd","09:49:43",1479700
12050,750,4000,"bu","09:49:52",1483700
12050,750,5700,"sd","09:50:03",1489400
12050,750,100,"bu","09:50:13",1489500
12050,750,200,"sd","09:50:17",1489700
12050,750,5000,"bu","09:50:23",1494700
12050,750,6700,"bu","09:50:25",1501400
12050,750,100,"bu","09:50:26",1501500
12050,750,5000,"sd","09:50:37",1506500
12050,750,1000,"sd","09:50:40",1507500
12050,750,33000,"sd","09:50:43",1540500
12050,750,20000,"sd","09:50:48",1560500
12050,750,2000,"bu","09:50:51",1562500
12050,750,400,"bu","09:50:51",1562900
12050,750,500,"bu","09:50:55",1563400
12050,750,3000,"sd","09:51:01",1566400
12050,750,1100,"sd","09:51:03",1567500
12050,750,5000,"sd","09:51:04",1572500
12050,750,1900,"sd","09:51:06",1574400
12050,750,500,"sd","09:51:07",1574900
12050,750,3400,"bu","09:51:10",1578300
12050,750,1500,"sd","09:51:12",1579800
12050,750,5000,"bu","09:51:15",1584800
12050,750,200,"sd","09:51:18",1585000
12050,750,100,"sd","09:51:20",1585100
12050,750,15100,"sd","09:51:26",1600200
12050,750,200,"bu","09:51:31",1600400
12000,700,2500,"sd","09:51:32",1602900
12000,700,1500,"sd","09:51:38",1604400
12050,750,5000,"sd","09:51:40",1609400
12050,750,400,"sd","09:51:42",1609800
12050,750,2000,"bu","09:51:48",1611800
12050,750,2300,"bu","09:51:52",1614100
12050,750,3000,"bu","09:52:04",1617100
12050,750,2000,"bu","09:52:07",1619100
12050,750,500,"sd","09:52:23",1619600
12000,700,4000,"bu","09:52:39",1623600
12050,750,100,"sd","09:52:42",1623700
12050,750,400,"bu","09:52:46",1624100
12000,700,1600,"sd","09:52:52",1625700
12000,700,1000,"bu","09:52:53",1626700
12050,750,1600,"bu","09:52:58",1628300
12000,700,15000,"sd","09:53:02",1643300
12000,700,6900,"bu","09:53:10",1650200
12000,700,50000,"bu","09:53:14",1700200
12000,700,5000,"sd","09:53:15",1705200
12000,700,1800,"sd","09:53:16",1707000
12000,700,5700,"bu","09:53:24",1712700
12000,700,4300,"bu","09:53:29",1717000
12000,700,500,"bu","09:53:30",1717500
11950,650,2000,"bu","09:53:40",1719500
11950,650,5400,"bu","09:54:04",1724900
12000,700,5000,"sd","09:54:13",1729900
11950,650,200,"bu","09:54:16",1730100
11950,650,3000,"sd","09:54:28",1733100
11950,650,2000,"bu","09:54:51",1735100
11950,650,200,"sd","09:54:54",1735300
11950,650,2000,"bu","09:55:07",1737300
11950,650,4000,"bu","09:55:10",1741300
11950,650,2300,"bu","09:55:12",1743600
11950,650,12400,"sd","09:55:16",1756000
11950,650,1000,"bu","09:55:17",1757000
11950,650,200,"sd","09:55:30",1757200
11950,650,100,"bu","09:55:32",1757300
11950,650,2000,"bu","09:55:38",1759300
12000,700,200,"sd","09:55:40",1759500
12000,700,8000,"bu","09:55:50",1767500
11950,650,4100,"bu","09:55:51",1771600
12000,700,21100,"bu","09:56:15",1792700
12000,700,1000,"sd","09:56:19",1793700
12000,700,10100,"bu","09:56:25",1803800
11900,600,5000,"bu","09:56:32",1808800
11950,650,1000,"bu","09:56:38",1809800
11950,650,100,"bu","09:57:02",1809900
11950,650,4200,"sd","09:57:04",1814100
11950,650,1300,"sd","09:57:07",1815400
11950,650,1500,"bu","09:57:15",1816900
11950,650,1700,"bu","09:57:21",1818600
11950,650,5000,"sd","09:57:42",1823600
11950,650,500,"bu","09:57:53",1824100
11950,650,1100,"sd","09:58:52",1825200
11950,650,3400,"sd","09:59:07",1828600
11950,650,300,"bu","09:59:49",1828900
11950,650,100,"sd","09:59:52",1829000
11950,650,500,"bu","09:59:56",1829500
11950,650,700,"bu","10:00:02",1830200
11950,650,400,"bu","10:00:12",1830600
12000,700,8000,"bu","10:00:13",1838600
12000,700,1100,"sd","10:00:48",1839700
12000,700,11100,"bu","10:00:52",1850800
12000,700,100,"bu","10:00:58",1850900
12000,700,10000,"sd","10:00:59",1860900
12000,700,5000,"sd","10:01:02",1865900
12000,700,1000,"bu","10:01:03",1866900
12000,700,500,"bu","10:01:06",1867400
12000,700,20000,"bu","10:01:07",1887400
12000,700,1000,"bu","10:01:08",1888400
12000,700,9600,"bu","10:01:10",1898000
12050,750,11000,"sd","10:01:14",1909000
12000,700,100,"bu","10:01:20",1909100
12050,750,20000,"bu","10:01:50",1929100
12050,750,10000,"sd","10:02:09",1939100
12050,750,400,"sd","10:02:10",1939500
12050,750,2000,"bu","10:02:48",1941500
12050,750,10000,"bu","10:02:48",1951500
12050,750,900,"bu","10:02:56",1952400
12050,750,100,"bu","10:03:05",1952500
12000,700,5100,"sd","10:03:28",1957600
12000,700,400,"sd","10:03:31",1958000
12000,700,500,"sd","10:03:41",1958500
12000,700,2000,"sd","10:03:43",1960500
12000,700,1000,"bu","10:04:01",1961500
12050,750,2000,"sd","10:04:07",1963500
12050,750,5000,"bu","10:04:20",1968500
12050,750,100,"bu","10:04:27",1968600
12050,750,2300,"bu","10:04:41",1970900
12050,750,2000,"bu","10:04:46",1972900
12050,750,10000,"sd","10:05:01",1982900
12000,700,700,"bu","10:05:01",1983600
12050,750,1000,"sd","10:05:03",1984600
12050,750,400,"sd","10:05:16",1985000
12050,750,700,"bu","10:05:25",1985700
12050,750,2500,"bu","10:05:28",1988200
12050,750,1200,"bu","10:05:29",1989400
12050,750,500,"bu","10:05:34",1989900
12000,700,2400,"sd","10:05:41",1992300
12000,700,2400,"bu","10:05:59",1994700
12050,750,5000,"sd","10:06:12",1999700
12050,750,200,"sd","10:06:18",1999900
12050,750,2000,"bu","10:06:18",2001900
12050,750,900,"sd","10:06:33",2002800
12050,750,1600,"sd","10:06:50",2004400
12050,750,1400,"bu","10:06:58",2005800
12050,750,100,"bu","10:07:04",2005900
12050,750,2800,"sd","10:07:14",2008700
12050,750,20000,"sd","10:07:23",2028700
12050,750,20000,"bu","10:07:35",2048700
12000,700,16000,"bu","10:07:37",2064700
12050,750,25500,"sd","10:07:39",2090200
12050,750,2000,"bu","10:07:43",2092200
12050,750,900,"sd","10:07:51",2093100
12050,750,2000,"sd","10:07:54",2095100
12050,750,30600,"bu","10:07:56",2125700
12050,750,10000,"sd","10:07:56",2135700
12050,750,1000,"sd","10:07:57",2136700
12050,750,10100,"sd","10:07:58",2146800
12050,750,17000,"bu","10:07:59",2163800
12050,750,1500,"bu","10:08:00",2165300
12050,750,24100,"sd","10:08:02",2189400
12050,750,200,"sd","10:08:03",2189600
12050,750,2800,"sd","10:08:04",2192400
12050,750,5000,"bu","10:08:05",2197400
12050,750,2200,"bu","10:08:06",2199600
12050,750,100,"sd","10:08:07",2199700
12050,750,500,"bu","10:08:10",2200200
12050,750,8300,"bu","10:08:11",2208500
12050,750,5000,"bu","10:08:13",2213500
12050,750,3500,"bu","10:08:14",2217000
12050,750,1000,"sd","10:08:15",2218000
12050,750,3000,"sd","10:08:17",2221000
12050,750,2000,"sd","10:08:18",2223000
12050,750,1100,"bu","10:08:19",2224100
12050,750,900,"sd","10:08:50",2225000
12050,750,41100,"bu","10:08:52",2266100
12050,750,3000,"bu","10:09:04",2269100
12050,750,3000,"bu","10:09:16",2272100
12050,750,1000,"sd","10:09:22",2273100
12050,750,500,"sd","10:09:32",2273600
12050,750,200,"bu","10:09:57",2273800
12050,750,500,"bu","10:10:42",2274300
12050,750,200,"sd","10:10:52",2274500
12050,750,13000,"bu","10:11:00",2287500
12050,750,500,"sd","10:11:07",2288000
12050,750,5000,"bu","10:11:15",2293000
12050,750,100,"bu","10:11:17",2293100
12050,750,400,"sd","10:11:31",2293500
12050,750,5000,"bu","10:11:37",2298500
12050,750,100,"bu","10:11:39",2298600
12050,750,19700,"sd","10:11:40",2318300
12050,750,1200,"bu","10:11:42",2319500
12050,750,4800,"bu","10:11:43",2324300
12050,750,18800,"bu","10:11:54",2343100
12050,750,100,"sd","10:12:12",2343200
12050,750,300,"bu","10:12:16",2343500
12050,750,13500,"sd","10:12:18",2357000
12050,750,1000,"sd","10:12:24",2358000
12050,750,3000,"bu","10:12:26",2361000
12050,750,6500,"bu","10:12:40",2367500
12050,750,400,"sd","10:12:56",2367900
12050,750,200,"sd","10:13:00",2368100
12050,750,11500,"bu","10:13:58",2379600
12050,750,1000,"sd","10:14:02",2380600
12050,750,5800,"bu","10:14:06",2386400
12050,750,100,"sd","10:14:14",2386500
12050,750,16000,"bu","10:14:18",2402500
12050,750,2000,"sd","10:14:38",2404500
12050,750,7400,"sd","10:14:40",2411900
12050,750,100,"bu","10:14:49",2412000
12050,750,1100,"sd","10:15:01",2413100
12050,750,4300,"bu","10:15:35",2417400
12050,750,3000,"bu","10:15:52",2420400
12050,750,200,"bu","10:16:02",2420600
12050,750,102500,"sd","10:16:50",2523100
12050,750,1000,"sd","10:17:30",2524100
12050,750,8800,"bu","10:18:03",2532900
12050,750,800,"bu","10:18:27",2533700
12050,750,100,"bu","10:18:31",2533800
12050,750,400,"bu","10:18:32",2534200
12050,750,1700,"bu","10:18:36",2535900
12050,750,1000,"bu","10:18:57",2536900
12050,750,400,"bu","10:18:59",2537300
12050,750,3000,"sd","10:21:13",2540300
12050,750,7000,"sd","10:22:33",2547300
12050,750,100,"bu","10:22:49",2547400
12050,750,1000,"sd","10:22:52",2548400
12050,750,2000,"sd","10:23:44",2550400
12050,750,3000,"bu","10:25:26",2553400
12050,750,1000,"bu","10:25:57",2554400
12050,750,3000,"sd","10:26:06",2557400
12050,750,100,"bu","10:26:42",2557500
12050,750,1000,"sd","10:27:08",2558500
12050,750,1100,"bu","10:29:39",2559600
12050,750,3400,"sd","10:29:53",2563000
12050,750,800,"sd","10:30:48",2563800
12050,750,200,"sd","10:31:01",2564000
12050,750,3000,"sd","10:31:19",2567000
12050,750,800,"bu","10:33:42",2567800
12050,750,500,"sd","10:35:42",2568300
12050,750,3100,"sd","10:36:20",2571400
12050,750,100,"sd","10:39:01",2571500
12050,750,700,"bu","10:39:31",2572200
12050,750,200,"sd","10:40:37",2572400
12050,750,5000,"bu","10:41:57",2577400
12050,750,400,"bu","10:43:13",2577800
12050,750,500,"sd","10:43:30",2578300
12050,750,1500,"bu","10:45:55",2579800
12050,750,100,"bu","10:46:26",2579900
12050,750,300,"bu","10:47:06",2580200
12050,750,8600,"bu","10:49:39",2588800
12050,750,3000,"sd","10:50:41",2591800
12050,750,700,"bu","10:55:26",2592500
12050,750,100,"sd","10:55:49",2592600
12050,750,500,"sd","10:56:41",2593100
12050,750,200,"bu","10:57:56",2593300
12050,750,10000,"bu","10:59:10",2603300
12050,750,200,"bu","10:59:31",2603500
12050,750,300,"sd","11:00:35",2603800
12050,750,3000,"bu","11:01:04",2606800
12050,750,5000,"bu","11:01:26",2611800
12050,750,1700,"bu","11:01:44",2613500
12050,750,1000,"bu","11:01:49",2614500
12050,750,700,"sd","11:03:13",2615200
12050,750,100,"sd","11:03:51",2615300
12050,750,3000,"bu","11:04:21",2618300
12050,750,200,"bu","11:05:15",2618500
12050,750,3900,"sd","11:05:23",2622400
12050,750,1000,"sd","11:08:11",2623400
12050,750,600,"sd","11:08:52",2624000
12050,750,100,"bu","11:09:00",2624100
12050,750,300,"bu","11:10:16",2624400
12050,750,100,"sd","11:12:11",2624500
12050,750,5000,"sd","11:13:15",2629500
12050,750,500,"bu","11:14:42",2630000
12050,750,100,"sd","11:14:49",2630100
12050,750,7200,"sd","11:16:53",2637300
12050,750,300,"bu","11:17:36",2637600
12050,750,1000,"bu","11:17:59",2638600
12050,750,200,"bu","11:19:30",2638800
12050,750,8200,"sd","11:21:08",2647000
12050,750,700,"bu","11:21:51",2647700
12050,750,1000,"sd","11:23:31",2648700
12050,750,200,"sd","11:23:45",2648900
12050,750,200100,"bu","11:25:21",2849000
12050,750,500,"sd","11:25:29",2849500
12050,750,100,"bu","11:25:31",2849600
12050,750,1000,"sd","11:25:47",2850600
12050,750,300,"sd","11:26:02",2850900
12050,750,5000,"sd","11:26:06",2855900
12050,750,20000,"sd","11:26:10",2875900
12050,750,1000,"sd","11:26:14",2876900
12050,750,1300,"bu","11:26:17",2878200
12050,750,500,"bu","11:26:20",2878700
12050,750,2100,"bu","11:26:25",2880800
12050,750,5400,"bu","11:26:46",2886200
12050,750,700,"bu","11:27:03",2886900
12050,750,4800,"bu","11:27:13",2891700
12050,750,1100,"bu","11:27:24",2892800
12050,750,2300,"bu","11:27:28",2895100
12050,750,8800,"bu","11:27:31",2903900
12050,750,14400,"bu","11:28:23",2918300
12050,750,16300,"bu","11:28:32",2934600
12050,750,400,"sd","11:29:56",2935000
12000,700,1500,"bu","11:30:04",2936500
12000,700,2000,"bu","13:00:20",2938500
12000,700,7100,"sd","13:00:24",2945600
12000,700,2900,"bu","13:00:43",2948500
12000,700,11300,"sd","13:00:46",2959800
12000,700,3000,"sd","13:00:48",2962800
12000,700,300,"bu","13:00:49",2963100
12000,700,3700,"bu","13:00:52",2966800
12000,700,2000,"sd","13:00:54",2968800
12000,700,300,"bu","13:01:02",2969100
12000,700,15000,"bu","13:01:03",2984100
12000,700,100,"bu","13:01:06",2984200
12000,700,5400,"bu","13:01:12",2989600
12000,700,400,"sd","13:01:14",2990000
12000,700,1900,"bu","13:01:19",2991900
12050,750,66600,"sd","13:01:24",3058500
11950,650,500,"bu","13:01:38",3059000
11950,650,5700,"bu","13:01:44",3064700
12000,700,5000,"sd","13:01:46",3069700
12000,700,2000,"bu","13:01:50",3071700
12000,700,100,"bu","13:01:54",3071800
11950,650,23000,"bu","13:02:00",3094800
12000,700,10000,"sd","13:02:04",3104800
11950,650,100,"sd","13:02:05",3104900
12000,700,2000,"sd","13:02:07",3106900
11950,650,1900,"sd","13:02:15",3108800
11950,650,1100,"bu","13:02:33",3109900
11950,650,2200,"bu","13:02:37",3112100
11950,650,1000,"sd","13:02:39",3113100
11950,650,5000,"sd","13:02:46",3118100
11900,600,4900,"bu","13:02:48",3123000
11900,600,5000,"sd","13:02:53",3128000
11950,650,500,"sd","13:02:59",3128500
11950,650,1000,"bu","13:03:04",3129500
11950,650,5800,"bu","13:03:06",3135300
11950,650,300,"bu","13:03:12",3135600
11950,650,2000,"bu","13:03:18",3137600
11950,650,4200,"sd","13:03:27",3141800
11950,650,400,"sd","13:03:29",3142200
11950,650,500,"bu","13:03:35",3142700
11950,650,1000,"bu","13:03:37",3143700
11950,650,1600,"sd","13:03:43",3145300
11950,650,2000,"bu","13:04:09",3147300
11950,650,8200,"sd","13:04:11",3155500
11950,650,3000,"bu","13:04:59",3158500
11950,650,700,"bu","13:05:03",3159200
11950,650,200,"bu","13:05:05",3159400
11950,650,1000,"bu","13:05:12",3160400
11950,650,500,"bu","13:05:16",3160900
11950,650,2000,"bu","13:05:18",3162900
11950,650,2200,"bu","13:05:23",3165100
11950,650,12000,"sd","13:05:33",3177100
11950,650,500,"sd","13:05:35",3177600
11950,650,6600,"bu","13:05:53",3184200
12000,700,19100,"sd","13:05:55",3203300
11950,650,2000,"sd","13:06:09",3205300
12000,700,2300,"sd","13:06:14",3207600
12000,700,3200,"bu","13:06:25",3210800
12000,700,8800,"bu","13:06:27",3219600
12000,700,900,"bu","13:06:42",3220500
12050,750,31300,"sd","13:06:45",3251800
12050,750,10000,"bu","13:07:22",3261800
12000,700,2000,"bu","13:07:40",3263800
12000,700,2500,"bu","13:08:01",3266300
12000,700,500,"sd","13:08:03",3266800
12000,700,1500,"sd","13:08:11",3268300
12000,700,500,"sd","13:08:21",3268800
12050,750,4000,"bu","13:08:23",3272800
12000,700,800,"sd","13:08:27",3273600
12000,700,1000,"bu","13:08:34",3274600
12000,700,1500,"sd","13:08:52",3276100
12000,700,400,"sd","13:09:15",3276500
12000,700,2000,"bu","13:09:17",3278500
12000,700,300,"bu","13:09:40",3278800
12000,700,900,"bu","13:09:50",3279700
12050,750,1500,"sd","13:09:55",3281200
12000,700,1000,"bu","13:10:03",3282200
12000,700,1100,"bu","13:10:15",3283300
12050,750,1000,"sd","13:10:17",3284300
12050,750,4700,"sd","13:10:30",3289000
12050,750,10000,"sd","13:10:34",3299000
12050,750,500,"sd","13:10:43",3299500
12050,750,5000,"sd","13:10:50",3304500
12050,750,27500,"bu","13:10:58",3332000
12050,750,17100,"sd","13:11:04",3349100
12050,750,13300,"bu","13:11:06",3362400
12050,750,15900,"bu","13:11:09",3378300
12050,750,66100,"bu","13:11:17",3444400
12050,750,4000,"bu","13:11:30",3448400
12050,750,8000,"sd","13:11:57",3456400
12050,750,100,"sd","13:12:35",3456500
12050,750,1100,"sd","13:12:49",3457600
12050,750,500,"bu","13:13:06",3458100
12050,750,3000,"sd","13:13:15",3461100
12050,750,5700,"bu","13:13:41",3466800
12050,750,300,"bu","13:13:44",3467100
12050,750,4800,"bu","13:13:58",3471900
12050,750,7000,"sd","13:14:04",3478900
12050,750,12900,"sd","13:14:06",3491800
12050,750,2600,"bu","13:14:11",3494400
12050,750,700,"sd","13:14:45",3495100
12050,750,20000,"sd","13:14:49",3515100
12050,750,4300,"sd","13:14:51",3519400
12050,750,200,"bu","13:15:05",3519600
12050,750,600,"bu","13:15:28",3520200
12050,750,2100,"sd","13:15:55",3522300
12050,750,600,"bu","13:16:45",3522900
12050,750,100,"bu","13:16:49",3523000
12050,750,20000,"bu","13:16:51",3543000
12050,750,100,"bu","13:17:11",3543100
12050,750,300,"bu","13:17:15",3543400
12050,750,1000,"sd","13:17:36",3544400
12050,750,6000,"bu","13:18:53",3550400
12050,750,1100,"sd","13:19:22",3551500
12050,750,5000,"bu","13:20:27",3556500
12050,750,700,"sd","13:20:41",3557200
12050,750,47900,"sd","13:20:54",3605100
12050,750,1000,"sd","13:21:02",3606100
12050,750,12800,"bu","13:21:38",3618900
12050,750,2000,"bu","13:21:40",3620900
12000,700,100,"bu","13:22:54",3621000
12000,700,10000,"sd","13:23:02",3631000
12000,700,2200,"sd","13:23:07",3633200
12000,700,3200,"bu","13:23:17",3636400
12000,700,100,"bu","13:23:29",3636500
12000,700,5000,"bu","13:23:43",3641500
11950,650,11100,"bu","13:24:03",3652600
11950,650,500,"sd","13:24:10",3653100
11950,650,2000,"sd","13:24:15",3655100
11950,650,4400,"bu","13:24:21",3659500
11950,650,1000,"sd","13:24:28",3660500
11950,650,300,"sd","13:24:42",3660800
11900,600,2200,"sd","13:24:47",3663000
11900,600,1300,"sd","13:24:54",3664300
11900,600,20700,"bu","13:25:07",3685000
11900,600,1000,"sd","13:25:16",3686000
11900,600,2000,"bu","13:25:22",3688000
11900,600,15500,"sd","13:25:27",3703500
11900,600,1000,"sd","13:25:36",3704500
11900,600,2000,"bu","13:25:49",3706500
11850,550,3000,"bu","13:26:00",3709500
11850,550,500,"sd","13:26:12",3710000
11850,550,3200,"bu","13:26:25",3713200
11800,500,1000,"bu","13:26:30",3714200
11800,500,1000,"sd","13:26:36",3715200
11800,500,9200,"bu","13:26:56",3724400
11800,500,2700,"bu","13:27:05",3727100
11800,500,2600,"bu","13:27:20",3729700
11850,550,200,"sd","13:27:30",3729900
11850,550,11000,"bu","13:27:37",3740900
11850,550,5600,"sd","13:27:42",3746500
11900,600,9900,"bu","13:28:06",3756400
11900,600,700,"bu","13:28:09",3757100
11900,600,2100,"sd","13:28:13",3759200
11950,650,26500,"bu","13:28:31",3785700
11950,650,300,"sd","13:28:37",3786000
11950,650,100,"sd","13:28:46",3786100
12000,700,5000,"bu","13:28:53",3791100
12000,700,500,"sd","13:28:56",3791600
12000,700,20000,"bu","13:29:06",3811600
12000,700,11000,"bu","13:29:13",3822600
12000,700,13000,"bu","13:29:15",3835600
12000,700,1000,"bu","13:29:42",3836600
12050,750,200,"bu","13:30:16",3836800
12000,700,200,"sd","13:30:19",3837000
12000,700,1000,"sd","13:31:14",3838000
12050,750,4600,"sd","13:32:00",3842600
12050,750,1300,"sd","13:32:49",3843900
12050,750,1000,"bu","13:32:54",3844900
12050,750,1000,"bu","13:32:56",3845900
12050,750,4300,"bu","13:33:16",3850200
12050,750,600,"bu","13:33:36",3850800
12050,750,500,"sd","13:33:55",3851300
12000,700,11000,"sd","13:34:14",3862300
12050,750,300,"bu","13:34:20",3862600
12000,700,500,"bu","13:34:22",3863100
12050,750,300,"bu","13:34:25",3863400
12050,750,600,"bu","13:34:33",3864000
12000,700,600,"bu","13:34:54",3864600
12050,750,1100,"sd","13:34:58",3865700
12000,700,500,"bu","13:35:14",3866200
12000,700,500,"sd","13:35:17",3866700
12000,700,500,"bu","13:35:22",3867200
12000,700,1000,"sd","13:35:30",3868200
12000,700,100,"bu","13:36:01",3868300
12000,700,400,"bu","13:36:11",3868700
12050,750,1300,"sd","13:36:21",3870000
12050,750,100,"sd","13:36:24",3870100
11950,650,2900,"sd","13:36:32",3873000
11950,650,500,"bu","13:36:40",3873500
11950,650,200,"bu","13:36:53",3873700
11950,650,2000,"sd","13:36:55",3875700
11950,650,500,"bu","13:37:19",3876200
11950,650,1100,"sd","13:38:05",3877300
11900,600,2000,"bu","13:38:26",3879300
11900,600,1100,"bu","13:38:45",3880400
11900,600,2900,"sd","13:38:59",3883300
11900,600,100,"bu","13:39:04",3883400
11900,600,5300,"bu","13:39:30",3888700
11900,600,500,"sd","13:39:38",3889200
11900,600,2600,"bu","13:39:41",3891800
11900,600,2400,"bu","13:39:45",3894200
11900,600,2200,"bu","13:39:55",3896400
11950,650,1000,"sd","13:40:03",3897400
11950,650,300,"sd","13:40:05",3897700
11950,650,800,"sd","13:40:10",3898500
11900,600,200,"sd","13:40:13",3898700
11900,600,16700,"bu","13:40:37",3915400
11900,600,1000,"bu","13:40:41",3916400
11900,600,3000,"sd","13:41:23",3919400
11850,550,1000,"sd","13:41:31",3920400
11850,550,1700,"bu","13:41:42",3922100
11850,550,400,"bu","13:41:51",3922500
11850,550,100,"sd","13:42:29",3922600
11850,550,11500,"sd","13:43:59",3934100
11900,600,200,"sd","13:44:07",3934300
11850,550,500,"bu","13:44:19",3934800
11850,550,1000,"bu","13:44:29",3935800
11850,550,1600,"bu","13:44:35",3937400
11900,600,4300,"bu","13:44:50",3941700
11850,550,5000,"sd","13:46:06",3946700
11850,550,1000,"sd","13:46:10",3947700
11850,550,4500,"bu","13:46:25",3952200
11850,550,400,"sd","13:46:35",3952600
11850,550,100,"sd","13:46:45",3952700
11850,550,400,"sd","13:47:11",3953100
11800,500,1000,"sd","13:47:17",3954100
11800,500,9000,"sd","13:48:12",3963100
11800,500,5400,"bu","13:48:42",3968500
11800,500,4000,"bu","13:48:46",3972500
11800,500,4700,"bu","13:48:53",3977200
11800,500,100,"sd","13:49:02",3977300
11800,500,2000,"bu","13:49:10",3979300
11800,500,1000,"sd","13:49:20",3980300
11800,500,16500,"sd","13:49:30",3996800
11750,450,1000,"sd","13:49:42",3997800
11750,450,8000,"bu","13:50:18",4005800
11700,400,100,"bu","13:50:42",4005900
11700,400,18300,"bu","13:50:45",4024200
11700,400,3500,"bu","13:50:49",4027700
11700,400,2300,"sd","13:50:53",4030000
11700,400,1000,"sd","13:50:56",4031000
11750,450,3000,"bu","13:51:14",4034000
11700,400,700,"bu","13:51:43",4034700
11750,450,100,"bu","13:52:23",4034800
11700,400,300,"bu","13:52:47",4035100
11650,350,14400,"sd","13:52:57",4049500
11700,400,400,"bu","13:53:03",4049900
11700,400,4600,"sd","13:53:06",4054500
11700,400,100,"sd","13:53:20",4054600
11650,350,200,"sd","13:53:46",4054800
11650,350,5600,"bu","13:53:53",4060400
11650,350,5300,"sd","13:53:56",4065700
11650,350,600,"bu","13:54:03",4066300
11650,350,11800,"bu","13:54:14",4078100
11650,350,100,"bu","13:54:18",4078200
11650,350,5300,"sd","13:54:47",4083500
11700,400,700,"bu","13:54:50",4084200
11700,400,1000,"bu","13:55:01",4085200
11650,350,500,"sd","13:55:12",4085700
11700,400,42600,"sd","13:55:24",4128300
11750,450,5000,"bu","13:55:29",4133300
11750,450,500,"bu","13:55:38",4133800
11750,450,6200,"bu","13:55:45",4140000
11700,400,2000,"sd","13:55:52",4142000
11800,500,200,"bu","13:55:56",4142200
11800,500,5000,"bu","13:56:04",4147200
11900,600,30000,"sd","13:56:13",4177200
11800,500,200,"sd","13:56:17",4177400
11800,500,2000,"sd","13:56:23",4179400
11900,600,3000,"bu","13:56:28",4182400
11900,600,2000,"bu","13:56:36",4184400
12000,700,26200,"sd","13:56:48",4210600
11900,600,4100,"bu","13:56:52",4214700
12000,700,11000,"bu","13:57:30",4225700
12000,700,9200,"sd","13:57:34",4234900
12050,750,3000,"sd","13:57:50",4237900
12000,700,500,"bu","13:57:57",4238400
12050,750,11000,"bu","13:58:00",4249400
12050,750,31000,"sd","13:58:15",4280400
12000,700,100,"sd","13:58:34",4280500
12000,700,10200,"sd","13:58:46",4290700
12000,700,20200,"bu","13:58:57",4310900
12000,700,600,"sd","13:59:01",4311500
12000,700,100,"sd","13:59:54",4311600
11900,600,20100,"bu","14:00:15",4331700
11900,600,500,"sd","14:00:39",4332200
11900,600,3300,"sd","14:01:09",4335500
11900,600,500,"sd","14:02:03",4336000
11900,600,400,"bu","14:02:07",4336400
11900,600,300,"sd","14:02:38",4336700
11950,650,1400,"sd","14:02:47",4338100
11900,600,100,"sd","14:02:51",4338200
11900,600,9000,"sd","14:03:04",4347200
11900,600,100,"bu","14:03:13",4347300
11900,600,1600,"bu","14:04:27",4348900
11900,600,17300,"bu","14:04:47",4366200
11850,550,10000,"sd","14:04:50",4376200
11850,550,500,"sd","14:05:19",4376700
11900,600,1000,"bu","14:05:39",4377700
11900,600,700,"bu","14:06:02",4378400
11900,600,10100,"sd","14:06:14",4388500
11900,600,1800,"sd","14:06:41",4390300
11900,600,100,"bu","14:06:45",4390400
11900,600,5000,"sd","14:06:49",4395400
11900,600,100,"sd","14:06:58",4395500
11900,600,5000,"bu","14:07:28",4400500
11900,600,100,"sd","14:07:36",4400600
11900,600,3100,"bu","14:07:39",4403700
11950,650,800,"sd","14:08:19",4404500
11950,650,6600,"sd","14:08:39",4411100
11950,650,900,"bu","14:08:52",4412000
11950,650,1000,"bu","14:08:59",4413000
11950,650,900,"sd","14:09:19",4413900
11950,650,200,"bu","14:09:45",4414100
11900,600,500,"sd","14:11:49",4414600
11850,550,32300,"sd","14:13:27",4446900
11850,550,4000,"sd","14:13:40",4450900
11850,550,25400,"bu","14:13:44",4476300
11850,550,3200,"bu","14:14:00",4479500
11850,550,1000,"bu","14:14:25",4480500
11850,550,100,"bu","14:14:43",4480600
11850,550,2100,"bu","14:15:36",4482700
11850,550,900,"sd","14:15:47",4483600
11850,550,3500,"sd","14:16:51",4487100
11850,550,1000,"bu","14:16:55",4488100
11850,550,1500,"sd","14:18:53",4489600
11900,600,2500,"bu","14:19:44",4492100
11900,600,1100,"bu","14:20:32",4493200
11900,600,1000,"sd","14:20:45",4494200
11900,600,7000,"bu","14:21:40",4501200
11900,600,7400,"sd","14:21:52",4508600
11950,650,50000,"bu","14:22:16",4558600
11950,650,1000,"sd","14:22:20",4559600
11950,650,1500,"bu","14:22:46",4561100
11950,650,900,"sd","14:22:49",4562000
11950,650,1200,"sd","14:22:57",4563200
11950,650,5200,"sd","14:23:09",4568400
12000,700,500,"bu","14:23:21",4568900
12000,700,1200,"sd","14:23:29",4570100
12000,700,5500,"sd","14:23:38",4575600
12000,700,1100,"sd","14:23:47",4576700
12000,700,1200,"sd","14:23:52",4577900
12050,750,23500,"bu","14:24:00",4601400
12050,750,100,"sd","14:24:04",4601500
12050,750,2000,"bu","14:24:33",4603500
12050,750,7000,"bu","14:25:06",4610500
12050,750,12600,"sd","14:25:23",4623100
12000,700,10000,"sd","14:25:29",4633100
12050,750,800,"sd","14:25:38",4633900
12050,750,14800,"bu","14:25:53",4648700
12050,750,200,"bu","14:26:07",4648900
12050,750,1800,"sd","14:26:17",4650700
12050,750,6800,"bu","14:26:26",4657500
12050,750,5000,"bu","14:26:33",4662500
12050,750,3000,"sd","14:26:42",4665500
12000,700,200,"bu","14:26:47",4665700
12050,750,35000,"bu","14:26:52",4700700
12050,750,400,"bu","14:27:01",4701100
12050,750,62700,"bu","14:27:14",4763800
12050,750,600,"bu","14:27:18",4764400
12050,750,4700,"bu","14:27:23",4769100
12050,750,200,"sd","14:27:33",4769300
12050,750,3700,"sd","14:27:46",4773000
12050,750,6800,"bu","14:27:53",4779800
12050,750,600,"sd","14:28:10",4780400
12050,750,26500,"bu","14:28:51",4806900
12050,750,5900,"sd","14:29:35",4812800
12050,750,100,"sd","14:29:40",4812900
12050,750,1000,"bu","14:29:52",4813900
12050,750,8800,"sd","14:30:00",4822700
12050,750,101100,"bu","14:45:17",4923800
