"price","change","match_qtty","side","time","total_vol"
4830,300,64900,"bu","09:15:08",64900
4800,270,300,"bu","09:15:13",65200
4730,200,100,"sd","09:15:32",65300
4660,130,1100,"sd","09:17:35",66400
4650,120,100,"sd","09:17:41",66500
4720,190,1200,"bu","09:18:05",67700
4720,190,800,"sd","09:18:31",68500
4720,190,200,"sd","09:18:59",68700
4720,190,500,"bu","09:19:07",69200
4720,190,100,"bu","09:19:08",69300
4730,200,1000,"sd","09:19:37",70300
4730,200,8200,"sd","09:20:48",78500
4760,230,2600,"bu","09:21:36",81100
4760,230,100,"bu","09:22:12",81200
4760,230,5000,"sd","09:22:39",86200
4770,240,100,"sd","09:22:40",86300
4790,260,4000,"sd","09:22:51",90300
4800,270,26300,"sd","09:23:02",116600
4820,290,1700,"sd","09:23:30",118300
4800,270,1000,"bu","09:23:32",119300
4830,300,200,"bu","09:23:35",119500
4830,300,5000,"sd","09:23:50",124500
4830,300,3600,"sd","09:24:01",128100
4830,300,2600,"sd","09:24:02",130700
4830,300,2300,"sd","09:24:09",133000
4820,290,2000,"sd","09:24:19",135000
4820,290,200,"sd","09:24:37",135200
4820,290,500,"sd","09:24:49",135700
4830,300,2000,"sd","09:24:58",137700
4830,300,500,"bu","09:24:59",138200
4840,310,8000,"bu","09:25:04",146200
4840,310,27900,"sd","09:25:14",174100
4840,310,10000,"sd","09:25:18",184100
4840,310,1000,"sd","09:25:22",185100
4840,310,100,"sd","09:25:23",185200
4840,310,3000,"bu","09:25:25",188200
4840,310,50000,"bu","09:25:27",238200
4840,310,9100,"bu","09:25:29",247300
4840,310,20000,"bu","09:25:49",267300
4840,310,9400,"bu","09:25:59",276700
4840,310,40600,"sd","09:26:00",317300
4840,310,50000,"sd","09:26:15",367300
4840,310,500,"bu","09:26:31",367800
4840,310,300,"sd","09:26:37",368100
4840,310,600,"sd","09:26:41",368700
4840,310,3200,"bu","09:26:48",371900
4840,310,17300,"sd","09:27:06",389200
4840,310,3000,"bu","09:27:29",392200
4840,310,700,"bu","09:27:32",392900
4840,310,1800,"sd","09:27:37",394700
4840,310,5000,"sd","09:27:48",399700
4840,310,500,"sd","09:27:57",400200
4840,310,700,"bu","09:28:02",400900
4840,310,600,"bu","09:28:08",401500
4840,310,19000,"bu","09:28:22",420500
4840,310,500,"sd","09:28:25",421000
4840,310,5400,"sd","09:28:27",426400
4830,300,8700,"sd","09:28:39",435100
4820,290,1300,"bu","09:28:40",436400
4840,310,200,"sd","09:29:39",436600
4840,310,11100,"sd","09:29:53",447700
4830,300,1000,"bu","09:30:23",448700
4830,300,6600,"sd","09:31:27",455300
4830,300,6400,"sd","09:31:34",461700
4830,300,2000,"sd","09:32:14",463700
4830,300,1700,"sd","09:32:31",465400
4830,300,800,"bu","09:32:39",466200
4840,310,27100,"bu","09:32:58",493300
4840,310,2000,"sd","09:33:18",495300
4840,310,100,"sd","09:33:24",495400
4840,310,5900,"bu","09:33:24",501300
4840,310,1500,"sd","09:33:27",502800
4840,310,1500,"sd","09:33:34",504300
4840,310,4000,"bu","09:33:34",508300
4840,310,1000,"sd","09:33:40",509300
4840,310,10000,"bu","09:33:48",519300
4840,310,2000,"bu","09:34:01",521300
4840,310,12000,"bu","09:34:08",533300
4840,310,1300,"sd","09:34:15",534600
4840,310,1700,"bu","09:34:15",536300
4840,310,1000,"bu","09:34:28",537300
4840,310,16400,"sd","09:34:54",553700
4840,310,500,"bu","09:35:00",554200
4840,310,4100,"sd","09:35:19",558300
4840,310,4500,"sd","09:35:31",562800
4840,310,1700,"sd","09:35:41",564500
4840,310,200,"bu","09:36:01",564700
4840,310,11900,"bu","09:36:16",576600
4840,310,10000,"bu","09:36:19",586600
4840,310,700,"bu","09:36:21",587300
4840,310,3300,"bu","09:36:31",590600
4840,310,1700,"bu","09:36:32",592300
4840,310,800,"sd","09:36:47",593100
4840,310,1300,"bu","09:37:02",594400
4840,310,10000,"sd","09:37:40",604400
4840,310,30000,"sd","09:37:44",634400
4840,310,3600,"sd","09:38:14",638000
4840,310,100,"bu","09:39:40",638100
4840,310,1400,"bu","09:40:09",639500
4840,310,300,"bu","09:40:56",639800
4840,310,1400,"bu","09:47:42",641200
4840,310,1000,"sd","09:50:51",642200
4840,310,400,"bu","09:54:40",642600
4840,310,2400,"bu","09:56:10",645000
4840,310,100,"sd","09:56:37",645100
4840,310,600,"sd","09:57:36",645700
4840,310,100,"sd","09:57:50",645800
4840,310,200,"bu","09:57:52",646000
4840,310,46000,"bu","09:58:57",692000
4840,310,200,"sd","09:59:48",692200
4840,310,500,"sd","09:59:56",692700
4840,310,3700,"bu","10:03:28",696400
4840,310,5000,"bu","10:04:37",701400
4840,310,10000,"sd","10:21:00",711400
4840,310,300,"bu","10:22:42",711700
4840,310,3000,"bu","10:23:55",714700
4840,310,4600,"bu","10:27:01",719300
4840,310,300,"sd","10:33:25",719600
4840,310,100,"sd","10:37:25",719700
4840,310,1000,"sd","10:40:25",720700
4840,310,4000,"sd","10:52:04",724700
4840,310,1200,"bu","10:55:11",725900
4840,310,100,"sd","10:58:56",726000
4840,310,2100,"bu","11:26:40",728100
4840,310,3500,"sd","11:29:01",731600
4840,310,2700,"sd","13:00:28",734300
4840,310,1500,"bu","13:00:46",735800
4840,310,3900,"bu","13:00:57",739700
4840,310,100,"sd","13:00:59",739800
4840,310,200,"sd","13:01:03",740000
4840,310,17300,"bu","13:01:14",757300
4840,310,20000,"bu","13:02:04",777300
4840,310,1000,"sd","13:02:31",778300
4840,310,2000,"sd","13:02:37",780300
4840,310,9600,"sd","13:02:44",789900
4840,310,2000,"sd","13:02:52",791900
4840,310,10000,"bu","13:03:08",801900
4840,310,700,"bu","13:03:18",802600
4840,310,2200,"bu","13:03:20",804800
4840,310,2000,"bu","13:03:54",806800
4840,310,1500,"sd","13:04:09",808300
4840,310,15000,"sd","13:04:11",823300
4840,310,7200,"sd","13:04:13",830500
4830,300,85300,"bu","13:04:17",915800
4830,300,9500,"bu","13:04:21",925300
4830,300,5100,"sd","13:04:25",930400
4830,300,5000,"bu","13:04:27",935400
4830,300,500,"bu","13:04:40",935900
4830,300,1000,"sd","13:04:44",936900
4830,300,400,"sd","13:05:51",937300
4830,300,1700,"sd","13:05:55",939000
4840,310,700,"sd","13:06:09",939700
4840,310,5000,"bu","13:06:29",944700
4840,310,300,"sd","13:06:56",945000
4840,310,1000,"sd","13:06:58",946000
4840,310,1500,"sd","13:07:06",947500
4840,310,1000,"bu","13:07:07",948500
4830,300,200,"bu","13:07:28",948700
4830,300,5000,"bu","13:07:40",953700
4830,300,5300,"sd","13:08:34",959000
4820,290,300,"sd","13:09:01",959300
4820,290,1100,"sd","13:09:46",960400
4830,300,14600,"bu","13:10:01",975000
4820,290,500,"bu","13:11:06",975500
4830,300,1900,"bu","13:11:40",977400
4830,300,5700,"bu","13:11:49",983100
4840,310,1000,"sd","13:11:57",984100
4840,310,2000,"bu","13:12:21",986100
4840,310,100,"sd","13:13:25",986200
4830,300,10700,"bu","13:13:58",996900
4840,310,5600,"bu","13:15:05",1002500
4840,310,1000,"sd","13:15:15",1003500
4840,310,100,"sd","13:15:34",1003600
4840,310,700,"sd","13:15:49",1004300
4840,310,1000,"bu","13:15:51",1005300
4840,310,1000,"bu","13:17:38",1006300
4840,310,2000,"sd","13:19:10",1008300
4840,310,40000,"bu","13:19:55",1048300
4840,310,300,"sd","13:20:00",1048600
4840,310,2000,"sd","13:20:27",1050600
4840,310,500,"sd","13:21:14",1051100
4840,310,5500,"bu","13:22:41",1056600
4840,310,2800,"bu","13:23:40",1059400
4840,310,10000,"sd","13:24:00",1069400
4820,290,6900,"bu","13:24:37",1076300
4820,290,700,"sd","13:24:45",1077000
4800,270,10500,"bu","13:25:30",1087500
4800,270,3300,"bu","13:25:39",1090800
4800,270,1000,"sd","13:26:02",1091800
4800,270,100,"bu","13:26:33",1091900
4800,270,500,"bu","13:26:36",1092400
4760,230,1900,"bu","13:27:28",1094300
4800,270,1500,"sd","13:29:06",1095800
4770,240,1000,"bu","13:29:20",1096800
4770,240,1000,"sd","13:29:31",1097800
4770,240,400,"bu","13:29:53",1098200
4800,270,100,"sd","13:30:21",1098300
4800,270,1100,"bu","13:30:31",1099400
4800,270,2000,"bu","13:30:33",1101400
4800,270,5000,"bu","13:30:41",1106400
4800,270,100,"bu","13:30:52",1106500
4800,270,3200,"bu","13:30:57",1109700
4800,270,3700,"bu","13:32:02",1113400
4800,270,100,"bu","13:32:28",1113500
4800,270,300,"sd","13:32:36",1113800
4800,270,1000,"sd","13:32:41",1114800
4800,270,400,"bu","13:33:39",1115200
4800,270,300,"sd","13:34:12",1115500
4800,270,500,"bu","13:34:27",1116000
4800,270,300,"sd","13:34:33",1116300
4800,270,500,"bu","13:34:47",1116800
4800,270,100,"bu","13:35:12",1116900
4800,270,1300,"bu","13:36:09",1118200
4800,270,5000,"sd","13:36:21",1123200
4820,290,5300,"bu","13:36:37",1128500
4820,290,600,"bu","13:36:47",1129100
4800,270,34900,"bu","13:36:55",1164000
4800,270,600,"sd","13:37:04",1164600
4760,230,4000,"bu","13:38:12",1168600
4760,230,5000,"sd","13:38:30",1173600
4800,270,3700,"sd","13:38:51",1177300
4800,270,800,"bu","13:41:14",1178100
4810,280,100,"sd","13:41:36",1178200
4780,250,700,"bu","13:42:15",1178900
4770,240,5800,"bu","13:42:18",1184700
4760,230,9800,"bu","13:42:34",1194500
4750,220,500,"sd","13:43:51",1195000
4760,230,500,"bu","13:44:01",1195500
4750,220,200,"sd","13:44:04",1195700
4750,220,4000,"bu","13:44:41",1199700
4750,220,600,"bu","13:44:56",1200300
4760,230,200,"sd","13:45:02",1200500
4770,240,100,"sd","13:45:41",1200600
4770,240,1500,"bu","13:45:47",1202100
4770,240,200,"sd","13:46:06",1202300
4770,240,300,"bu","13:46:15",1202600
4770,240,300,"sd","13:46:38",1202900
4760,230,200,"sd","13:46:48",1203100
4760,230,700,"bu","13:47:08",1203800
4760,230,200,"sd","13:47:17",1204000
4760,230,500,"bu","13:47:55",1204500
4750,220,700,"sd","13:48:12",1205200
4750,220,300,"bu","13:48:27",1205500
4740,210,2000,"sd","13:48:42",1207500
4730,200,1000,"bu","13:49:36",1208500
4730,200,100,"bu","13:50:11",1208600
4700,170,1700,"bu","13:51:11",1210300
4700,170,200,"bu","13:51:43",1210500
4700,170,100,"sd","13:53:28",1210600
4700,170,200,"bu","13:53:32",1210800
4650,120,5400,"sd","13:54:33",1216200
4650,120,1700,"sd","13:54:47",1217900
4700,170,200,"sd","13:55:01",1218100
4650,120,9300,"sd","13:55:12",1227400
4620,90,7000,"bu","13:55:20",1234400
4650,120,200,"bu","13:55:38",1234600
4650,120,500,"bu","13:56:00",1235100
4650,120,1000,"sd","13:56:09",1236100
4700,170,500,"sd","13:56:17",1236600
4700,170,23600,"sd","13:56:28",1260200
4600,70,19600,"sd","13:56:36",1279800
4720,190,6900,"sd","13:57:45",1286700
4730,200,10000,"bu","13:57:50",1296700
4730,200,800,"sd","13:58:00",1297500
4740,210,2500,"bu","13:58:04",1300000
4770,240,200,"bu","13:58:34",1300200
4790,260,500,"sd","13:58:50",1300700
4800,270,1000,"sd","13:58:57",1301700
4800,270,7000,"bu","13:59:24",1308700
4810,280,200,"sd","13:59:42",1308900
4800,270,4500,"bu","14:00:09",1313400
4750,220,2900,"bu","14:01:37",1316300
4740,210,6100,"bu","14:01:53",1322400
4730,200,100,"bu","14:02:47",1322500
4730,200,1000,"bu","14:03:48",1323500
4700,170,400,"bu","14:04:13",1323900
4760,230,300,"bu","14:05:47",1324200
4770,240,200,"sd","14:08:27",1324400
4780,250,5100,"bu","14:09:33",1329500
4780,250,1800,"bu","14:11:46",1331300
4780,250,900,"sd","14:11:58",1332200
4780,250,100,"sd","14:12:01",1332300
4700,170,2800,"bu","14:14:57",1335100
4700,170,1400,"sd","14:15:07",1336500
4700,170,500,"bu","14:15:40",1337000
4700,170,2000,"bu","14:15:51",1339000
4700,170,200,"bu","14:15:55",1339200
4700,170,500,"sd","14:16:02",1339700
4700,170,200,"bu","14:16:14",1339900
4700,170,1600,"bu","14:16:18",1341500
4700,170,700,"sd","14:16:42",1342200
4700,170,1000,"sd","14:16:51",1343200
4700,170,200,"bu","14:17:25",1343400
4700,170,700,"bu","14:17:35",1344100
4700,170,200,"bu","14:17:46",1344300
4700,170,1500,"sd","14:17:50",1345800
4700,170,200,"sd","14:17:58",1346000
4700,170,400,"bu","14:18:05",1346400
4700,170,1000,"sd","14:18:28",1347400
4700,170,5000,"sd","14:19:17",1352400
4700,170,500,"bu","14:19:32",1352900
4700,170,200,"sd","14:19:40",1353100
4700,170,4100,"sd","14:21:33",1357200
4700,170,5000,"bu","14:21:52",1362200
4700,170,2000,"bu","14:22:13",1364200
4700,170,200,"bu","14:22:20",1364400
4690,160,5500,"sd","14:22:24",1369900
4770,240,100,"sd","14:23:17",1370000
4780,250,1000,"bu","14:24:48",1371000
4770,240,100,"bu","14:25:43",1371100
4770,240,300,"sd","14:25:53",1371400
4770,240,1000,"sd","14:26:38",1372400
4770,240,1000,"sd","14:26:42",1373400
4760,230,500,"sd","14:28:10",1373900
4770,240,2500,"bu","14:28:41",1376400
4720,190,1600,"bu","14:29:20",1378000
4720,190,900,"bu","14:29:40",1378900
4720,190,300,"bu","14:29:52",1379200
4720,190,2200,"bu","14:30:00",1381400
4660,130,26000,"sd","14:45:22",1407400
