"id","symbol","truncTime","matchType","matchVol","matchPrice","accumulatedVolume","createdAt","updatedAt"
153322726,"DAG","1701243892","unknown","1900","3160","90600","2023-11-29T07:45:05.735Z","2023-11-29T07:45:05.735Z"
153315263,"DAG","1701242835","s","1000","3160","88700","2023-11-29T07:27:28.685Z","2023-11-29T07:27:28.685Z"
153309399,"DAG","1701242705","s","400","3150","86700","2023-11-29T07:25:18.688Z","2023-11-29T07:25:18.688Z"
153309398,"DAG","1701242705","s","300","3170","86700","2023-11-29T07:25:18.688Z","2023-11-29T07:25:18.688Z"
153309397,"DAG","1701242705","s","100","3170","86700","2023-11-29T07:25:18.688Z","2023-11-29T07:25:18.688Z"
153309396,"DAG","1701242705","s","200","3170","86700","2023-11-29T07:25:18.688Z","2023-11-29T07:25:18.688Z"
153299962,"DAG","1701242429","b","100","3190","86700","2023-11-29T07:20:42.681Z","2023-11-29T07:20:42.681Z"
153293374,"DAG","1701242212","s","500","3190","86600","2023-11-29T07:17:04.687Z","2023-11-29T07:17:04.687Z"
153291138,"DAG","1701242148","s","300","3190","85800","2023-11-29T07:16:01.673Z","2023-11-29T07:16:01.673Z"
153289849,"DAG","1701242116","b","100","3190","85800","2023-11-29T07:15:30.674Z","2023-11-29T07:15:30.674Z"
153289767,"DAG","1701242113","s","100","3170","85700","2023-11-29T07:15:27.672Z","2023-11-29T07:15:27.672Z"
153289250,"DAG","1701242100","s","400","3180","85600","2023-11-29T07:15:14.680Z","2023-11-29T07:15:14.680Z"
153288061,"DAG","1701242073","b","10000","3190","75200","2023-11-29T07:14:46.675Z","2023-11-29T07:14:46.675Z"
153287746,"DAG","1701242064","s","100","3180","75200","2023-11-29T07:14:37.681Z","2023-11-29T07:14:37.681Z"
153286583,"DAG","1701242038","s","100","3180","75100","2023-11-29T07:14:11.674Z","2023-11-29T07:14:11.674Z"
153284785,"DAG","1701241979","b","100","3180","75000","2023-11-29T07:13:12.704Z","2023-11-29T07:13:12.704Z"
153284784,"DAG","1701241979","b","2500","3180","75000","2023-11-29T07:13:12.704Z","2023-11-29T07:13:12.704Z"
153284783,"DAG","1701241979","b","600","3180","75000","2023-11-29T07:13:12.704Z","2023-11-29T07:13:12.704Z"
153278730,"DAG","1701241811","b","4400","3180","62400","2023-11-29T07:10:25.672Z","2023-11-29T07:10:25.672Z"
153278729,"DAG","1701241811","b","5000","3180","62400","2023-11-29T07:10:25.672Z","2023-11-29T07:10:25.672Z"
153277786,"DAG","1701241789","b","100","3180","62300","2023-11-29T07:10:02.673Z","2023-11-29T07:10:02.673Z"
153263491,"DAG","1701241498","b","100","3180","62200","2023-11-29T07:05:11.661Z","2023-11-29T07:05:11.661Z"
153250146,"DAG","1701241022","b","100","3170","62200","2023-11-29T06:57:15.659Z","2023-11-29T06:57:15.659Z"
153250145,"DAG","1701241022","b","300","3170","62200","2023-11-29T06:57:15.659Z","2023-11-29T06:57:15.659Z"
153249555,"DAG","1701240995","s","1900","3160","61800","2023-11-29T06:56:48.655Z","2023-11-29T06:56:48.655Z"
153245864,"DAG","1701240837","s","500","3170","58200","2023-11-29T06:54:10.664Z","2023-11-29T06:54:10.664Z"
153245863,"DAG","1701240837","s","1200","3170","58200","2023-11-29T06:54:10.664Z","2023-11-29T06:54:10.664Z"
153242249,"DAG","1701240697","b","100","3180","58100","2023-11-29T06:51:50.663Z","2023-11-29T06:51:50.663Z"
153237713,"DAG","1701240563","s","1800","3170","56300","2023-11-29T06:49:36.648Z","2023-11-29T06:49:36.648Z"
153234565,"DAG","1701240471","s","100","3170","56200","2023-11-29T06:48:05.651Z","2023-11-29T06:48:05.651Z"
153233398,"DAG","1701240439","s","100","3170","56100","2023-11-29T06:47:32.651Z","2023-11-29T06:47:32.651Z"
153231888,"DAG","1701240402","s","300","3170","55800","2023-11-29T06:46:56.661Z","2023-11-29T06:46:56.661Z"
153231707,"DAG","1701240397","b","100","3180","55700","2023-11-29T06:46:51.659Z","2023-11-29T06:46:51.659Z"
153230591,"DAG","1701240377","b","1700","3170","54000","2023-11-29T06:46:30.652Z","2023-11-29T06:46:30.652Z"
153226243,"DAG","1701240284","s","1200","3150","52200","2023-11-29T06:44:58.656Z","2023-11-29T06:44:58.656Z"
153226242,"DAG","1701240284","s","100","3150","52200","2023-11-29T06:44:58.656Z","2023-11-29T06:44:58.656Z"
153226241,"DAG","1701240284","s","500","3150","52200","2023-11-29T06:44:58.656Z","2023-11-29T06:44:58.656Z"
153225469,"DAG","1701240268","b","100","3170","52200","2023-11-29T06:44:41.659Z","2023-11-29T06:44:41.659Z"
153220596,"DAG","1701240184","b","1000","3170","51100","2023-11-29T06:43:17.652Z","2023-11-29T06:43:17.652Z"
153220191,"DAG","1701240175","b","100","3160","51000","2023-11-29T06:43:08.669Z","2023-11-29T06:43:08.669Z"
153219447,"DAG","1701240164","b","200","3160","50800","2023-11-29T06:42:58.662Z","2023-11-29T06:42:58.662Z"
153213926,"DAG","1701240071","b","100","3160","50800","2023-11-29T06:41:24.663Z","2023-11-29T06:41:24.663Z"
153212916,"DAG","1701240034","b","100","3160","50600","2023-11-29T06:40:47.648Z","2023-11-29T06:40:47.648Z"
153210357,"DAG","1701239936","b","200","3160","50400","2023-11-29T06:39:10.641Z","2023-11-29T06:39:10.641Z"
153210026,"DAG","1701239923","b","900","3160","49500","2023-11-29T06:38:57.644Z","2023-11-29T06:38:57.644Z"
153207983,"DAG","1701239829","s","1000","3160","49500","2023-11-29T06:37:23.643Z","2023-11-29T06:37:23.643Z"
153207982,"DAG","1701239829","s","100","3160","49500","2023-11-29T06:37:23.643Z","2023-11-29T06:37:23.643Z"
153207354,"DAG","1701239792","b","200","3170","48400","2023-11-29T06:36:45.643Z","2023-11-29T06:36:45.643Z"
153203575,"DAG","1701239610","b","2000","3170","45200","2023-11-29T06:33:43.641Z","2023-11-29T06:33:43.641Z"
153203574,"DAG","1701239610","b","200","3170","45200","2023-11-29T06:33:43.641Z","2023-11-29T06:33:43.641Z"
153203573,"DAG","1701239610","b","800","3170","45200","2023-11-29T06:33:43.641Z","2023-11-29T06:33:43.641Z"
153191460,"DAG","1701239048","b","200","3160","45000","2023-11-29T06:24:21.642Z","2023-11-29T06:24:21.642Z"
153187893,"DAG","1701238885","b","100","3160","44900","2023-11-29T06:21:38.627Z","2023-11-29T06:21:38.627Z"
153187484,"DAG","1701238866","b","100","3160","44800","2023-11-29T06:21:19.625Z","2023-11-29T06:21:19.625Z"
153186654,"DAG","1701238833","s","100","3160","44700","2023-11-29T06:20:47.642Z","2023-11-29T06:20:47.642Z"
153186144,"DAG","1701238810","s","100","3160","44600","2023-11-29T06:20:23.629Z","2023-11-29T06:20:23.629Z"
153177389,"DAG","1701238341","s","100","3150","44600","2023-11-29T06:12:35.633Z","2023-11-29T06:12:35.633Z"
153177388,"DAG","1701238341","s","100","3150","44600","2023-11-29T06:12:35.633Z","2023-11-29T06:12:35.633Z"
153177387,"DAG","1701238341","s","300","3150","44600","2023-11-29T06:12:35.633Z","2023-11-29T06:12:35.633Z"
153177386,"DAG","1701238341","s","300","3150","44600","2023-11-29T06:12:35.633Z","2023-11-29T06:12:35.633Z"
153176265,"DAG","1701238282","s","700","3150","41800","2023-11-29T06:11:35.618Z","2023-11-29T06:11:35.618Z"
153176264,"DAG","1701238282","s","500","3160","41800","2023-11-29T06:11:35.618Z","2023-11-29T06:11:35.618Z"
153176263,"DAG","1701238282","s","200","3160","41800","2023-11-29T06:11:35.618Z","2023-11-29T06:11:35.618Z"
153176262,"DAG","1701238282","s","600","3160","41800","2023-11-29T06:11:35.618Z","2023-11-29T06:11:35.618Z"
153166871,"DAG","1701237856","s","300","3160","41500","2023-11-29T06:04:29.630Z","2023-11-29T06:04:29.630Z"
153157744,"DAG","1701231956","s","100","3160","41500","2023-11-29T04:26:09.512Z","2023-11-29T04:26:09.512Z"
153157224,"DAG","1701231905","s","100","3160","41100","2023-11-29T04:25:18.513Z","2023-11-29T04:25:18.513Z"
153157221,"DAG","1701231905","s","200","3160","41100","2023-11-29T04:25:18.513Z","2023-11-29T04:25:18.513Z"
153154073,"DAG","1701231575","b","100","3170","41000","2023-11-29T04:19:48.510Z","2023-11-29T04:19:48.510Z"
153150860,"DAG","1701231280","s","100","3160","41000","2023-11-29T04:14:53.510Z","2023-11-29T04:14:53.510Z"
153150222,"DAG","1701231225","s","100","3160","40800","2023-11-29T04:13:58.510Z","2023-11-29T04:13:58.510Z"
153149477,"DAG","1701231168","s","100","3160","40700","2023-11-29T04:13:00.512Z","2023-11-29T04:13:00.512Z"
153148920,"DAG","1701231117","s","100","3160","40600","2023-11-29T04:12:10.512Z","2023-11-29T04:12:10.512Z"
153145929,"DAG","1701230861","s","200","3150","40600","2023-11-29T04:07:54.515Z","2023-11-29T04:07:54.515Z"
153141142,"DAG","1701230460","s","200","3150","40400","2023-11-29T04:01:13.505Z","2023-11-29T04:01:13.505Z"
153140915,"DAG","1701230438","s","1800","3150","37200","2023-11-29T04:00:51.524Z","2023-11-29T04:00:51.524Z"
153140914,"DAG","1701230438","s","100","3150","37200","2023-11-29T04:00:51.524Z","2023-11-29T04:00:51.524Z"
153140913,"DAG","1701230438","s","100","3150","37200","2023-11-29T04:00:51.524Z","2023-11-29T04:00:51.524Z"
153140912,"DAG","1701230438","s","1000","3160","37200","2023-11-29T04:00:51.524Z","2023-11-29T04:00:51.524Z"
153122231,"DAG","1701229485","b","800","3170","37200","2023-11-29T03:44:58.508Z","2023-11-29T03:44:58.508Z"
153122230,"DAG","1701229485","b","200","3170","37200","2023-11-29T03:44:58.508Z","2023-11-29T03:44:58.508Z"
153122229,"DAG","1701229485","b","6900","3170","37200","2023-11-29T03:44:58.508Z","2023-11-29T03:44:58.508Z"
153118967,"DAG","1701229394","b","100","3170","29200","2023-11-29T03:43:28.500Z","2023-11-29T03:43:28.500Z"
153114546,"DAG","1701229189","s","500","3170","28700","2023-11-29T03:40:02.486Z","2023-11-29T03:40:02.486Z"
153111759,"DAG","1701229012","s","200","3170","28500","2023-11-29T03:37:06.481Z","2023-11-29T03:37:06.481Z"
153111418,"DAG","1701228982","s","300","3170","28200","2023-11-29T03:36:35.484Z","2023-11-29T03:36:35.484Z"
153110924,"DAG","1701228950","b","1800","3170","28200","2023-11-29T03:36:03.482Z","2023-11-29T03:36:03.482Z"
153110923,"DAG","1701228950","b","700","3170","28200","2023-11-29T03:36:03.482Z","2023-11-29T03:36:03.482Z"
153103288,"DAG","1701228424","b","100","3170","25600","2023-11-29T03:27:17.462Z","2023-11-29T03:27:17.462Z"
153096409,"DAG","1701227939","b","600","3180","25600","2023-11-29T03:19:12.461Z","2023-11-29T03:19:12.461Z"
153096408,"DAG","1701227939","b","1400","3180","25600","2023-11-29T03:19:12.461Z","2023-11-29T03:19:12.461Z"
153088019,"DAG","1701227489","b","500","3170","23600","2023-11-29T03:11:41.436Z","2023-11-29T03:11:41.436Z"
153083290,"DAG","1701227250","b","300","3180","22800","2023-11-29T03:07:43.430Z","2023-11-29T03:07:43.430Z"
153080280,"DAG","1701227107","b","8300","3180","12800","2023-11-29T03:05:21.429Z","2023-11-29T03:05:21.429Z"
153080279,"DAG","1701227107","b","500","3180","12800","2023-11-29T03:05:21.429Z","2023-11-29T03:05:21.429Z"
153080278,"DAG","1701227107","b","800","3180","12800","2023-11-29T03:05:21.429Z","2023-11-29T03:05:21.429Z"
153080277,"DAG","1701227107","b","400","3170","12800","2023-11-29T03:05:21.429Z","2023-11-29T03:05:21.429Z"
153078512,"DAG","1701227024","b","100","3170","12700","2023-11-29T03:03:57.417Z","2023-11-29T03:03:57.417Z"
153075728,"DAG","1701226874","b","500","3170","12200","2023-11-29T03:01:28.407Z","2023-11-29T03:01:28.407Z"
153061468,"DAG","1701226277","b","100","3170","11600","2023-11-29T02:51:31.405Z","2023-11-29T02:51:31.405Z"
