"id","symbol","truncTime","matchType","matchVol","matchPrice","accumulatedVolume","createdAt","updatedAt"
153322818,"L14","1701243911","b","15900","45000","312300","2023-11-29T07:45:12.710Z","2023-11-29T07:45:12.710Z"
153320898,"L14","1701242978","s","1500","44600","296400","2023-11-29T07:29:39.693Z","2023-11-29T07:29:39.693Z"
153320537,"L14","1701242972","s","2500","44600","294900","2023-11-29T07:29:33.696Z","2023-11-29T07:29:33.696Z"
153317910,"L14","1701242920","s","100","44700","292400","2023-11-29T07:28:41.686Z","2023-11-29T07:28:41.686Z"
153314864,"L14","1701242838","s","100","44700","292300","2023-11-29T07:27:19.684Z","2023-11-29T07:27:19.684Z"
153314393,"L14","1701242824","s","200","44700","292200","2023-11-29T07:27:06.689Z","2023-11-29T07:27:06.689Z"
153310851,"L14","1701242753","s","400","44500","292000","2023-11-29T07:25:54.682Z","2023-11-29T07:25:54.682Z"
153310678,"L14","1701242748","b","800","44500","291600","2023-11-29T07:25:49.689Z","2023-11-29T07:25:49.689Z"
153310467,"L14","1701242743","s","200","44500","290800","2023-11-29T07:25:45.679Z","2023-11-29T07:25:45.679Z"
153310414,"L14","1701242742","b","100","44500","290600","2023-11-29T07:25:44.695Z","2023-11-29T07:25:44.695Z"
153310327,"L14","1701242740","b","1000","44500","290500","2023-11-29T07:25:42.715Z","2023-11-29T07:25:42.715Z"
153310026,"L14","1701242733","b","400","44500","289500","2023-11-29T07:25:34.683Z","2023-11-29T07:25:34.683Z"
153310000,"L14","1701242732","b","1000","44500","289100","2023-11-29T07:25:33.683Z","2023-11-29T07:25:33.683Z"
153309872,"L14","1701242729","b","100","44500","288100","2023-11-29T07:25:30.676Z","2023-11-29T07:25:30.676Z"
153309777,"L14","1701242726","b","500","44500","288000","2023-11-29T07:25:27.692Z","2023-11-29T07:25:27.692Z"
153309400,"L14","1701242717","b","1000","44500","287500","2023-11-29T07:25:18.688Z","2023-11-29T07:25:18.688Z"
153309127,"L14","1701242711","s","5900","44400","286500","2023-11-29T07:25:12.694Z","2023-11-29T07:25:12.694Z"
153308483,"L14","1701242694","s","9000","44500","280600","2023-11-29T07:24:55.690Z","2023-11-29T07:24:55.690Z"
153307097,"L14","1701242657","s","1000","44500","271600","2023-11-29T07:24:19.675Z","2023-11-29T07:24:19.675Z"
153307013,"L14","1701242655","s","1600","44500","270600","2023-11-29T07:24:16.685Z","2023-11-29T07:24:16.685Z"
153306803,"L14","1701242650","unknown","200","44600","269000","2023-11-29T07:24:11.690Z","2023-11-29T07:24:11.690Z"
153306754,"L14","1701242648","b","200","44600","268800","2023-11-29T07:24:09.681Z","2023-11-29T07:24:09.681Z"
153306394,"L14","1701242637","b","200","44600","268600","2023-11-29T07:23:58.673Z","2023-11-29T07:23:58.673Z"
153306264,"L14","1701242633","b","100","44600","268400","2023-11-29T07:23:54.672Z","2023-11-29T07:23:54.672Z"
153306181,"L14","1701242629","b","100","44600","268300","2023-11-29T07:23:50.678Z","2023-11-29T07:23:50.678Z"
153306165,"L14","1701242628","b","300","44600","268200","2023-11-29T07:23:49.673Z","2023-11-29T07:23:49.673Z"
153306082,"L14","1701242626","b","100","44600","267900","2023-11-29T07:23:47.677Z","2023-11-29T07:23:47.677Z"
153306001,"L14","1701242622","b","300","44600","267800","2023-11-29T07:23:43.674Z","2023-11-29T07:23:43.674Z"
153305588,"L14","1701242611","s","400","44600","267500","2023-11-29T07:23:32.680Z","2023-11-29T07:23:32.680Z"
153305278,"L14","1701242600","b","100","44700","267100","2023-11-29T07:23:21.671Z","2023-11-29T07:23:21.671Z"
153304005,"L14","1701242558","b","300","44700","267000","2023-11-29T07:22:39.690Z","2023-11-29T07:22:39.690Z"
153303409,"L14","1701242540","s","10800","44700","266700","2023-11-29T07:22:21.671Z","2023-11-29T07:22:21.671Z"
153302925,"L14","1701242525","s","1000","44800","255900","2023-11-29T07:22:06.679Z","2023-11-29T07:22:06.679Z"
153302531,"L14","1701242511","b","600","44900","254900","2023-11-29T07:21:52.684Z","2023-11-29T07:21:52.684Z"
153301237,"L14","1701242473","b","200","45000","254300","2023-11-29T07:21:14.682Z","2023-11-29T07:21:14.682Z"
153299570,"L14","1701242429","b","200","45000","254100","2023-11-29T07:20:30.676Z","2023-11-29T07:20:30.676Z"
153298998,"L14","1701242409","b","600","44900","253900","2023-11-29T07:20:10.675Z","2023-11-29T07:20:10.675Z"
153298974,"L14","1701242408","s","300","44800","253300","2023-11-29T07:20:10.675Z","2023-11-29T07:20:10.675Z"
153295334,"L14","1701242289","b","500","44900","253000","2023-11-29T07:18:10.671Z","2023-11-29T07:18:10.671Z"
153290446,"L14","1701242143","b","1700","45000","252500","2023-11-29T07:15:44.673Z","2023-11-29T07:15:44.673Z"
153290319,"L14","1701242140","s","700","45000","250800","2023-11-29T07:15:41.681Z","2023-11-29T07:15:41.681Z"
153289718,"L14","1701242124","s","500","45000","250100","2023-11-29T07:15:25.669Z","2023-11-29T07:15:25.669Z"
153288757,"L14","1701242103","b","500","45100","249600","2023-11-29T07:15:04.670Z","2023-11-29T07:15:04.670Z"
153287881,"L14","1701242080","s","1100","45000","249100","2023-11-29T07:14:41.678Z","2023-11-29T07:14:41.678Z"
153287465,"L14","1701242071","s","200","45100","248000","2023-11-29T07:14:32.695Z","2023-11-29T07:14:32.695Z"
153287401,"L14","1701242069","s","300","45100","247800","2023-11-29T07:14:30.673Z","2023-11-29T07:14:30.673Z"
153287156,"L14","1701242064","s","500","45100","247500","2023-11-29T07:14:25.685Z","2023-11-29T07:14:25.685Z"
153286462,"L14","1701242046","s","200","45100","247000","2023-11-29T07:14:07.665Z","2023-11-29T07:14:07.665Z"
153285231,"L14","1701242004","s","100","45100","246800","2023-11-29T07:13:24.674Z","2023-11-29T07:13:24.674Z"
153284835,"L14","1701241993","b","100","45200","246700","2023-11-29T07:13:14.668Z","2023-11-29T07:13:14.668Z"
153284279,"L14","1701241978","s","600","45100","246600","2023-11-29T07:12:59.684Z","2023-11-29T07:12:59.684Z"
153281368,"L14","1701241888","b","1400","45200","246000","2023-11-29T07:11:29.668Z","2023-11-29T07:11:29.668Z"
153280181,"L14","1701241859","s","100","45200","244600","2023-11-29T07:10:59.663Z","2023-11-29T07:10:59.663Z"
153279410,"L14","1701241845","s","500","45200","244500","2023-11-29T07:10:45.665Z","2023-11-29T07:10:45.665Z"
153279278,"L14","1701241839","s","500","45100","244000","2023-11-29T07:10:40.663Z","2023-11-29T07:10:40.663Z"
153277846,"L14","1701241803","s","200","45100","243500","2023-11-29T07:10:04.672Z","2023-11-29T07:10:04.672Z"
153276364,"L14","1701241768","s","100","45100","243300","2023-11-29T07:09:28.668Z","2023-11-29T07:09:28.668Z"
153274602,"L14","1701241733","s","200","45100","243200","2023-11-29T07:08:54.677Z","2023-11-29T07:08:54.677Z"
153274190,"L14","1701241723","s","100","45100","243000","2023-11-29T07:08:43.666Z","2023-11-29T07:08:43.666Z"
153272187,"L14","1701241680","b","600","45200","242900","2023-11-29T07:08:01.667Z","2023-11-29T07:08:01.667Z"
153272011,"L14","1701241675","s","100","45100","242300","2023-11-29T07:07:56.662Z","2023-11-29T07:07:56.662Z"
153270040,"L14","1701241632","s","200","45100","242200","2023-11-29T07:07:12.677Z","2023-11-29T07:07:12.677Z"
153269653,"L14","1701241624","s","200","45100","242000","2023-11-29T07:07:04.680Z","2023-11-29T07:07:04.680Z"
153269220,"L14","1701241615","s","200","45100","241800","2023-11-29T07:06:56.677Z","2023-11-29T07:06:56.677Z"
153266403,"L14","1701241569","b","100","45100","241600","2023-11-29T07:06:10.682Z","2023-11-29T07:06:10.682Z"
153262450,"L14","1701241490","b","100","45100","241500","2023-11-29T07:04:51.685Z","2023-11-29T07:04:51.685Z"
153260718,"L14","1701241457","s","500","45000","241400","2023-11-29T07:04:17.675Z","2023-11-29T07:04:17.675Z"
153258826,"L14","1701241400","s","1000","45000","240900","2023-11-29T07:03:22.666Z","2023-11-29T07:03:22.666Z"
153256894,"L14","1701241338","s","8800","45000","239900","2023-11-29T07:02:19.684Z","2023-11-29T07:02:19.684Z"
153255658,"L14","1701241294","s","700","44700","231100","2023-11-29T07:01:35.654Z","2023-11-29T07:01:35.654Z"
153255062,"L14","1701241273","b","300","44900","230400","2023-11-29T07:01:14.659Z","2023-11-29T07:01:14.659Z"
153254998,"L14","1701241270","b","1100","44900","230100","2023-11-29T07:01:11.656Z","2023-11-29T07:01:11.656Z"
153253968,"L14","1701241228","unknown","300","44800","229000","2023-11-29T07:00:29.654Z","2023-11-29T07:00:29.654Z"
153253849,"L14","1701241223","s","1000","44700","228700","2023-11-29T07:00:25.663Z","2023-11-29T07:00:25.663Z"
153252841,"L14","1701241165","b","200","44800","227700","2023-11-29T06:59:26.654Z","2023-11-29T06:59:26.654Z"
153252622,"L14","1701241151","b","100","44900","227500","2023-11-29T06:59:12.660Z","2023-11-29T06:59:12.660Z"
153250872,"L14","1701241068","b","500","44900","227400","2023-11-29T06:57:49.665Z","2023-11-29T06:57:49.665Z"
153246052,"L14","1701240856","b","1400","44900","226900","2023-11-29T06:54:17.654Z","2023-11-29T06:54:17.654Z"
153244485,"L14","1701240791","b","300","45000","225500","2023-11-29T06:53:12.662Z","2023-11-29T06:53:12.662Z"
153244304,"L14","1701240787","s","100","45000","225200","2023-11-29T06:53:08.656Z","2023-11-29T06:53:08.656Z"
153244279,"L14","1701240786","b","300","45000","225100","2023-11-29T06:53:07.664Z","2023-11-29T06:53:07.664Z"
153244131,"L14","1701240781","b","100","45000","224800","2023-11-29T06:53:02.669Z","2023-11-29T06:53:02.669Z"
153244032,"L14","1701240777","s","700","45000","224700","2023-11-29T06:52:58.654Z","2023-11-29T06:52:58.654Z"
153243923,"L14","1701240772","s","300","45000","224000","2023-11-29T06:52:53.655Z","2023-11-29T06:52:53.655Z"
153243717,"L14","1701240765","s","2000","45000","223700","2023-11-29T06:52:46.653Z","2023-11-29T06:52:46.653Z"
153243678,"L14","1701240763","s","2700","45000","221700","2023-11-29T06:52:44.650Z","2023-11-29T06:52:44.650Z"
153242896,"L14","1701240731","s","300","45000","219000","2023-11-29T06:52:12.672Z","2023-11-29T06:52:12.672Z"
153241834,"L14","1701240697","s","200","45000","218700","2023-11-29T06:51:38.682Z","2023-11-29T06:51:38.682Z"
153241639,"L14","1701240692","b","1500","45100","218500","2023-11-29T06:51:33.663Z","2023-11-29T06:51:33.663Z"
153241525,"L14","1701240689","s","400","45100","217000","2023-11-29T06:51:29.685Z","2023-11-29T06:51:29.685Z"
153241255,"L14","1701240679","s","1100","45100","216600","2023-11-29T06:51:20.665Z","2023-11-29T06:51:20.665Z"
153241053,"L14","1701240672","b","100","45200","215500","2023-11-29T06:51:13.657Z","2023-11-29T06:51:13.657Z"
153239619,"L14","1701240631","b","100","45200","215400","2023-11-29T06:50:32.660Z","2023-11-29T06:50:32.660Z"
153239514,"L14","1701240629","s","300","45200","215300","2023-11-29T06:50:30.654Z","2023-11-29T06:50:30.654Z"
153239206,"L14","1701240619","b","1000","45200","215000","2023-11-29T06:50:20.654Z","2023-11-29T06:50:20.654Z"
153238929,"L14","1701240607","s","1000","45200","214000","2023-11-29T06:50:08.664Z","2023-11-29T06:50:08.664Z"
153238858,"L14","1701240605","b","300","45300","213000","2023-11-29T06:50:06.659Z","2023-11-29T06:50:06.659Z"
153237901,"L14","1701240580","s","1000","45200","212700","2023-11-29T06:49:41.687Z","2023-11-29T06:49:41.687Z"
153235923,"L14","1701240524","s","1500","45000","211700","2023-11-29T06:48:45.669Z","2023-11-29T06:48:45.669Z"
153235883,"L14","1701240523","s","800","45200","210200","2023-11-29T06:48:44.657Z","2023-11-29T06:48:44.657Z"
