"id","symbol","truncTime","matchType","matchVol","matchPrice","accumulatedVolume","createdAt","updatedAt"
153322446,"RDP","1701243890","unknown","51000","9390","188100","2023-11-29T07:45:03.719Z","2023-11-29T07:45:03.719Z"
153314765,"RDP","1701242822","b","300","9380","136800","2023-11-29T07:27:15.687Z","2023-11-29T07:27:15.687Z"
153312747,"RDP","1701242781","s","500","9310","136300","2023-11-29T07:26:34.720Z","2023-11-29T07:26:34.720Z"
153311124,"RDP","1701242748","s","400","9310","135800","2023-11-29T07:26:01.693Z","2023-11-29T07:26:01.693Z"
153311123,"RDP","1701242748","s","100","9310","135800","2023-11-29T07:26:01.693Z","2023-11-29T07:26:01.693Z"
153304091,"RDP","1701242548","b","200","9390","135600","2023-11-29T07:22:42.677Z","2023-11-29T07:22:42.677Z"
153298286,"RDP","1701242376","b","500","9390","135100","2023-11-29T07:19:49.675Z","2023-11-29T07:19:49.675Z"
153296989,"RDP","1701242326","b","700","9290","134400","2023-11-29T07:19:00.676Z","2023-11-29T07:19:00.676Z"
153295040,"RDP","1701242265","s","100","9290","134400","2023-11-29T07:17:59.676Z","2023-11-29T07:17:59.676Z"
153295039,"RDP","1701242265","s","200","9290","134400","2023-11-29T07:17:59.676Z","2023-11-29T07:17:59.676Z"
153295038,"RDP","1701242265","s","400","9290","134400","2023-11-29T07:17:59.676Z","2023-11-29T07:17:59.676Z"
153282212,"RDP","1701241901","b","200","9400","133700","2023-11-29T07:11:54.671Z","2023-11-29T07:11:54.671Z"
153282211,"RDP","1701241901","b","300","9390","133700","2023-11-29T07:11:54.671Z","2023-11-29T07:11:54.671Z"
153281846,"RDP","1701241891","b","200","9390","131700","2023-11-29T07:11:44.665Z","2023-11-29T07:11:44.665Z"
153281845,"RDP","1701241891","b","1100","9390","131700","2023-11-29T07:11:44.665Z","2023-11-29T07:11:44.665Z"
153281844,"RDP","1701241891","b","200","9390","131700","2023-11-29T07:11:44.665Z","2023-11-29T07:11:44.665Z"
153266484,"RDP","1701241559","s","100","9290","131600","2023-11-29T07:06:12.674Z","2023-11-29T07:06:12.674Z"
153244124,"RDP","1701240768","b","400","9400","131600","2023-11-29T06:53:02.669Z","2023-11-29T06:53:02.669Z"
153235312,"RDP","1701240494","b","4000","9400","131200","2023-11-29T06:48:27.652Z","2023-11-29T06:48:27.652Z"
153234427,"RDP","1701240468","b","500","9400","127200","2023-11-29T06:48:02.654Z","2023-11-29T06:48:02.654Z"
153232533,"RDP","1701240420","b","1500","9400","125200","2023-11-29T06:47:13.647Z","2023-11-29T06:47:13.647Z"
153229383,"RDP","1701240351","b","2500","9400","125200","2023-11-29T06:46:04.651Z","2023-11-29T06:46:04.651Z"
153228383,"RDP","1701240331","b","3000","9400","122700","2023-11-29T06:45:44.648Z","2023-11-29T06:45:44.648Z"
153228043,"RDP","1701240323","b","1000","9400","118700","2023-11-29T06:45:36.661Z","2023-11-29T06:45:36.661Z"
153225827,"RDP","1701240276","b","1500","9400","117200","2023-11-29T06:44:50.660Z","2023-11-29T06:44:50.660Z"
153225196,"RDP","1701240262","b","2000","9400","115200","2023-11-29T06:44:35.704Z","2023-11-29T06:44:35.704Z"
153224425,"RDP","1701240254","b","1500","9400","115200","2023-11-29T06:44:28.670Z","2023-11-29T06:44:28.670Z"
153223757,"RDP","1701240242","b","2000","9400","111700","2023-11-29T06:44:16.654Z","2023-11-29T06:44:16.654Z"
153223173,"RDP","1701240233","b","100","9400","111700","2023-11-29T06:44:07.670Z","2023-11-29T06:44:07.670Z"
153223172,"RDP","1701240233","b","900","9350","111700","2023-11-29T06:44:07.670Z","2023-11-29T06:44:07.670Z"
153223171,"RDP","1701240233","b","2000","9340","111700","2023-11-29T06:44:07.670Z","2023-11-29T06:44:07.670Z"
153215760,"RDP","1701240105","b","900","9340","107800","2023-11-29T06:41:58.694Z","2023-11-29T06:41:58.694Z"
153209288,"RDP","1701239895","b","1500","9350","107800","2023-11-29T06:38:28.643Z","2023-11-29T06:38:28.643Z"
153209103,"RDP","1701239886","b","100","9350","106300","2023-11-29T06:38:19.639Z","2023-11-29T06:38:19.639Z"
153209095,"RDP","1701239885","b","2400","9340","103800","2023-11-29T06:38:18.649Z","2023-11-29T06:38:18.649Z"
153207939,"RDP","1701239827","b","1500","9340","102300","2023-11-29T06:37:21.640Z","2023-11-29T06:37:21.640Z"
153207747,"RDP","1701239815","b","1000","9340","102300","2023-11-29T06:37:08.639Z","2023-11-29T06:37:08.639Z"
153180134,"RDP","1701238496","s","100","9270","101000","2023-11-29T06:15:09.628Z","2023-11-29T06:15:09.628Z"
153180133,"RDP","1701238496","s","200","9270","101000","2023-11-29T06:15:09.628Z","2023-11-29T06:15:09.628Z"
153170913,"RDP","1701238060","b","100","9320","101000","2023-11-29T06:07:53.626Z","2023-11-29T06:07:53.626Z"
153159457,"RDP","1701232138","s","100","9270","100900","2023-11-29T04:29:11.519Z","2023-11-29T04:29:11.519Z"
153159456,"RDP","1701232138","s","100","9270","100900","2023-11-29T04:29:11.519Z","2023-11-29T04:29:11.519Z"
153159455,"RDP","1701232138","s","100","9290","100900","2023-11-29T04:29:11.519Z","2023-11-29T04:29:11.519Z"
153158056,"RDP","1701231992","s","100","9270","100600","2023-11-29T04:26:44.516Z","2023-11-29T04:26:44.516Z"
153157494,"RDP","1701231938","s","500","9260","100500","2023-11-29T04:25:51.512Z","2023-11-29T04:25:51.512Z"
153157016,"RDP","1701231885","s","100","9270","100000","2023-11-29T04:24:58.514Z","2023-11-29T04:24:58.514Z"
153156546,"RDP","1701231836","s","100","9270","99800","2023-11-29T04:24:09.512Z","2023-11-29T04:24:09.512Z"
153154765,"RDP","1701231660","s","100","9260","99700","2023-11-29T04:21:14.507Z","2023-11-29T04:21:14.507Z"
153153605,"RDP","1701231525","s","100","9260","99700","2023-11-29T04:18:58.509Z","2023-11-29T04:18:58.509Z"
153153390,"RDP","1701231501","b","100","9320","99600","2023-11-29T04:18:34.512Z","2023-11-29T04:18:34.512Z"
153152657,"RDP","1701231435","s","100","9260","99400","2023-11-29T04:17:29.523Z","2023-11-29T04:17:29.523Z"
153151211,"RDP","1701231305","s","100","9250","99300","2023-11-29T04:15:18.511Z","2023-11-29T04:15:18.511Z"
153150173,"RDP","1701231221","s","100","9250","99300","2023-11-29T04:13:55.517Z","2023-11-29T04:13:55.517Z"
153149177,"RDP","1701231138","b","100","9320","99100","2023-11-29T04:12:31.517Z","2023-11-29T04:12:31.517Z"
153147104,"RDP","1701230962","b","500","9320","98600","2023-11-29T04:09:34.511Z","2023-11-29T04:09:34.511Z"
153145096,"RDP","1701230776","s","200","9250","98600","2023-11-29T04:06:30.513Z","2023-11-29T04:06:30.513Z"
153124373,"RDP","1701229569","b","500","9340","98400","2023-11-29T03:46:22.498Z","2023-11-29T03:46:22.498Z"
153123886,"RDP","1701229546","b","100","9250","97900","2023-11-29T03:45:59.498Z","2023-11-29T03:45:59.498Z"
153123670,"RDP","1701229537","s","600","9250","97800","2023-11-29T03:45:50.495Z","2023-11-29T03:45:50.495Z"
153123669,"RDP","1701229537","s","300","9250","97800","2023-11-29T03:45:50.495Z","2023-11-29T03:45:50.495Z"
153122932,"RDP","1701229506","s","400","9250","95900","2023-11-29T03:45:20.491Z","2023-11-29T03:45:20.491Z"
153122931,"RDP","1701229506","s","100","9260","95900","2023-11-29T03:45:20.491Z","2023-11-29T03:45:20.491Z"
153122929,"RDP","1701229506","s","500","9270","95900","2023-11-29T03:45:19.505Z","2023-11-29T03:45:19.505Z"
153113446,"RDP","1701229130","b","1000","9340","95900","2023-11-29T03:39:03.485Z","2023-11-29T03:39:03.485Z"
153106608,"RDP","1701228668","b","1500","9340","94900","2023-11-29T03:31:22.469Z","2023-11-29T03:31:22.469Z"
153106533,"RDP","1701228661","b","1000","9340","93400","2023-11-29T03:31:15.470Z","2023-11-29T03:31:15.470Z"
153104601,"RDP","1701228516","s","1100","9340","92400","2023-11-29T03:28:49.469Z","2023-11-29T03:28:49.469Z"
153099190,"RDP","1701228139","s","200","9340","91300","2023-11-29T03:22:32.454Z","2023-11-29T03:22:32.454Z"
153097281,"RDP","1701227997","b","100","9340","91100","2023-11-29T03:20:11.451Z","2023-11-29T03:20:11.451Z"
153093409,"RDP","1701227771","b","1000","9350","90000","2023-11-29T03:16:24.444Z","2023-11-29T03:16:24.444Z"
153091853,"RDP","1701227694","b","1300","9350","90000","2023-11-29T03:15:07.452Z","2023-11-29T03:15:07.452Z"
153091852,"RDP","1701227694","b","200","9340","90000","2023-11-29T03:15:07.452Z","2023-11-29T03:15:07.452Z"
153087205,"RDP","1701227452","b","100","9350","88400","2023-11-29T03:11:05.438Z","2023-11-29T03:11:05.438Z"
153084018,"RDP","1701227284","b","500","9350","88400","2023-11-29T03:08:17.428Z","2023-11-29T03:08:17.428Z"
153081421,"RDP","1701227163","b","1000","9350","87900","2023-11-29T03:06:17.421Z","2023-11-29T03:06:17.421Z"
153080526,"RDP","1701227118","b","1500","9350","85400","2023-11-29T03:05:32.419Z","2023-11-29T03:05:32.419Z"
153080240,"RDP","1701227107","b","1000","9350","84400","2023-11-29T03:05:21.429Z","2023-11-29T03:05:21.429Z"
153079024,"RDP","1701227051","s","400","9240","84400","2023-11-29T03:04:24.414Z","2023-11-29T03:04:24.414Z"
153079023,"RDP","1701227051","s","300","9250","84400","2023-11-29T03:04:24.414Z","2023-11-29T03:04:24.414Z"
153079022,"RDP","1701227051","s","2300","9250","84400","2023-11-29T03:04:24.414Z","2023-11-29T03:04:24.414Z"
153079021,"RDP","1701227051","s","100","9260","84400","2023-11-29T03:04:24.414Z","2023-11-29T03:04:24.414Z"
153070633,"RDP","1701226688","s","800","9220","81300","2023-11-29T02:58:21.410Z","2023-11-29T02:58:21.410Z"
153070632,"RDP","1701226688","s","100","9220","81300","2023-11-29T02:58:21.410Z","2023-11-29T02:58:21.410Z"
153070631,"RDP","1701226688","s","300","9230","81300","2023-11-29T02:58:21.410Z","2023-11-29T02:58:21.410Z"
153070630,"RDP","1701226688","s","1000","9300","81300","2023-11-29T02:58:21.410Z","2023-11-29T02:58:21.410Z"
153070629,"RDP","1701226688","s","100","9300","81300","2023-11-29T02:58:21.410Z","2023-11-29T02:58:21.410Z"
153070628,"RDP","1701226688","s","100","9310","81300","2023-11-29T02:58:21.410Z","2023-11-29T02:58:21.410Z"
153070612,"RDP","1701226688","s","500","9350","78900","2023-11-29T02:58:21.410Z","2023-11-29T02:58:21.410Z"
153070611,"RDP","1701226688","s","400","9350","78900","2023-11-29T02:58:21.410Z","2023-11-29T02:58:21.410Z"
153070610,"RDP","1701226688","s","200","9350","78900","2023-11-29T02:58:21.410Z","2023-11-29T02:58:21.410Z"
153063507,"RDP","1701226371","s","10000","9350","77800","2023-11-29T02:53:05.410Z","2023-11-29T02:53:05.410Z"
153058371,"RDP","1701226144","b","1000","9460","67800","2023-11-29T02:49:17.410Z","2023-11-29T02:49:17.410Z"
153058236,"RDP","1701226139","b","100","9450","66700","2023-11-29T02:49:12.402Z","2023-11-29T02:49:12.402Z"
153057087,"RDP","1701226094","b","700","9460","66700","2023-11-29T02:48:28.402Z","2023-11-29T02:48:28.402Z"
153057086,"RDP","1701226094","b","1300","9460","66700","2023-11-29T02:48:28.402Z","2023-11-29T02:48:28.402Z"
153056745,"RDP","1701226080","b","1500","9460","64700","2023-11-29T02:48:13.401Z","2023-11-29T02:48:13.401Z"
153056389,"RDP","1701226068","b","1000","9460","62200","2023-11-29T02:48:01.406Z","2023-11-29T02:48:01.406Z"
153056188,"RDP","1701226060","b","3000","9460","42200","2023-11-29T02:47:54.402Z","2023-11-29T02:47:54.402Z"
153056187,"RDP","1701226060","b","1000","9450","42200","2023-11-29T02:47:54.402Z","2023-11-29T02:47:54.402Z"
153056186,"RDP","1701226060","b","3000","9450","42200","2023-11-29T02:47:54.402Z","2023-11-29T02:47:54.402Z"
