"id","symbol","truncTime","matchType","matchVol","matchPrice","accumulatedVolume","createdAt","updatedAt"
153322678,"SGR","1701243892","unknown","200","20450","38400","2023-11-29T07:45:05.735Z","2023-11-29T07:45:05.735Z"
153296889,"SGR","1701242322","b","100","20300","38200","2023-11-29T07:18:56.672Z","2023-11-29T07:18:56.672Z"
153296888,"SGR","1701242322","b","900","20150","38200","2023-11-29T07:18:56.672Z","2023-11-29T07:18:56.672Z"
153295690,"SGR","1701242289","b","2000","20150","37200","2023-11-29T07:18:22.678Z","2023-11-29T07:18:22.678Z"
153289973,"SGR","1701242119","b","1500","20100","35200","2023-11-29T07:15:33.678Z","2023-11-29T07:15:33.678Z"
153289111,"SGR","1701242097","s","1500","20100","33700","2023-11-29T07:15:10.709Z","2023-11-29T07:15:10.709Z"
153287874,"SGR","1701242067","b","1600","20100","32200","2023-11-29T07:14:40.677Z","2023-11-29T07:14:40.677Z"
153286970,"SGR","1701242048","b","400","20100","30600","2023-11-29T07:14:21.670Z","2023-11-29T07:14:21.670Z"
153266849,"SGR","1701241564","s","100","20100","30200","2023-11-29T07:06:17.671Z","2023-11-29T07:06:17.671Z"
153266848,"SGR","1701241564","s","200","20100","30200","2023-11-29T07:06:17.671Z","2023-11-29T07:06:17.671Z"
153266847,"SGR","1701241564","s","100","20100","30200","2023-11-29T07:06:17.671Z","2023-11-29T07:06:17.671Z"
153265202,"SGR","1701241532","b","100","20150","29800","2023-11-29T07:05:45.664Z","2023-11-29T07:05:45.664Z"
153265199,"SGR","1701241531","b","3000","20150","26700","2023-11-29T07:05:45.664Z","2023-11-29T07:05:45.664Z"
153265198,"SGR","1701241531","b","1900","20150","26700","2023-11-29T07:05:45.664Z","2023-11-29T07:05:45.664Z"
153258318,"SGR","1701241372","b","500","20150","24800","2023-11-29T07:03:06.659Z","2023-11-29T07:03:06.659Z"
153254325,"SGR","1701241231","s","100","20150","24300","2023-11-29T07:00:45.675Z","2023-11-29T07:00:45.675Z"
153254324,"SGR","1701241231","s","100","20150","24300","2023-11-29T07:00:45.675Z","2023-11-29T07:00:45.675Z"
153254323,"SGR","1701241231","s","400","20150","24300","2023-11-29T07:00:45.675Z","2023-11-29T07:00:45.675Z"
153242984,"SGR","1701240722","s","100","20150","23700","2023-11-29T06:52:16.665Z","2023-11-29T06:52:16.665Z"
153242983,"SGR","1701240722","s","500","20150","23700","2023-11-29T06:52:16.665Z","2023-11-29T06:52:16.665Z"
153241745,"SGR","1701240683","s","100","20200","23100","2023-11-29T06:51:37.665Z","2023-11-29T06:51:37.665Z"
153236628,"SGR","1701240532","s","100","20250","23000","2023-11-29T06:49:05.665Z","2023-11-29T06:49:05.665Z"
153155704,"SGR","1701231750","s","200","20250","22900","2023-11-29T04:22:43.508Z","2023-11-29T04:22:43.508Z"
153152248,"SGR","1701231401","b","300","20250","22700","2023-11-29T04:16:55.519Z","2023-11-29T04:16:55.519Z"
153143573,"SGR","1701230642","b","1000","20200","22400","2023-11-29T04:04:16.512Z","2023-11-29T04:04:16.512Z"
153142983,"SGR","1701230603","b","1000","20200","21400","2023-11-29T04:03:37.509Z","2023-11-29T04:03:37.509Z"
153142520,"SGR","1701230564","b","1000","20200","20400","2023-11-29T04:02:57.508Z","2023-11-29T04:02:57.508Z"
153141546,"SGR","1701230492","b","1000","20200","18400","2023-11-29T04:01:45.511Z","2023-11-29T04:01:45.511Z"
153141036,"SGR","1701230446","b","1000","20200","17400","2023-11-29T04:00:59.503Z","2023-11-29T04:00:59.503Z"
153140649,"SGR","1701230417","b","500","20200","17400","2023-11-29T04:00:30.505Z","2023-11-29T04:00:30.505Z"
153140648,"SGR","1701230417","b","400","20200","17400","2023-11-29T04:00:30.505Z","2023-11-29T04:00:30.505Z"
153139967,"SGR","1701230362","b","1000","20200","16500","2023-11-29T03:59:35.509Z","2023-11-29T03:59:35.509Z"
153139806,"SGR","1701230354","b","400","20200","15500","2023-11-29T03:59:26.506Z","2023-11-29T03:59:26.506Z"
153139497,"SGR","1701230326","s","200","20200","15100","2023-11-29T03:58:59.501Z","2023-11-29T03:58:59.501Z"
153138970,"SGR","1701230285","b","800","20200","14100","2023-11-29T03:58:18.501Z","2023-11-29T03:58:18.501Z"
153138825,"SGR","1701230269","s","2200","20200","14100","2023-11-29T03:58:03.510Z","2023-11-29T03:58:03.510Z"
153138333,"SGR","1701230237","b","300","20200","11900","2023-11-29T03:57:30.500Z","2023-11-29T03:57:30.500Z"
153137959,"SGR","1701230208","b","2000","20200","11600","2023-11-29T03:57:00.499Z","2023-11-29T03:57:00.499Z"
153137632,"SGR","1701230180","s","1500","20200","9600","2023-11-29T03:56:33.501Z","2023-11-29T03:56:33.501Z"
153137345,"SGR","1701230158","s","1500","20200","8100","2023-11-29T03:56:11.499Z","2023-11-29T03:56:11.499Z"
153136353,"SGR","1701230104","s","100","20200","6600","2023-11-29T03:55:18.501Z","2023-11-29T03:55:18.501Z"
153116719,"SGR","1701229304","s","100","20200","6400","2023-11-29T03:41:57.502Z","2023-11-29T03:41:57.502Z"
153100173,"SGR","1701228208","b","300","20250","6400","2023-11-29T03:23:41.459Z","2023-11-29T03:23:41.459Z"
153099022,"SGR","1701228129","b","4500","20250","6100","2023-11-29T03:22:23.457Z","2023-11-29T03:22:23.457Z"
153096864,"SGR","1701227969","s","300","20250","1600","2023-11-29T03:19:42.450Z","2023-11-29T03:19:42.450Z"
153096464,"SGR","1701227942","s","100","20250","1300","2023-11-29T03:19:16.448Z","2023-11-29T03:19:16.448Z"
153093512,"SGR","1701227777","s","300","20250","1200","2023-11-29T03:16:30.447Z","2023-11-29T03:16:30.447Z"
153083540,"SGR","1701227262","s","200","20250","900","2023-11-29T03:07:55.428Z","2023-11-29T03:07:55.428Z"
153068662,"SGR","1701226616","b","100","20250","700","2023-11-29T02:57:09.406Z","2023-11-29T02:57:09.406Z"
153058376,"SGR","1701226144","b","500","20250","600","2023-11-29T02:49:17.410Z","2023-11-29T02:49:17.410Z"
153020066,"SGR","1701224637","s","100","20150","100","2023-11-29T02:24:10.384Z","2023-11-29T02:24:10.384Z"
