"id","symbol","truncTime","matchType","matchVol","matchPrice","accumulatedVolume","createdAt","updatedAt"
153322674,"VNE","1701243892","unknown","35500","6600","745000","2023-11-29T07:45:05.735Z","2023-11-29T07:45:05.735Z"
153321886,"VNE","1701242988","b","500","6590","709500","2023-11-29T07:30:02.698Z","2023-11-29T07:30:02.698Z"
153316240,"VNE","1701242863","b","500","6590","709000","2023-11-29T07:27:56.687Z","2023-11-29T07:27:56.687Z"
153307109,"VNE","1701242646","s","100","6580","708500","2023-11-29T07:24:19.675Z","2023-11-29T07:24:19.675Z"
153302926,"VNE","1701242513","s","1000","6580","708400","2023-11-29T07:22:06.679Z","2023-11-29T07:22:06.679Z"
153300608,"VNE","1701242445","s","100","6570","706600","2023-11-29T07:20:58.677Z","2023-11-29T07:20:58.677Z"
153300607,"VNE","1701242445","s","600","6570","706600","2023-11-29T07:20:58.677Z","2023-11-29T07:20:58.677Z"
153300606,"VNE","1701242445","s","100","6580","706600","2023-11-29T07:20:58.677Z","2023-11-29T07:20:58.677Z"
153299955,"VNE","1701242428","s","1000","6580","706600","2023-11-29T07:20:42.681Z","2023-11-29T07:20:42.681Z"
153299381,"VNE","1701242410","b","2900","6580","705600","2023-11-29T07:20:24.682Z","2023-11-29T07:20:24.682Z"
153295768,"VNE","1701242291","s","500","6570","702700","2023-11-29T07:18:23.679Z","2023-11-29T07:18:23.679Z"
153287412,"VNE","1701242057","s","200","6570","702200","2023-11-29T07:14:30.673Z","2023-11-29T07:14:30.673Z"
153286131,"VNE","1701242022","s","1300","6570","702000","2023-11-29T07:13:56.670Z","2023-11-29T07:13:56.670Z"
153282650,"VNE","1701241915","s","1500","6560","700700","2023-11-29T07:12:08.667Z","2023-11-29T07:12:08.667Z"
153282649,"VNE","1701241915","s","4000","6560","700700","2023-11-29T07:12:08.667Z","2023-11-29T07:12:08.667Z"
153282648,"VNE","1701241915","s","1000","6560","700700","2023-11-29T07:12:08.667Z","2023-11-29T07:12:08.667Z"
153282647,"VNE","1701241915","s","100","6560","700700","2023-11-29T07:12:08.667Z","2023-11-29T07:12:08.667Z"
153282646,"VNE","1701241915","s","1000","6560","700700","2023-11-29T07:12:08.667Z","2023-11-29T07:12:08.667Z"
153282645,"VNE","1701241915","s","5000","6560","700700","2023-11-29T07:12:08.667Z","2023-11-29T07:12:08.667Z"
153282644,"VNE","1701241915","s","300","6560","700700","2023-11-29T07:12:08.667Z","2023-11-29T07:12:08.667Z"
153282643,"VNE","1701241915","s","2600","6570","700700","2023-11-29T07:12:08.667Z","2023-11-29T07:12:08.667Z"
153282642,"VNE","1701241915","s","2000","6570","700700","2023-11-29T07:12:08.667Z","2023-11-29T07:12:08.667Z"
153282641,"VNE","1701241915","s","100","6570","700700","2023-11-29T07:12:08.667Z","2023-11-29T07:12:08.667Z"
153282640,"VNE","1701241915","s","2000","6570","700700","2023-11-29T07:12:08.667Z","2023-11-29T07:12:08.667Z"
153282639,"VNE","1701241915","s","300","6570","700700","2023-11-29T07:12:08.667Z","2023-11-29T07:12:08.667Z"
153282638,"VNE","1701241915","s","100","6580","700700","2023-11-29T07:12:08.667Z","2023-11-29T07:12:08.667Z"
153276334,"VNE","1701241754","s","3200","6570","680700","2023-11-29T07:09:27.688Z","2023-11-29T07:09:27.688Z"
153276333,"VNE","1701241754","s","900","6570","680700","2023-11-29T07:09:27.688Z","2023-11-29T07:09:27.688Z"
153276332,"VNE","1701241754","s","1000","6570","680700","2023-11-29T07:09:27.688Z","2023-11-29T07:09:27.688Z"
153276331,"VNE","1701241754","s","100","6570","680700","2023-11-29T07:09:27.688Z","2023-11-29T07:09:27.688Z"
153276330,"VNE","1701241754","s","300","6580","680700","2023-11-29T07:09:27.688Z","2023-11-29T07:09:27.688Z"
153276329,"VNE","1701241754","s","100","6590","680700","2023-11-29T07:09:27.688Z","2023-11-29T07:09:27.688Z"
153276328,"VNE","1701241754","s","4400","6590","680700","2023-11-29T07:09:27.688Z","2023-11-29T07:09:27.688Z"
153264726,"VNE","1701241521","s","200","6590","670700","2023-11-29T07:05:34.680Z","2023-11-29T07:05:34.680Z"
153259296,"VNE","1701241401","b","1900","6590","670500","2023-11-29T07:03:35.662Z","2023-11-29T07:03:35.662Z"
153259295,"VNE","1701241401","b","2000","6590","670500","2023-11-29T07:03:35.662Z","2023-11-29T07:03:35.662Z"
153259294,"VNE","1701241401","b","200","6590","670500","2023-11-29T07:03:35.662Z","2023-11-29T07:03:35.662Z"
153259293,"VNE","1701241401","b","400","6590","670500","2023-11-29T07:03:35.662Z","2023-11-29T07:03:35.662Z"
153259292,"VNE","1701241401","b","900","6590","670500","2023-11-29T07:03:35.662Z","2023-11-29T07:03:35.662Z"
153254837,"VNE","1701241251","b","100","6590","665100","2023-11-29T07:01:04.655Z","2023-11-29T07:01:04.655Z"
153251958,"VNE","1701241105","b","5000","6570","665000","2023-11-29T06:58:38.656Z","2023-11-29T06:58:38.656Z"
153243538,"VNE","1701240746","s","9700","6560","660000","2023-11-29T06:52:39.654Z","2023-11-29T06:52:39.654Z"
153243537,"VNE","1701240746","s","100","6560","660000","2023-11-29T06:52:39.654Z","2023-11-29T06:52:39.654Z"
153243536,"VNE","1701240746","s","200","6570","660000","2023-11-29T06:52:39.654Z","2023-11-29T06:52:39.654Z"
153243025,"VNE","1701240724","b","5500","6570","650000","2023-11-29T06:52:17.652Z","2023-11-29T06:52:17.652Z"
153242912,"VNE","1701240719","b","100","6570","644500","2023-11-29T06:52:12.672Z","2023-11-29T06:52:12.672Z"
153242076,"VNE","1701240692","s","1000","6570","644400","2023-11-29T06:51:46.657Z","2023-11-29T06:51:46.657Z"
153242075,"VNE","1701240692","s","300","6570","644400","2023-11-29T06:51:46.657Z","2023-11-29T06:51:46.657Z"
153242074,"VNE","1701240692","s","500","6580","644400","2023-11-29T06:51:46.657Z","2023-11-29T06:51:46.657Z"
153242073,"VNE","1701240692","s","600","6580","644400","2023-11-29T06:51:46.657Z","2023-11-29T06:51:46.657Z"
153236130,"VNE","1701240517","b","200","6600","642000","2023-11-29T06:48:50.654Z","2023-11-29T06:48:50.654Z"
153233671,"VNE","1701240445","b","100","6600","641800","2023-11-29T06:47:38.661Z","2023-11-29T06:47:38.661Z"
153226830,"VNE","1701240294","b","5500","6590","641700","2023-11-29T06:45:07.658Z","2023-11-29T06:45:07.658Z"
153224327,"VNE","1701240253","b","1800","6580","636200","2023-11-29T06:44:27.655Z","2023-11-29T06:44:27.655Z"
153223959,"VNE","1701240247","b","5000","6580","634400","2023-11-29T06:44:20.658Z","2023-11-29T06:44:20.658Z"
153220886,"VNE","1701240190","s","2000","6580","629400","2023-11-29T06:43:23.654Z","2023-11-29T06:43:23.654Z"
153220885,"VNE","1701240190","s","1200","6580","629400","2023-11-29T06:43:23.654Z","2023-11-29T06:43:23.654Z"
153216866,"VNE","1701240127","b","4500","6590","626200","2023-11-29T06:42:21.659Z","2023-11-29T06:42:21.659Z"
153215237,"VNE","1701240097","s","700","6580","621700","2023-11-29T06:41:50.690Z","2023-11-29T06:41:50.690Z"
153208948,"VNE","1701239876","b","100","6610","621000","2023-11-29T06:38:09.638Z","2023-11-29T06:38:09.638Z"
153207748,"VNE","1701239815","b","8100","6590","620900","2023-11-29T06:37:09.641Z","2023-11-29T06:37:09.641Z"
153207396,"VNE","1701239795","b","1900","6590","610900","2023-11-29T06:36:48.644Z","2023-11-29T06:36:48.644Z"
153206225,"VNE","1701239744","b","300","6600","610900","2023-11-29T06:35:58.660Z","2023-11-29T06:35:58.660Z"
153206224,"VNE","1701239744","b","18100","6600","610900","2023-11-29T06:35:58.660Z","2023-11-29T06:35:58.660Z"
153206029,"VNE","1701239732","b","5000","6590","592500","2023-11-29T06:35:46.642Z","2023-11-29T06:35:46.642Z"
153205814,"VNE","1701239721","s","400","6570","587100","2023-11-29T06:35:34.636Z","2023-11-29T06:35:34.636Z"
153205626,"VNE","1701239707","s","100","6570","587100","2023-11-29T06:35:21.654Z","2023-11-29T06:35:21.654Z"
153205625,"VNE","1701239707","s","4400","6570","587100","2023-11-29T06:35:21.654Z","2023-11-29T06:35:21.654Z"
153205624,"VNE","1701239707","s","400","6580","587100","2023-11-29T06:35:21.654Z","2023-11-29T06:35:21.654Z"
153205623,"VNE","1701239707","s","100","6580","587100","2023-11-29T06:35:21.654Z","2023-11-29T06:35:21.654Z"
153205622,"VNE","1701239707","s","3000","6580","587100","2023-11-29T06:35:21.654Z","2023-11-29T06:35:21.654Z"
153204499,"VNE","1701239655","s","7900","6590","579100","2023-11-29T06:34:28.638Z","2023-11-29T06:34:28.638Z"
153204079,"VNE","1701239628","b","2100","6590","569100","2023-11-29T06:34:01.649Z","2023-11-29T06:34:01.649Z"
153203030,"VNE","1701239590","s","100","6590","569100","2023-11-29T06:33:24.640Z","2023-11-29T06:33:24.640Z"
153203029,"VNE","1701239590","s","7800","6590","569100","2023-11-29T06:33:24.640Z","2023-11-29T06:33:24.640Z"
153202662,"VNE","1701239574","s","1100","6590","561200","2023-11-29T06:33:07.647Z","2023-11-29T06:33:07.647Z"
153201634,"VNE","1701239526","s","100","6590","560100","2023-11-29T06:32:19.637Z","2023-11-29T06:32:19.637Z"
153198920,"VNE","1701239404","b","11700","6600","560000","2023-11-29T06:30:18.639Z","2023-11-29T06:30:18.639Z"
153196896,"VNE","1701239310","b","900","6590","548300","2023-11-29T06:28:43.634Z","2023-11-29T06:28:43.634Z"
153196895,"VNE","1701239310","b","100","6590","548300","2023-11-29T06:28:43.634Z","2023-11-29T06:28:43.634Z"
153195334,"VNE","1701239235","b","600","6570","547300","2023-11-29T06:27:28.642Z","2023-11-29T06:27:28.642Z"
153194936,"VNE","1701239219","b","1000","6570","546700","2023-11-29T06:27:12.650Z","2023-11-29T06:27:12.650Z"
153194586,"VNE","1701239204","s","600","6570","545700","2023-11-29T06:26:58.649Z","2023-11-29T06:26:58.649Z"
153194585,"VNE","1701239204","s","100","6570","545700","2023-11-29T06:26:58.649Z","2023-11-29T06:26:58.649Z"
153194584,"VNE","1701239204","s","300","6570","545700","2023-11-29T06:26:58.649Z","2023-11-29T06:26:58.649Z"
153194583,"VNE","1701239204","s","1900","6570","545700","2023-11-29T06:26:58.649Z","2023-11-29T06:26:58.649Z"
153194582,"VNE","1701239204","s","5500","6570","545700","2023-11-29T06:26:58.649Z","2023-11-29T06:26:58.649Z"
153194452,"VNE","1701239197","s","1000","6570","536300","2023-11-29T06:26:51.637Z","2023-11-29T06:26:51.637Z"
153189032,"VNE","1701238934","s","3500","6570","528300","2023-11-29T06:22:28.638Z","2023-11-29T06:22:28.638Z"
153189031,"VNE","1701238934","s","500","6570","528300","2023-11-29T06:22:28.638Z","2023-11-29T06:22:28.638Z"
153189030,"VNE","1701238934","s","3500","6570","528300","2023-11-29T06:22:28.638Z","2023-11-29T06:22:28.638Z"
153189029,"VNE","1701238934","s","500","6580","528300","2023-11-29T06:22:28.638Z","2023-11-29T06:22:28.638Z"
153187832,"VNE","1701238883","s","1000","6580","526900","2023-11-29T06:21:36.632Z","2023-11-29T06:21:36.632Z"
153187831,"VNE","1701238883","s","400","6580","526900","2023-11-29T06:21:36.632Z","2023-11-29T06:21:36.632Z"
153186997,"VNE","1701238846","s","1200","6580","525700","2023-11-29T06:21:00.631Z","2023-11-29T06:21:00.631Z"
153184681,"VNE","1701238733","s","100","6580","525600","2023-11-29T06:19:07.630Z","2023-11-29T06:19:07.630Z"
153184305,"VNE","1701238714","s","1300","6580","525600","2023-11-29T06:18:46.632Z","2023-11-29T06:18:46.632Z"
153184304,"VNE","1701238714","s","100","6580","525600","2023-11-29T06:18:46.632Z","2023-11-29T06:18:46.632Z"
153184303,"VNE","1701238714","s","2000","6580","525600","2023-11-29T06:18:46.632Z","2023-11-29T06:18:46.632Z"
153184302,"VNE","1701238714","s","1600","6580","525600","2023-11-29T06:18:46.632Z","2023-11-29T06:18:46.632Z"
