"price","change","match_qtty","side","time","total_vol"
38,-1.2,70200,"","14:45:00",1069500
38.2,-1,4600,"sd","14:31:46",999300
38.2,-1,2000,"sd","14:31:46",994700
38.25,-0.95,2800,"bu","14:31:46",992700
38.25,-0.95,300,"bu","14:31:45",989900
38.2,-1,2100,"bu","14:31:45",989600
38.15,-1.05,500,"sd","14:31:45",987500
38.2,-1,100,"bu","14:31:45",987000
38.2,-1,9800,"sd","14:31:43",986900
38.3,-0.9,300,"sd","14:31:43",977100
38.2,-1,500,"sd","14:31:43",976800
38.25,-0.95,2200,"bu","14:31:43",976300
38.2,-1,2600,"sd","14:31:43",974100
38.35,-0.85,500,"bu","14:31:43",971500
38.3,-0.9,1700,"sd","14:31:43",971000
38.4,-0.8,500,"sd","14:31:43",969300
38.4,-0.8,1000,"bu","14:31:42",968800
38.3,-0.9,100,"sd","14:31:42",967800
38.4,-0.8,5000,"bu","14:31:42",967700
38.2,-1,100,"sd","14:31:42",962700
38.25,-0.95,300,"sd","14:31:42",962600
38.3,-0.9,600,"sd","14:31:42",962300
38.4,-0.8,5800,"bu","14:31:42",961700
38.3,-0.9,400,"bu","14:31:42",955900
38.2,-1,3300,"bu","14:31:40",955500
38.15,-1.05,2000,"sd","14:31:40",952200
38.15,-1.05,400,"bu","14:31:40",950200
38.05,-1.15,1200,"sd","14:31:39",949800
38,-1.2,9600,"sd","14:31:39",948600
38.1,-1.1,100,"sd","14:31:39",939000
38,-1.2,4300,"bu","14:31:39",938900
38,-1.2,4200,"sd","14:31:39",934600
38.05,-1.15,2200,"sd","14:31:39",930400
38.1,-1.1,700,"sd","14:31:39",928200
38,-1.2,47500,"sd","14:31:39",927500
38.05,-1.15,5400,"sd","14:31:39",880000
38.15,-1.05,100,"sd","14:31:39",874600
38.1,-1.1,6000,"sd","14:31:38",874500
38.2,-1,2100,"bu","14:31:38",868500
38.2,-1,100,"sd","14:30:55",866400
38.2,-1,1900,"bu","14:30:47",866300
38.1,-1.1,1000,"sd","14:30:08",864400
38.1,-1.1,5000,"sd","14:29:46",863400
38.1,-1.1,500,"bu","14:29:27",858400
38.1,-1.1,1000,"bu","14:29:15",857900
38.05,-1.15,1000,"sd","14:29:10",856900
38.05,-1.15,100,"sd","14:29:09",855900
38.05,-1.15,200,"sd","14:29:07",855800
38.1,-1.1,100,"bu","14:28:54",855600
38.1,-1.1,1400,"sd","14:28:29",855500
38.1,-1.1,100,"sd","14:28:26",854100
38.1,-1.1,400,"sd","14:27:59",854000
38.1,-1.1,1000,"sd","14:27:46",853600
38.1,-1.1,600,"sd","14:27:33",852600
38.1,-1.1,4500,"sd","14:26:13",852000
38.15,-1.05,500,"sd","14:26:13",847500
38.2,-1,3300,"sd","14:26:07",847000
38.1,-1.1,2800,"sd","14:25:29",843700
38.1,-1.1,3100,"sd","14:25:11",840900
38.15,-1.05,1900,"sd","14:25:11",837800
38.15,-1.05,100,"sd","14:25:11",835900
38.3,-0.9,1000,"bu","14:25:04",835800
38.1,-1.1,1400,"sd","14:24:10",834800
38.15,-1.05,3600,"sd","14:24:10",833400
38.15,-1.05,1700,"sd","14:24:02",829800
38.2,-1,300,"sd","14:24:02",828100
38.1,-1.1,400,"sd","14:22:26",827800
38.15,-1.05,200,"sd","14:22:26",827400
38.2,-1,2400,"sd","14:22:26",827200
38.2,-1,200,"sd","14:21:32",824800
38.2,-1,200,"sd","14:21:31",824600
38.2,-1,14000,"sd","14:21:30",824400
38.25,-0.95,12000,"sd","14:21:30",810400
38.3,-0.9,1000,"sd","14:21:06",798400
38.3,-0.9,7000,"sd","14:20:49",797400
38.35,-0.85,15700,"sd","14:20:49",790400
38.4,-0.8,3300,"sd","14:20:49",774700
38.4,-0.8,5000,"sd","14:20:47",771400
38.4,-0.8,200,"sd","14:20:45",766400
38.4,-0.8,1500,"sd","14:20:19",766200
38.4,-0.8,1100,"bu","14:19:32",764700
38.4,-0.8,2000,"bu","14:19:31",763600
38.4,-0.8,1900,"sd","14:19:30",761600
38.4,-0.8,400,"bu","14:19:23",759700
38.4,-0.8,100,"bu","14:19:15",759300
38.4,-0.8,3000,"bu","14:19:13",759200
38.35,-0.85,1000,"sd","14:18:46",756200
38.3,-0.9,800,"sd","14:17:54",755200
38.35,-0.85,800,"sd","14:17:54",754400
38.4,-0.8,800,"sd","14:17:54",753600
38.3,-0.9,3400,"sd","14:17:26",752800
38.35,-0.85,100,"sd","14:17:26",749400
38.5,-0.7,100,"bu","14:17:08",749300
38.4,-0.8,1500,"sd","14:17:07",749200
38.3,-0.9,1500,"bu","14:16:27",747700
38.3,-0.9,200,"bu","14:16:20",746200
38.3,-0.9,1300,"sd","14:16:19",746000
38.3,-0.9,15100,"bu","14:16:04",744700
38.3,-0.9,300,"bu","14:15:48",729600
38.3,-0.9,1000,"bu","14:15:34",729300
38.3,-0.9,200,"bu","14:15:30",728300
38.3,-0.9,6800,"sd","14:15:28",728100
38.35,-0.85,800,"sd","14:15:28",721300
38.35,-0.85,3000,"sd","14:15:22",720500
38.35,-0.85,1200,"bu","14:15:17",717500
38.3,-0.9,7500,"sd","14:15:14",716300
38.35,-0.85,800,"sd","14:15:13",708800
38.35,-0.85,300,"bu","14:15:10",708000
38.35,-0.85,5000,"bu","14:14:50",707700
38.35,-0.85,2700,"sd","14:14:45",702700
38.35,-0.85,1500,"sd","14:14:43",700000
38.35,-0.85,6000,"sd","14:14:26",698500
38.4,-0.8,800,"sd","14:14:10",692500
38.4,-0.8,1000,"sd","14:14:04",691700
38.4,-0.8,2000,"sd","14:13:17",690700
38.4,-0.8,4300,"bu","14:12:58",688700
38.4,-0.8,5000,"bu","14:12:48",684400
38.4,-0.8,2000,"bu","14:12:42",679400
38.4,-0.8,2000,"bu","14:12:34",677400
38.35,-0.85,100,"sd","14:12:34",675400
38.35,-0.85,400,"sd","14:12:26",675300
38.35,-0.85,2000,"sd","14:12:24",674900
38.35,-0.85,100,"sd","14:12:19",672900
38.4,-0.8,100,"bu","14:12:14",672800
38.4,-0.8,9000,"bu","14:12:08",672700
38.35,-0.85,100,"sd","14:12:07",663700
38.4,-0.8,100,"bu","14:11:50",663600
38.4,-0.8,5000,"bu","14:11:49",663500
38.4,-0.8,900,"sd","14:11:35",658500
38.4,-0.8,2000,"sd","14:11:31",657600
38.4,-0.8,1000,"sd","14:11:26",655600
38.4,-0.8,100,"sd","14:11:13",654600
38.45,-0.75,1000,"sd","14:11:01",654500
38.4,-0.8,3000,"sd","14:10:50",653500
38.4,-0.8,400,"sd","14:10:30",650500
38.35,-0.85,100,"sd","14:09:20",650100
38.35,-0.85,4600,"sd","14:09:16",650000
38.4,-0.8,500,"sd","14:09:16",645400
38.35,-0.85,100,"sd","14:08:44",644900
38.4,-0.8,500,"sd","14:08:44",644800
38.4,-0.8,17600,"sd","14:08:27",644300
38.45,-0.75,5200,"sd","14:08:27",626700
38.5,-0.7,2000,"sd","14:08:27",621500
38.5,-0.7,3600,"sd","14:08:07",619500
38.5,-0.7,400,"sd","14:07:53",615900
38.6,-0.6,4600,"sd","14:07:53",615500
38.75,-0.45,1000,"sd","14:07:53",610900
38.6,-0.6,500,"sd","14:07:53",609900
38.65,-0.55,100,"sd","14:07:53",609400
38.7,-0.5,300,"sd","14:07:53",609300
38.75,-0.45,500,"sd","14:07:53",609000
38.8,-0.4,100,"bu","14:07:51",608500
38.8,-0.4,10000,"sd","14:05:35",608400
38.9,-0.3,1000,"bu","14:05:35",598400
38.8,-0.4,1000,"sd","14:04:57",597400
38.8,-0.4,900,"bu","14:04:40",596400
38.85,-0.35,700,"bu","14:04:04",595500
38.8,-0.4,300,"bu","14:04:04",594800
38.8,-0.4,1700,"sd","14:04:03",594500
38.8,-0.4,500,"sd","14:03:50",592800
38.8,-0.4,400,"bu","14:02:56",592300
38.85,-0.35,400,"bu","14:02:49",591900
38.8,-0.4,600,"bu","14:02:49",591500
38.8,-0.4,100,"bu","14:02:14",590900
38.8,-0.4,1000,"bu","14:02:03",590800
38.8,-0.4,1000,"bu","14:01:53",589800
38.75,-0.45,2100,"bu","14:01:44",588800
38.75,-0.45,800,"bu","14:01:29",586700
38.75,-0.45,100,"bu","14:01:25",585900
38.7,-0.5,1200,"bu","14:01:18",585800
38.65,-0.55,100,"bu","14:00:52",584600
38.65,-0.55,500,"bu","14:00:49",584500
38.65,-0.55,200,"bu","14:00:44",584000
38.65,-0.55,500,"bu","14:00:35",583800
38.6,-0.6,3100,"bu","13:59:52",583300
38.5,-0.7,1000,"sd","13:59:19",580200
38.5,-0.7,1500,"bu","13:59:15",579200
38.5,-0.7,5000,"bu","13:59:14",577700
38.45,-0.75,200,"sd","13:59:14",572700
38.6,-0.6,100,"bu","13:59:14",572500
38.45,-0.75,300,"bu","13:59:14",572400
38.4,-0.8,100,"sd","13:59:14",572100
38.45,-0.75,200,"sd","13:59:14",572000
38.4,-0.8,3500,"sd","13:57:18",571800
38.45,-0.75,2500,"sd","13:57:18",568300
38.45,-0.75,1700,"sd","13:56:37",565800
38.5,-0.7,1300,"sd","13:56:37",564100
38.5,-0.7,7000,"sd","13:56:21",562800
38.6,-0.6,300,"sd","13:56:01",555800
38.65,-0.55,300,"bu","13:55:57",555500
38.65,-0.55,100,"bu","13:54:36",555200
38.6,-0.6,500,"sd","13:54:30",555100
38.6,-0.6,700,"bu","13:53:21",554600
38.6,-0.6,100,"bu","13:53:09",553900
38.6,-0.6,700,"sd","13:53:08",553800
38.6,-0.6,700,"sd","13:53:07",553100
38.65,-0.55,100,"bu","13:53:07",552400
38.5,-0.7,800,"sd","13:53:07",552300
38.55,-0.65,200,"sd","13:53:07",551500
38.65,-0.55,1000,"bu","13:52:51",551300
38.65,-0.55,100,"bu","13:50:32",550300
38.5,-0.7,1300,"bu","13:50:10",550200
38.45,-0.75,1400,"bu","13:49:39",548900
38.45,-0.75,2000,"bu","13:49:32",547500
38.4,-0.8,200,"bu","13:48:55",545500
38.4,-0.8,1600,"bu","13:48:49",545300
38.4,-0.8,100,"bu","13:48:47",543700
38.4,-0.8,1100,"sd","13:48:40",543600
38.4,-0.8,2500,"sd","13:48:32",542500
38.4,-0.8,700,"sd","13:48:10",540000
38.4,-0.8,200,"sd","13:48:03",539300
38.4,-0.8,200,"sd","13:47:55",539100
38.4,-0.8,400,"sd","13:47:34",538900
38.4,-0.8,500,"sd","13:47:15",538500
38.4,-0.8,500,"sd","13:47:02",538000
38.45,-0.75,1000,"sd","13:46:52",537500
38.45,-0.75,10000,"sd","13:46:36",536500
38.5,-0.7,1500,"bu","13:46:29",526500
38.5,-0.7,100,"bu","13:46:28",525000
38.45,-0.75,100,"sd","13:46:21",524900
38.5,-0.7,100,"bu","13:46:14",524800
38.5,-0.7,4000,"sd","13:45:37",524700
38.5,-0.7,500,"sd","13:45:30",520700
38.55,-0.65,200,"sd","13:44:49",520200
38.55,-0.65,1000,"sd","13:44:32",520000
38.55,-0.65,1200,"sd","13:44:24",519000
38.6,-0.6,200,"sd","13:44:05",517800
38.6,-0.6,9400,"sd","13:43:50",517600
38.6,-0.6,500,"bu","13:43:31",508200
38.6,-0.6,2000,"bu","13:43:31",507700
38.6,-0.6,100,"sd","13:42:56",505700
38.6,-0.6,6000,"sd","13:42:55",505600
38.65,-0.55,900,"sd","13:42:55",499600
38.65,-0.55,3400,"bu","13:42:54",498700
38.6,-0.6,100,"sd","13:42:54",495300
38.65,-0.55,2000,"bu","13:42:54",495200
38.65,-0.55,1100,"sd","13:42:53",493200
38.7,-0.5,100,"bu","13:42:38",492100
38.75,-0.45,100,"bu","13:39:04",492000
38.65,-0.55,1500,"bu","13:38:47",491900
38.65,-0.55,2500,"sd","13:36:16",490400
38.7,-0.5,400,"bu","13:35:57",487900
38.65,-0.55,2000,"bu","13:35:48",487500
38.65,-0.55,500,"bu","13:35:42",485500
38.65,-0.55,800,"bu","13:35:38",485000
38.65,-0.55,700,"sd","13:35:34",484200
38.7,-0.5,3800,"sd","13:35:27",483500
38.75,-0.45,2800,"bu","13:35:26",479700
38.75,-0.45,100,"bu","13:35:22",476900
38.7,-0.5,3000,"sd","13:35:21",476800
38.7,-0.5,3200,"bu","13:35:14",473800
38.65,-0.55,1700,"bu","13:35:05",470600
38.65,-0.55,600,"bu","13:34:18",468900
38.65,-0.55,500,"bu","13:33:56",468300
38.65,-0.55,600,"bu","13:32:23",467800
38.65,-0.55,2300,"sd","13:32:20",467200
38.7,-0.5,100,"bu","13:32:19",464900
38.7,-0.5,10000,"bu","13:32:17",464800
38.65,-0.55,2700,"bu","13:32:09",454800
38.6,-0.6,4000,"sd","13:31:53",452100
38.6,-0.6,900,"bu","13:31:38",448100
38.55,-0.65,4000,"sd","13:31:35",447200
38.6,-0.6,100,"bu","13:31:24",443200
38.55,-0.65,1000,"sd","13:31:11",443100
38.55,-0.65,300,"bu","13:30:57",442100
38.55,-0.65,300,"bu","13:30:55",441800
38.55,-0.65,900,"sd","13:30:24",441500
38.55,-0.65,1000,"sd","13:30:11",440600
38.55,-0.65,200,"bu","13:29:17",439600
38.5,-0.7,900,"bu","13:28:23",439400
38.5,-0.7,100,"bu","13:27:53",438500
38.5,-0.7,100,"bu","13:27:34",438400
38.5,-0.7,500,"bu","13:27:33",438300
38.5,-0.7,100,"bu","13:27:24",437800
38.5,-0.7,1200,"bu","13:26:07",437700
38.4,-0.8,600,"sd","13:25:28",436500
38.45,-0.75,100,"sd","13:25:28",435900
38.5,-0.7,4800,"sd","13:25:28",435800
38.5,-0.7,1600,"bu","13:25:17",431000
38.45,-0.75,400,"bu","13:25:17",429400
38.45,-0.75,100,"sd","13:25:16",429000
38.45,-0.75,900,"bu","13:25:05",428900
38.45,-0.75,100,"bu","13:25:03",428000
38.4,-0.8,1300,"bu","13:24:26",427900
38.4,-0.8,200,"bu","13:24:22",426600
38.4,-0.8,100,"sd","13:23:52",426400
38.3,-0.9,500,"bu","13:22:39",426300
38.3,-0.9,200,"bu","13:22:30",425800
38.3,-0.9,1000,"bu","13:22:28",425600
38.3,-0.9,6900,"sd","13:22:26",424600
38.35,-0.85,700,"sd","13:22:22",416300
38.45,-0.75,300,"sd","13:22:22",415600
38.3,-0.9,3100,"sd","13:21:15",415300
38.5,-0.7,400,"bu","13:21:05",410300
38.45,-0.75,200,"sd","13:21:03",409900
38.5,-0.7,5000,"bu","13:21:03",409700
38.5,-0.7,3000,"bu","13:20:54",404700
38.5,-0.7,5600,"sd","13:20:53",401700
38.5,-0.7,800,"sd","13:20:50",396100
38.5,-0.7,4600,"sd","13:20:34",395300
38.55,-0.65,1800,"sd","13:20:24",390700
38.55,-0.65,1500,"sd","13:20:19",388900
38.55,-0.65,1000,"sd","13:20:15",387400
38.55,-0.65,500,"sd","13:20:09",386400
38.55,-0.65,500,"sd","13:19:58",385900
38.55,-0.65,2000,"sd","13:19:54",385400
38.65,-0.55,1000,"sd","13:18:41",383400
38.6,-0.6,1900,"sd","13:18:23",382400
38.65,-0.55,100,"bu","13:18:10",380500
38.65,-0.55,600,"bu","13:17:48",380400
38.6,-0.6,2000,"sd","13:17:33",379800
38.6,-0.6,2000,"sd","13:17:31",377800
38.65,-0.55,200,"bu","13:17:26",375800
38.65,-0.55,200,"bu","13:16:40",375600
38.65,-0.55,200,"bu","13:16:07",375400
38.65,-0.55,100,"bu","13:15:59",375200
38.6,-0.6,3000,"sd","13:15:23",375100
38.65,-0.55,2000,"sd","13:15:23",372100
38.65,-0.55,3000,"sd","13:14:55",370100
38.65,-0.55,300,"sd","13:14:52",367100
38.65,-0.55,5000,"sd","13:14:37",366800
38.7,-0.5,2800,"sd","13:14:29",361800
38.7,-0.5,1000,"sd","13:14:22",359000
38.7,-0.5,1000,"sd","13:14:22",358000
38.75,-0.45,100,"sd","13:14:00",357000
38.75,-0.45,100,"sd","13:13:26",356900
38.8,-0.4,100,"bu","13:13:13",356800
38.8,-0.4,100,"bu","13:13:07",356700
38.8,-0.4,100,"bu","13:13:01",356600
38.8,-0.4,5000,"bu","13:12:58",356500
38.75,-0.45,100,"sd","13:12:51",351500
38.8,-0.4,100,"bu","13:12:38",351400
38.8,-0.4,2300,"bu","13:12:29",351300
38.55,-0.65,100,"sd","13:11:03",349000
38.55,-0.65,500,"sd","13:10:42",348900
38.5,-0.7,4200,"sd","13:08:28",348400
38.55,-0.65,100,"sd","13:08:28",344200
38.7,-0.5,1000,"sd","13:08:28",344100
38.5,-0.7,1000,"sd","13:08:01",343100
38.55,-0.65,1000,"bu","13:08:01",342100
38.8,-0.4,100,"bu","13:08:01",341100
38.7,-0.5,5000,"bu","13:07:11",341000
38.5,-0.7,400,"sd","13:07:08",336000
38.55,-0.65,200,"sd","13:07:07",335600
38.55,-0.65,100,"sd","13:07:02",335400
38.3,-0.9,1000,"bu","13:05:59",335300
38.2,-1,400,"sd","13:05:48",334300
38.45,-0.75,700,"bu","13:05:48",333900
38.2,-1,600,"sd","13:05:45",333200
38.2,-1,1500,"sd","13:05:18",332600
38.3,-0.9,3100,"sd","13:05:18",331100
38.4,-0.8,1300,"sd","13:05:18",328000
38.5,-0.7,10400,"sd","13:05:18",326700
38.55,-0.65,700,"sd","13:05:18",316300
38.6,-0.6,1500,"sd","13:05:18",315600
38.65,-0.55,1500,"sd","13:05:18",314100
38.7,-0.5,300,"sd","13:05:00",312600
38.7,-0.5,1000,"sd","13:04:59",312300
38.7,-0.5,100,"sd","13:04:49",311300
38.7,-0.5,5000,"sd","13:04:46",311200
38.7,-0.5,4000,"sd","13:04:42",306200
38.7,-0.5,2000,"sd","13:04:28",302200
38.8,-0.4,100,"bu","13:04:23",300200
38.8,-0.4,2100,"sd","13:04:01",300100
38.8,-0.4,300,"bu","13:03:33",298000
38.8,-0.4,800,"bu","13:03:32",297700
38.7,-0.5,200,"sd","13:03:12",296900
38.8,-0.4,800,"sd","13:03:12",296700
38.7,-0.5,600,"sd","13:01:44",295900
38.7,-0.5,4300,"sd","13:01:44",295300
38.8,-0.4,1100,"sd","13:01:44",291000
38.85,-0.35,300,"sd","13:01:44",289900
38.9,-0.3,200,"sd","13:01:44",289600
39,-0.2,2700,"sd","13:01:44",289400
39.15,-0.05,1200,"bu","13:01:44",286700
39.05,-0.15,6800,"bu","13:01:44",285500
39,-0.2,500,"sd","13:01:44",278700
39.05,-0.15,200,"sd","13:01:35",278200
39,-0.2,900,"sd","13:01:24",278000
39.1,-0.1,100,"sd","13:01:24",277100
39,-0.2,100,"sd","13:00:15",277000
39.05,-0.15,200,"sd","13:00:15",276900
39.1,-0.1,200,"sd","13:00:15",276700
39,-0.2,1700,"sd","13:00:09",276500
39.05,-0.15,300,"sd","13:00:09",274800
39.1,-0.1,500,"sd","13:00:09",274500
39.15,-0.05,2500,"sd","13:00:08",274000
39.15,-0.05,2000,"sd","11:27:37",271500
39.2,0,100,"bu","11:25:41",269500
39.2,0,100,"bu","11:25:14",269400
39.2,0,300,"bu","11:24:32",269300
39.2,0,100,"bu","11:24:19",269000
39.2,0,2700,"bu","11:23:38",268900
39.2,0,100,"bu","11:22:27",266200
39.15,-0.05,1400,"sd","11:22:14",266100
39.2,0,100,"bu","11:22:01",264700
39.15,-0.05,500,"sd","11:21:00",264600
39.15,-0.05,100,"sd","11:20:28",264100
39.15,-0.05,100,"sd","11:20:17",264000
39.15,-0.05,100,"sd","11:18:33",263900
39.15,-0.05,100,"sd","11:18:05",263800
39.15,-0.05,100,"sd","11:17:44",263700
39.2,0,100,"sd","11:14:24",263600
39.2,0,2000,"bu","11:13:29",263500
39.15,-0.05,300,"sd","11:11:36",261500
39.2,0,200,"bu","11:10:51",261200
39.2,0,1000,"bu","11:10:38",261000
39.2,0,500,"bu","11:09:27",260000
39.2,0,500,"sd","11:09:02",259500
39.2,0,2400,"sd","11:08:42",259000
39.2,0,100,"sd","11:08:31",256600
39.25,0.05,2000,"bu","11:06:23",256500
39.25,0.05,300,"sd","11:06:21",254500
39.3,0.1,100,"bu","11:05:33",254200
39.3,0.1,3400,"sd","11:03:30",254100
39.3,0.1,1000,"sd","11:03:27",250700
39.3,0.1,6000,"sd","11:03:20",249700
39.3,0.1,100,"sd","11:02:51",243700
39.3,0.1,1700,"sd","11:02:23",243600
39.35,0.15,900,"sd","10:59:03",241900
39.35,0.15,500,"sd","10:58:48",241000
39.35,0.15,800,"sd","10:58:45",240500
39.35,0.15,300,"sd","10:58:37",239700
39.35,0.15,100,"sd","10:58:30",239400
39.35,0.15,1000,"sd","10:58:01",239300
39.35,0.15,100,"sd","10:57:36",238300
39.35,0.15,1000,"sd","10:56:27",238200
39.35,0.15,400,"sd","10:54:17",237200
39.35,0.15,300,"bu","10:49:51",236800
39.35,0.15,100,"bu","10:49:27",236500
39.3,0.1,800,"sd","10:48:25",236400
39.4,0.2,100,"bu","10:47:24",235600
39.3,0.1,100,"bu","10:47:21",235500
39.3,0.1,100,"bu","10:47:19",235400
39.3,0.1,100,"bu","10:47:00",235300
39.3,0.1,200,"sd","10:46:55",235200
39.3,0.1,300,"sd","10:44:43",235000
39.3,0.1,400,"sd","10:44:11",234700
39.3,0.1,300,"sd","10:43:57",234300
39.3,0.1,200,"sd","10:41:17",234000
39.3,0.1,100,"sd","10:40:19",233800
39.5,0.3,600,"bu","10:40:13",233700
39.3,0.1,800,"sd","10:40:13",233100
39.5,0.3,1200,"bu","10:39:27",232300
39.4,0.2,900,"bu","10:39:27",231100
39.4,0.2,100,"sd","10:39:15",230200
39.4,0.2,1000,"sd","10:39:02",230100
39.45,0.25,1900,"bu","10:39:02",229100
39.45,0.25,100,"sd","10:37:54",227200
39.5,0.3,2000,"sd","10:37:09",227100
39.5,0.3,500,"sd","10:37:08",225100
39.5,0.3,2500,"sd","10:35:56",224600
39.5,0.3,2600,"sd","10:35:44",222100
39.5,0.3,100,"sd","10:35:19",219500
39.5,0.3,500,"sd","10:34:57",219400
39.5,0.3,100,"sd","10:32:49",218900
39.5,0.3,100,"sd","10:32:37",218800
39.6,0.4,1000,"bu","10:31:56",218700
39.5,0.3,600,"bu","10:31:00",217700
39.5,0.3,3700,"bu","10:30:12",217100
39.45,0.25,300,"sd","10:26:27",212100
39.5,0.3,100,"bu","10:26:06",211800
39.5,0.3,500,"bu","10:25:53",211700
39.45,0.25,100,"sd","10:25:09",211200
39.45,0.25,200,"bu","10:25:08",211100
39.4,0.2,1000,"sd","10:23:51",210900
39.4,0.2,100,"sd","10:22:59",209900
39.45,0.25,100,"bu","10:21:55",209800
39.4,0.2,500,"sd","10:21:37",209700
39.4,0.2,800,"sd","10:21:02",209200
39.45,0.25,200,"bu","10:19:58",208400
39.4,0.2,300,"bu","10:19:48",208200
39.4,0.2,500,"bu","10:19:09",207900
39.4,0.2,4000,"bu","10:18:27",207400
39.4,0.2,1000,"bu","10:18:08",203400
39.4,0.2,100,"bu","10:17:45",202400
39.4,0.2,4100,"sd","10:17:35",202300
39.4,0.2,1000,"sd","10:16:46",198200
39.4,0.2,1600,"bu","10:16:27",197200
39.35,0.15,500,"bu","10:16:24",191100
39.35,0.15,100,"bu","10:12:21",190600
39.35,0.15,100,"bu","10:12:08",190500
39.35,0.15,100,"bu","10:11:52",190400
39.35,0.15,4500,"sd","10:11:15",190300
39.4,0.2,600,"sd","10:11:01",185800
39.45,0.25,100,"sd","10:10:53",185200
39.45,0.25,300,"bu","10:10:43",185100
39.45,0.25,1700,"sd","10:10:16",184800
39.45,0.25,3000,"sd","10:10:00",183100
39.45,0.25,100,"sd","10:08:16",180100
39.45,0.25,100,"sd","10:08:05",180000
39.45,0.25,2000,"sd","10:07:08",179900
39.45,0.25,3000,"sd","10:06:29",177900
39.5,0.3,200,"bu","10:06:27",174900
39.5,0.3,1000,"sd","10:05:26",174700
39.5,0.3,1000,"sd","10:03:14",173700
39.55,0.35,1000,"sd","10:03:14",172700
39.55,0.35,1000,"bu","10:03:06",171700
39.55,0.35,100,"bu","10:00:40",170700
39.5,0.3,100,"bu","10:00:32",170600
39.55,0.35,100,"bu","09:59:42",170500
39.5,0.3,300,"sd","09:59:24",170400
39.5,0.3,800,"sd","09:59:22",170100
39.5,0.3,100,"sd","09:59:20",169300
39.5,0.3,2000,"sd","09:59:14",169200
39.55,0.35,200,"bu","09:58:18",167200
39.55,0.35,2000,"bu","09:58:09",167000
39.55,0.35,500,"sd","09:58:05",165000
39.55,0.35,500,"sd","09:57:50",164500
39.6,0.4,200,"bu","09:57:50",164000
39.55,0.35,100,"sd","09:57:48",163800
39.6,0.4,200,"sd","09:57:02",163700
39.65,0.45,1000,"bu","09:57:01",163500
39.6,0.4,1000,"sd","09:56:51",162500
39.6,0.4,1300,"sd","09:56:27",161500
39.7,0.5,100,"bu","09:54:10",160200
39.65,0.45,100,"bu","09:54:05",160100
39.65,0.45,100,"sd","09:53:52",160000
39.65,0.45,300,"bu","09:53:49",159900
39.65,0.45,100,"bu","09:53:37",159600
39.65,0.45,1000,"bu","09:53:24",159500
39.65,0.45,600,"bu","09:53:19",158500
39.65,0.45,1000,"sd","09:53:14",157900
39.7,0.5,3000,"bu","09:53:09",156900
39.7,0.5,100,"bu","09:53:03",153900
39.65,0.45,1000,"bu","09:52:58",153800
39.7,0.5,3000,"bu","09:52:13",152800
39.7,0.5,2000,"bu","09:49:59",149800
39.55,0.35,900,"bu","09:49:32",147800
39.55,0.35,100,"sd","09:49:19",146900
39.55,0.35,100,"sd","09:48:46",146800
39.55,0.35,100,"sd","09:47:53",146700
39.55,0.35,1000,"sd","09:45:36",146600
39.55,0.35,4000,"bu","09:44:26",145600
39.5,0.3,1000,"sd","09:44:21",141600
39.5,0.3,300,"bu","09:44:09",140600
39.5,0.3,2500,"bu","09:44:05",140300
39.5,0.3,1200,"sd","09:43:41",137800
39.5,0.3,200,"sd","09:43:32",136600
39.5,0.3,100,"sd","09:43:24",136400
39.6,0.4,1000,"sd","09:43:16",136300
39.6,0.4,1000,"sd","09:43:04",135300
39.6,0.4,100,"sd","09:43:02",134300
39.6,0.4,1900,"bu","09:42:27",134200
39.5,0.3,200,"sd","09:42:19",132300
39.5,0.3,100,"sd","09:42:10",132100
39.5,0.3,100,"sd","09:41:57",131500
39.5,0.3,1000,"sd","09:41:52",131400
39.5,0.3,1000,"sd","09:41:36",130400
39.5,0.3,200,"sd","09:41:33",129400
39.5,0.3,1000,"sd","09:41:02",129200
39.5,0.3,100,"sd","09:40:45",128200
39.5,0.3,2000,"sd","09:40:04",128100
39.5,0.3,300,"sd","09:37:39",126100
39.5,0.3,500,"sd","09:36:02",125800
39.5,0.3,1000,"sd","09:35:47",125300
39.5,0.3,1000,"sd","09:35:33",124300
39.6,0.4,300,"bu","09:34:42",123300
39.6,0.4,200,"sd","09:32:44",123000
39.6,0.4,800,"bu","09:32:35",122800
39.6,0.4,1200,"bu","09:32:21",122000
39.6,0.4,100,"sd","09:31:10",120800
39.6,0.4,1500,"sd","09:30:59",120700
39.6,0.4,200,"sd","09:30:55",119200
39.6,0.4,1200,"sd","09:30:36",119000
39.7,0.5,1800,"sd","09:30:36",117800
39.7,0.5,1800,"sd","09:30:29",116000
39.7,0.5,300,"sd","09:30:16",114200
39.7,0.5,200,"sd","09:29:41",113900
39.7,0.5,200,"sd","09:29:04",113700
39.7,0.5,200,"sd","09:28:33",113500
39.7,0.5,200,"sd","09:28:26",113300
39.7,0.5,200,"sd","09:28:17",113100
39.7,0.5,1000,"sd","09:28:08",112900
39.9,0.7,500,"bu","09:27:51",111900
39.95,0.75,2000,"bu","09:27:46",111400
39.9,0.7,800,"sd","09:27:45",109400
39.95,0.75,1000,"bu","09:27:35",108600
40,0.8,600,"sd","09:26:56",107600
40.05,0.85,100,"bu","09:26:45",107000
40.05,0.85,1100,"bu","09:26:26",106900
39.95,0.75,1900,"bu","09:26:26",105800
39.95,0.75,3600,"sd","09:26:25",103900
40,0.8,500,"sd","09:26:25",100300
40.1,0.9,100,"bu","09:26:17",99800
40,0.8,200,"bu","09:26:11",99700
39.95,0.75,4500,"sd","09:26:05",99500
40,0.8,1500,"sd","09:26:05",95000
40,0.8,3500,"bu","09:26:03",93500
39.95,0.75,200,"sd","09:26:01",90000
40,0.8,1600,"bu","09:26:00",89800
39.95,0.75,1000,"sd","09:25:45",88200
39.95,0.75,800,"sd","09:25:26",87200
40,0.8,1200,"sd","09:25:26",86400
40.05,0.85,2300,"sd","09:25:26",85200
40.05,0.85,800,"bu","09:25:19",82900
40,0.8,100,"sd","09:25:12",82100
40,0.8,100,"sd","09:25:05",82000
40,0.8,1100,"sd","09:25:03",81900
40,0.8,11500,"bu","09:24:59",80800
39.95,0.75,1700,"bu","09:24:58",69300
39.95,0.75,300,"sd","09:24:55",67600
39.95,0.75,700,"sd","09:24:50",67300
39.95,0.75,100,"bu","09:24:48",66600
39.95,0.75,1000,"bu","09:24:41",66500
39.95,0.75,100,"bu","09:24:38",65500
39.95,0.75,400,"bu","09:24:33",65400
39.9,0.7,700,"bu","09:24:31",65000
39.9,0.7,600,"bu","09:24:27",64300
39.9,0.7,100,"bu","09:24:26",63700
39.9,0.7,2700,"sd","09:24:24",63600
39.95,0.75,100,"bu","09:24:23",60900
39.95,0.75,200,"bu","09:24:20",60800
39.95,0.75,800,"bu","09:24:15",60600
39.9,0.7,2000,"sd","09:24:14",59800
39.95,0.75,100,"bu","09:24:12",57800
39.95,0.75,200,"bu","09:24:07",57700
39.95,0.75,100,"bu","09:24:03",57500
39.9,0.7,400,"sd","09:24:02",57400
39.9,0.7,2000,"sd","09:23:58",57000
39.9,0.7,2300,"bu","09:23:57",55000
39.8,0.6,300,"bu","09:23:57",52700
39.75,0.55,300,"bu","09:23:57",52400
39.7,0.5,200,"bu","09:23:56",52100
39.7,0.5,300,"bu","09:23:54",51900
39.7,0.5,100,"bu","09:23:51",51600
39.7,0.5,100,"bu","09:23:46",51500
39.7,0.5,1800,"bu","09:23:45",51400
39.6,0.4,200,"bu","09:23:45",49600
39.5,0.3,100,"sd","09:23:42",49400
39.6,0.4,100,"sd","09:23:42",49300
39.6,0.4,2200,"bu","09:23:38",49200
39.5,0.3,100,"sd","09:23:38",47000
39.6,0.4,100,"bu","09:23:38",46900
39.5,0.3,700,"bu","09:23:28",46800
39.5,0.3,1000,"bu","09:23:19",46100
39.45,0.25,1200,"bu","09:23:10",45100
39.5,0.3,1400,"bu","09:22:59",43900
39.45,0.25,3600,"bu","09:22:59",42500
39.45,0.25,400,"sd","09:22:42",38900
39.45,0.25,2000,"sd","09:22:36",38500
39.5,0.3,100,"bu","09:22:26",36500
39.45,0.25,500,"bu","09:22:21",36400
39.45,0.25,3100,"bu","09:22:20",35900
39.45,0.25,100,"bu","09:22:02",32800
39.4,0.2,100,"sd","09:21:54",32700
39.45,0.25,100,"bu","09:21:53",32600
39.4,0.2,300,"sd","09:21:43",32500
39.45,0.25,100,"bu","09:21:33",32200
39.45,0.25,100,"bu","09:21:30",32100
39.45,0.25,100,"bu","09:21:20",32000
39.4,0.2,500,"bu","09:21:13",31900
39.4,0.2,100,"bu","09:20:58",31400
39.4,0.2,1000,"bu","09:20:25",31300
39.4,0.2,1200,"bu","09:20:13",30300
39.35,0.15,600,"bu","09:19:59",29100
39.35,0.15,1000,"bu","09:19:57",28500
39.35,0.15,300,"bu","09:19:55",27500
39.35,0.15,200,"bu","09:19:43",27200
39.3,0.1,7300,"bu","09:19:36",27000
39.2,0,100,"bu","09:19:36",19700
39.3,0.1,800,"bu","09:18:36",19600
39.3,0.1,100,"bu","09:17:39",18800
39.2,0,100,"sd","09:17:36",18700
39.2,0,1000,"sd","09:17:05",18600
39.3,0.1,100,"sd","09:16:38",17600
39.45,0.25,100,"bu","09:16:24",17500
39.3,0.1,900,"bu","09:16:18",17400
39.3,0.1,100,"bu","09:15:58",16500
39.2,0,100,"sd","09:15:15",16400
39.2,0,16300,"","09:15:02",16300
