"price","change","match_qtty","side","time","total_vol"
90.7,-0.5,163200,"","14:46:09",1659500
90.7,-0.5,5000,"bu","14:31:46",1496300
90.6,-0.6,2800,"sd","14:31:46",1491300
90.6,-0.6,2200,"sd","14:31:45",1488500
90.7,-0.5,7300,"sd","14:31:45",1486300
90.6,-0.6,600,"sd","14:31:45",1479000
90.7,-0.5,2300,"sd","14:31:45",1478400
90.7,-0.5,10600,"bu","14:31:43",1476100
90.6,-0.6,3600,"sd","14:31:43",1465500
90.6,-0.6,1900,"sd","14:31:42",1461900
90.4,-0.8,100,"sd","14:31:42",1460000
90.3,-0.9,100,"sd","14:31:42",1459900
90.4,-0.8,500,"sd","14:31:42",1459800
90.5,-0.7,100,"sd","14:31:42",1459300
90.4,-0.8,200,"sd","14:31:42",1459200
90.5,-0.7,1800,"bu","14:31:42",1459000
90.5,-0.7,1000,"bu","14:31:41",1457200
90.4,-0.8,500,"sd","14:31:41",1456200
90.5,-0.7,5400,"bu","14:31:41",1455700
90.7,-0.5,100,"bu","14:31:41",1450300
90.5,-0.7,1400,"bu","14:31:41",1450200
90.6,-0.6,1000,"sd","14:31:41",1448800
90.6,-0.6,1800,"sd","14:31:40",1447800
90.5,-0.7,5000,"bu","14:31:40",1446000
90.6,-0.6,400,"bu","14:31:40",1441000
90.5,-0.7,2200,"bu","14:31:40",1440600
90.4,-0.8,800,"sd","14:31:40",1438400
90.2,-1,5200,"sd","14:31:39",1437600
90.2,-1,600,"sd","14:31:39",1432400
90.3,-0.9,1500,"sd","14:31:39",1431800
90.5,-0.7,1000,"bu","14:31:39",1430300
90.5,-0.7,400,"bu","14:31:38",1429300
90.4,-0.8,600,"bu","14:31:38",1428900
90.2,-1,4000,"sd","14:30:52",1428300
90.2,-1,8100,"sd","14:29:58",1424300
90.2,-1,1000,"sd","14:29:25",1416200
90.2,-1,1000,"sd","14:29:24",1415200
90.2,-1,1800,"sd","14:29:22",1414200
90.2,-1,3200,"bu","14:29:10",1412400
90.2,-1,100,"bu","14:29:04",1409200
90.2,-1,5000,"bu","14:28:46",1409100
90.2,-1,100,"bu","14:28:42",1404100
90.2,-1,200,"bu","14:28:36",1404000
90.2,-1,500,"bu","14:28:29",1403800
90.2,-1,100,"bu","14:27:46",1403300
90.2,-1,1100,"sd","14:27:34",1403200
90.4,-0.8,100,"bu","14:27:28",1402100
90.2,-1,6000,"sd","14:27:15",1402000
90.1,-1.1,600,"sd","14:26:43",1396000
90.3,-0.9,100,"sd","14:26:43",1395400
90.5,-0.7,100,"bu","14:26:07",1395300
90.1,-1.1,1700,"sd","14:26:06",1395200
90.1,-1.1,1300,"sd","14:26:03",1393500
90.2,-1,52300,"sd","14:26:03",1392200
90.3,-0.9,34200,"sd","14:26:03",1339900
90.5,-0.7,900,"sd","14:26:03",1291400
90.1,-1.1,12400,"sd","14:25:59",1290500
90.5,-0.7,700,"sd","14:25:58",1278100
90.5,-0.7,100,"sd","14:25:57",1277400
90.5,-0.7,900,"sd","14:25:30",1277300
90.6,-0.6,100,"sd","14:25:30",1276400
90.7,-0.5,100,"bu","14:25:18",1276300
90.5,-0.7,900,"bu","14:24:46",1276200
90.5,-0.7,100,"bu","14:24:21",1275300
90.4,-0.8,1000,"sd","14:24:10",1275200
90.4,-0.8,700,"sd","14:22:55",1274200
90.4,-0.8,700,"sd","14:22:32",1273500
90.4,-0.8,700,"sd","14:22:11",1272800
90.4,-0.8,500,"sd","14:21:44",1272100
90.5,-0.7,200,"sd","14:21:44",1271600
90.3,-0.9,100,"sd","14:21:30",1271400
90.4,-0.8,600,"sd","14:21:30",1271300
90.8,-0.4,100,"bu","14:20:53",1270700
90.6,-0.6,100,"bu","14:20:53",1270600
90.4,-0.8,200,"sd","14:20:53",1270500
90.5,-0.7,500,"sd","14:20:53",1270300
90.4,-0.8,700,"sd","14:20:46",1269800
90.4,-0.8,18900,"sd","14:20:42",1269100
90.5,-0.7,1600,"sd","14:20:42",1250200
90.5,-0.7,5500,"sd","14:20:41",1248600
90.5,-0.7,700,"sd","14:20:40",1243100
90.5,-0.7,400,"sd","14:20:35",1242400
90.6,-0.6,300,"sd","14:20:35",1242000
90.6,-0.6,600,"sd","14:20:31",1241700
90.7,-0.5,100,"sd","14:20:31",1241100
90.6,-0.6,700,"sd","14:20:27",1241000
90.6,-0.6,400,"sd","14:20:19",1240300
90.7,-0.5,300,"sd","14:20:19",1239900
90.7,-0.5,5000,"sd","14:20:07",1239600
90.9,-0.3,500,"bu","14:20:03",1234600
90.9,-0.3,100,"bu","14:19:50",1234100
90.7,-0.5,500,"sd","14:19:41",1234000
90.7,-0.5,100,"sd","14:19:39",1233500
90.7,-0.5,5000,"sd","14:19:29",1233400
90.7,-0.5,1000,"bu","14:18:47",1228400
90.7,-0.5,4200,"sd","14:18:40",1227400
90.7,-0.5,3800,"bu","14:18:34",1223200
90.7,-0.5,2700,"sd","14:18:10",1219400
90.7,-0.5,100,"sd","14:18:07",1216700
90.7,-0.5,2400,"bu","14:17:38",1216600
90.7,-0.5,300,"bu","14:17:15",1214200
90.7,-0.5,100,"bu","14:17:10",1213900
90.7,-0.5,1800,"bu","14:16:53",1213800
90.7,-0.5,100,"bu","14:16:47",1212000
90.5,-0.7,1300,"bu","14:16:15",1211900
90.5,-0.7,100,"bu","14:16:14",1210600
90.5,-0.7,100,"bu","14:16:03",1210500
90.5,-0.7,18100,"sd","14:16:02",1210400
90.6,-0.6,10400,"sd","14:16:02",1192300
90.6,-0.6,3000,"sd","14:15:47",1181900
90.7,-0.5,100,"bu","14:15:05",1178900
90.7,-0.5,4200,"sd","14:14:50",1178800
90.7,-0.5,400,"sd","14:14:09",1174600
90.7,-0.5,700,"sd","14:14:04",1174200
90.8,-0.4,100,"bu","14:13:48",1173500
90.7,-0.5,100,"sd","14:13:31",1173400
90.7,-0.5,100,"bu","14:12:45",1173300
90.7,-0.5,300,"sd","14:11:53",1173200
90.7,-0.5,2000,"sd","14:11:46",1172900
90.8,-0.4,1300,"sd","14:11:38",1170900
90.8,-0.4,3000,"sd","14:11:38",1169600
90.8,-0.4,700,"sd","14:11:32",1166600
90.9,-0.3,14800,"sd","14:11:29",1165900
90.9,-0.3,700,"sd","14:11:25",1151100
90.9,-0.3,6000,"sd","14:11:22",1150400
90.9,-0.3,700,"sd","14:11:21",1144400
90.9,-0.3,700,"sd","14:11:17",1143700
90.9,-0.3,3000,"sd","14:11:13",1143000
90.9,-0.3,700,"sd","14:11:12",1140000
90.9,-0.3,700,"sd","14:11:07",1139300
90.9,-0.3,700,"sd","14:11:01",1138600
90.9,-0.3,700,"sd","14:10:56",1137900
91,-0.2,100,"bu","14:10:38",1137200
90.9,-0.3,1000,"sd","14:10:15",1137100
91,-0.2,100,"bu","14:09:34",1136100
91,-0.2,200,"bu","14:08:48",1136000
91,-0.2,100,"bu","14:08:28",1135800
91,-0.2,100,"bu","14:07:52",1135700
91,-0.2,2400,"sd","14:07:35",1135600
91,-0.2,5000,"sd","14:07:24",1133200
91,-0.2,200,"sd","14:07:00",1128200
91,-0.2,2000,"sd","14:06:27",1128000
91,-0.2,100,"bu","14:04:54",1126000
91,-0.2,100,"bu","14:04:31",1125900
91,-0.2,100,"sd","14:03:43",1125800
91,-0.2,300,"bu","14:03:02",1125700
91,-0.2,1000,"bu","14:02:50",1125400
91,-0.2,2000,"bu","14:02:40",1124400
91,-0.2,3500,"bu","14:02:38",1122400
91,-0.2,200,"bu","14:02:36",1118900
91,-0.2,600,"bu","14:02:31",1113700
91,-0.2,200,"bu","14:02:03",1113100
90.9,-0.3,8000,"bu","14:01:47",1112900
90.9,-0.3,100,"bu","14:01:25",1104900
90.9,-0.3,700,"bu","14:01:09",1104800
90.8,-0.4,7300,"bu","14:00:54",1104100
90.8,-0.4,200,"bu","14:00:45",1096800
90.8,-0.4,300,"bu","14:00:37",1096600
90.8,-0.4,100,"bu","14:00:30",1096300
90.8,-0.4,100,"bu","14:00:25",1096200
90.8,-0.4,400,"bu","14:00:24",1096100
90.8,-0.4,100,"bu","14:00:17",1095700
90.8,-0.4,100,"bu","14:00:16",1095600
90.7,-0.5,200,"sd","14:00:16",1095500
90.7,-0.5,400,"sd","14:00:03",1095300
90.7,-0.5,100,"sd","13:59:37",1094900
90.7,-0.5,3000,"sd","13:59:36",1094800
90.8,-0.4,1500,"bu","13:59:21",1091800
90.8,-0.4,500,"bu","13:59:15",1090300
90.8,-0.4,6000,"bu","13:59:14",1089800
90.8,-0.4,1300,"bu","13:59:14",1083800
90.8,-0.4,100,"bu","13:57:04",1082500
90.8,-0.4,500,"bu","13:56:55",1082400
90.8,-0.4,1000,"bu","13:56:18",1081900
90.8,-0.4,200,"bu","13:56:13",1080900
90.8,-0.4,100,"bu","13:55:16",1080700
90.6,-0.6,300,"sd","13:55:10",1080600
90.6,-0.6,100,"sd","13:53:39",1080300
90.7,-0.5,500,"sd","13:53:08",1080200
90.8,-0.4,11300,"sd","13:53:07",1079700
90.9,-0.3,2500,"bu","13:52:51",1068400
90.8,-0.4,100,"sd","13:52:45",1065900
90.9,-0.3,2500,"bu","13:50:04",1065800
90.9,-0.3,5300,"bu","13:49:45",1063300
90.9,-0.3,100,"bu","13:49:06",1058000
90.9,-0.3,100,"bu","13:48:22",1057900
90.8,-0.4,100,"sd","13:47:55",1057800
90.8,-0.4,1000,"sd","13:47:22",1057700
90.9,-0.3,5000,"bu","13:47:14",1056700
90.9,-0.3,100,"bu","13:46:46",1051700
90.9,-0.3,300,"bu","13:46:22",1051600
90.9,-0.3,100,"bu","13:46:02",1051300
90.8,-0.4,700,"sd","13:45:02",1051200
90.9,-0.3,400,"bu","13:44:48",1050500
90.9,-0.3,500,"bu","13:44:24",1050100
90.9,-0.3,300,"bu","13:43:18",1049600
90.9,-0.3,100,"bu","13:43:16",1049300
90.9,-0.3,100,"bu","13:43:02",1049200
90.9,-0.3,100,"bu","13:42:59",1049100
90.9,-0.3,2000,"bu","13:42:56",1049000
90.8,-0.4,2700,"bu","13:42:56",1047000
90.8,-0.4,500,"bu","13:42:55",1044300
90.8,-0.4,1100,"bu","13:42:54",1043800
90.7,-0.5,20400,"bu","13:42:54",1042700
90.6,-0.6,100,"sd","13:42:54",1022300
90.6,-0.6,100,"sd","13:42:01",1022200
90.7,-0.5,100,"bu","13:42:00",1022100
90.7,-0.5,100,"bu","13:41:59",1022000
90.6,-0.6,100,"sd","13:41:23",1021900
90.7,-0.5,1000,"bu","13:40:51",1021800
90.7,-0.5,100,"bu","13:39:30",1020800
90.6,-0.6,600,"bu","13:33:44",1020700
90.6,-0.6,100,"bu","13:33:18",1020100
90.6,-0.6,500,"bu","13:33:14",1019000
90.6,-0.6,500,"bu","13:32:51",1018500
90.6,-0.6,100,"bu","13:32:23",1018000
90.6,-0.6,1000,"bu","13:32:20",1017900
90.6,-0.6,200,"bu","13:32:19",1016900
90.5,-0.7,5000,"sd","13:30:55",1016700
90.6,-0.6,100,"bu","13:30:55",1011700
90.5,-0.7,6500,"bu","13:30:20",1011600
90.5,-0.7,100,"bu","13:30:14",1005100
90.5,-0.7,500,"bu","13:30:14",1005000
90.5,-0.7,100,"bu","13:30:09",1004500
90.5,-0.7,5100,"bu","13:30:02",1004400
90.5,-0.7,200,"bu","13:30:01",999300
90.5,-0.7,1000,"bu","13:29:25",999100
90.5,-0.7,5000,"bu","13:29:03",998100
90.5,-0.7,100,"bu","13:28:44",993100
90.5,-0.7,300,"bu","13:28:40",993000
90.5,-0.7,300,"bu","13:28:25",992700
90.5,-0.7,500,"bu","13:28:24",992400
90.5,-0.7,100,"bu","13:28:11",991900
90.5,-0.7,2000,"bu","13:28:05",991800
90.5,-0.7,500,"bu","13:28:03",989800
90.5,-0.7,100,"bu","13:27:38",989300
90.4,-0.8,5000,"sd","13:27:11",989200
90.5,-0.7,500,"bu","13:26:38",984200
90.5,-0.7,700,"bu","13:26:00",983700
90.5,-0.7,100,"bu","13:25:59",983000
90.5,-0.7,600,"sd","13:25:00",982900
90.5,-0.7,6000,"bu","13:24:53",982300
90.5,-0.7,200,"bu","13:24:46",976300
90.5,-0.7,3900,"sd","13:24:43",976100
90.5,-0.7,1000,"sd","13:24:36",972200
90.6,-0.6,1100,"bu","13:24:31",971200
90.6,-0.6,200,"bu","13:24:20",970100
90.6,-0.6,600,"bu","13:23:57",969900
90.6,-0.6,500,"bu","13:23:50",969300
90.5,-0.7,4800,"bu","13:23:36",968800
90.5,-0.7,100,"bu","13:23:10",964000
90.5,-0.7,15200,"sd","13:23:07",963900
90.6,-0.6,1000,"bu","13:23:05",948700
90.6,-0.6,2100,"bu","13:22:38",947700
90.6,-0.6,100,"bu","13:22:03",945600
90.6,-0.6,200,"bu","13:22:01",945500
90.6,-0.6,200,"bu","13:22:00",945300
90.6,-0.6,100,"bu","13:21:51",945100
90.5,-0.7,400,"sd","13:21:46",945000
90.6,-0.6,100,"bu","13:21:35",944600
90.6,-0.6,100,"bu","13:21:28",944500
90.6,-0.6,100,"bu","13:21:00",944400
90.6,-0.6,100,"bu","13:20:58",944300
90.6,-0.6,100,"bu","13:20:51",944200
90.6,-0.6,400,"sd","13:20:31",944100
90.7,-0.5,100,"bu","13:20:07",943700
90.5,-0.7,400,"sd","13:20:07",943600
90.6,-0.6,500,"sd","13:20:05",943100
90.6,-0.6,1100,"sd","13:19:59",942600
90.6,-0.6,100,"sd","13:19:40",941500
90.7,-0.5,100,"bu","13:18:37",941400
90.6,-0.6,600,"bu","13:17:59",941300
90.6,-0.6,100,"bu","13:17:52",940700
90.6,-0.6,8000,"bu","13:16:50",940600
90.5,-0.7,2100,"bu","13:16:35",932600
90.5,-0.7,100,"bu","13:16:19",930500
90.5,-0.7,500,"bu","13:16:17",930400
90.5,-0.7,100,"bu","13:16:13",929900
90.5,-0.7,100,"bu","13:16:03",929800
90.5,-0.7,3100,"sd","13:15:55",929700
90.6,-0.6,100,"bu","13:15:33",926600
90.5,-0.7,100,"sd","13:15:30",926500
90.6,-0.6,7500,"sd","13:15:26",926400
90.7,-0.5,100,"bu","13:15:18",918900
90.7,-0.5,1400,"bu","13:14:32",918800
90.7,-0.5,100,"bu","13:14:22",917400
90.6,-0.6,200,"sd","13:14:22",917300
90.7,-0.5,700,"sd","13:13:29",917100
90.7,-0.5,1000,"sd","13:13:27",916400
90.7,-0.5,100,"bu","13:12:30",915400
90.7,-0.5,11000,"bu","13:12:29",915300
90.6,-0.6,25400,"bu","13:12:29",904300
90.5,-0.7,500,"bu","13:12:29",878900
90.5,-0.7,2500,"bu","13:12:29",878400
90.5,-0.7,100,"bu","13:12:28",875900
90.5,-0.7,100,"bu","13:11:24",875800
90.4,-0.8,1900,"bu","13:08:29",875700
90.4,-0.8,100,"sd","13:08:07",873800
90.4,-0.8,100,"bu","13:07:47",873700
90.3,-0.9,3600,"bu","13:06:59",873600
90.3,-0.9,500,"bu","13:06:57",870000
90.3,-0.9,400,"bu","13:06:47",869500
90.3,-0.9,100,"bu","13:06:45",869100
90.3,-0.9,500,"bu","13:06:34",869000
90.3,-0.9,500,"bu","13:06:17",868500
90.3,-0.9,100,"bu","13:06:08",868000
90.2,-1,100,"sd","13:05:13",867900
90.2,-1,100,"sd","13:05:11",867800
90.2,-1,200,"sd","13:04:56",867700
90.3,-0.9,500,"bu","13:04:56",867500
90.3,-0.9,1800,"sd","13:04:46",867000
90.3,-0.9,2200,"sd","13:04:39",865200
90.3,-0.9,1000,"sd","13:04:35",863000
90.3,-0.9,5000,"sd","13:04:30",862000
90.3,-0.9,4300,"sd","13:04:02",857000
90.3,-0.9,4900,"sd","13:03:33",852700
90.4,-0.8,100,"sd","13:03:33",847800
90.3,-0.9,900,"sd","13:03:33",847700
90.4,-0.8,400,"bu","13:03:32",846800
90.3,-0.9,4400,"bu","13:03:32",846400
90.2,-1,100,"sd","13:03:27",842000
90.2,-1,200,"bu","13:03:09",841900
90.2,-1,300,"bu","13:03:07",841700
90.2,-1,2100,"sd","13:01:44",841400
90.3,-0.9,600,"bu","13:01:44",839300
90.5,-0.7,1500,"sd","13:01:44",838700
90.4,-0.8,3200,"sd","13:01:44",837200
90.5,-0.7,100,"sd","13:01:44",834000
90.7,-0.5,100,"bu","13:01:44",833900
90.5,-0.7,300,"sd","13:01:41",833800
90.1,-1.1,3700,"sd","13:01:30",833500
90.2,-1,31000,"sd","13:01:30",829800
90.2,-1,11600,"sd","13:01:29",798800
90.3,-0.9,15600,"sd","13:01:29",787200
90.4,-0.8,21100,"sd","13:01:29",771600
90.7,-0.5,100,"bu","13:01:29",750500
90.4,-0.8,8300,"sd","13:01:29",750400
90.5,-0.7,11700,"sd","13:01:29",742100
90.6,-0.6,100,"sd","13:01:28",730400
90.7,-0.5,100,"bu","13:01:25",730300
90.7,-0.5,200,"bu","13:01:24",730200
90.6,-0.6,500,"sd","13:01:22",730000
90.6,-0.6,9400,"bu","13:00:44",729500
90.5,-0.7,700,"bu","13:00:44",720100
90.5,-0.7,500,"bu","13:00:43",719400
90.5,-0.7,300,"bu","13:00:28",718900
90.5,-0.7,100,"bu","13:00:03",718600
90.4,-0.8,100,"sd","13:00:03",718500
90.5,-0.7,100,"bu","13:00:02",718400
90.4,-0.8,6000,"sd","13:00:01",718300
90.5,-0.7,700,"bu","13:00:01",712300
90.5,-0.7,100,"bu","11:29:57",711600
90.5,-0.7,1000,"bu","11:29:31",711500
90.4,-0.8,1000,"sd","11:29:07",710500
90.4,-0.8,1000,"sd","11:28:28",709500
90.5,-0.7,300,"bu","11:27:23",708500
90.4,-0.8,1000,"sd","11:26:58",708200
90.5,-0.7,100,"bu","11:26:52",707200
90.5,-0.7,100,"bu","11:26:13",707100
90.5,-0.7,5300,"sd","11:26:12",707000
90.6,-0.6,300,"bu","11:25:35",701700
90.6,-0.6,100,"bu","11:23:47",701400
90.6,-0.6,100,"bu","11:22:41",701300
90.5,-0.7,800,"sd","11:22:21",701200
90.5,-0.7,2200,"sd","11:21:31",700400
90.6,-0.6,1000,"bu","11:21:14",698200
90.6,-0.6,100,"bu","11:20:44",697200
90.6,-0.6,100,"bu","11:20:43",697100
90.6,-0.6,4100,"bu","11:20:17",697000
90.6,-0.6,100,"bu","11:20:05",692900
90.5,-0.7,500,"sd","11:19:37",692800
90.5,-0.7,400,"sd","11:19:01",692300
90.5,-0.7,15000,"sd","11:18:56",691900
90.6,-0.6,100,"bu","11:18:21",676900
90.6,-0.6,100,"bu","11:17:39",676800
90.5,-0.7,2000,"sd","11:17:37",676700
90.5,-0.7,900,"bu","11:16:12",674200
90.5,-0.7,4100,"sd","11:15:57",673300
90.5,-0.7,100,"sd","11:15:40",669200
90.6,-0.6,200,"bu","11:14:56",669100
90.6,-0.6,1200,"bu","11:14:51",668900
90.6,-0.6,2000,"bu","11:14:50",667700
90.6,-0.6,100,"bu","11:14:35",665700
90.6,-0.6,500,"bu","11:14:16",665600
90.6,-0.6,1000,"bu","11:14:05",665100
90.5,-0.7,1000,"sd","11:13:53",664100
90.5,-0.7,200,"sd","11:13:26",663100
90.6,-0.6,100,"bu","11:13:14",662900
90.6,-0.6,1000,"bu","11:12:58",662800
90.5,-0.7,1500,"sd","11:12:44",661800
90.6,-0.6,4100,"bu","11:12:44",660300
90.6,-0.6,100,"bu","11:12:42",656200
90.5,-0.7,9000,"sd","11:10:56",656100
90.5,-0.7,1000,"sd","11:10:04",647100
90.5,-0.7,300,"bu","11:10:02",646100
90.5,-0.7,2000,"bu","11:09:58",645800
90.5,-0.7,100,"bu","11:09:55",643800
90.5,-0.7,100,"bu","11:09:52",643700
90.5,-0.7,100,"bu","11:09:36",643600
90.5,-0.7,31400,"bu","11:09:28",643500
90.5,-0.7,100,"bu","11:09:26",612100
90.5,-0.7,500,"bu","11:08:55",612000
90.5,-0.7,100,"bu","11:08:31",611500
90.4,-0.8,400,"sd","11:08:31",611400
90.5,-0.7,100,"bu","11:08:30",611000
90.4,-0.8,600,"bu","11:08:30",610900
90.4,-0.8,1500,"bu","11:08:28",610300
90.4,-0.8,100,"bu","11:08:26",608800
90.4,-0.8,200,"bu","11:08:25",608700
90.4,-0.8,200,"bu","11:08:12",608500
90.4,-0.8,1000,"bu","11:08:06",608300
90.4,-0.8,100,"bu","11:06:35",607300
90.4,-0.8,3000,"bu","11:06:32",607200
90.4,-0.8,100,"bu","11:06:20",604200
90.4,-0.8,100,"bu","11:06:19",604100
90.4,-0.8,100,"bu","11:06:10",604000
90.4,-0.8,100,"bu","11:06:06",603900
90.4,-0.8,1000,"bu","11:06:01",603800
90.4,-0.8,100,"bu","11:05:56",602800
90.4,-0.8,1000,"bu","11:05:54",602700
90.4,-0.8,200,"bu","11:05:44",601700
90.4,-0.8,2000,"bu","11:05:39",601500
90.4,-0.8,100,"bu","11:05:21",599500
90.2,-1,2200,"sd","11:04:32",599400
90.2,-1,1800,"sd","11:04:31",597200
90.3,-0.9,8200,"sd","11:04:31",595400
90.4,-0.8,21900,"sd","11:04:31",587200
90.5,-0.7,100,"bu","11:04:22",565300
90.5,-0.7,2000,"bu","11:03:37",565200
90.5,-0.7,100,"bu","11:03:22",563200
90.5,-0.7,36700,"sd","11:03:03",563100
90.6,-0.6,20600,"sd","11:03:02",520100
90.7,-0.5,100,"bu","11:02:23",499500
90.7,-0.5,100,"bu","11:02:17",499400
90.7,-0.5,100,"bu","11:01:05",499300
90.7,-0.5,100,"bu","11:00:45",499200
90.7,-0.5,2000,"bu","11:00:17",499100
90.7,-0.5,3000,"sd","11:00:16",497100
90.7,-0.5,3300,"sd","11:00:06",494100
90.7,-0.5,2000,"sd","10:59:57",490800
90.7,-0.5,1800,"sd","10:59:21",488800
90.8,-0.4,100,"bu","10:59:13",487000
90.8,-0.4,200,"bu","10:58:52",486900
90.8,-0.4,500,"bu","10:57:36",486700
90.8,-0.4,2300,"bu","10:57:34",486200
90.7,-0.5,2000,"sd","10:57:20",483900
90.8,-0.4,200,"bu","10:56:44",481900
90.8,-0.4,100,"bu","10:56:08",481700
90.7,-0.5,300,"sd","10:55:56",481600
90.7,-0.5,2000,"sd","10:55:05",481300
90.7,-0.5,500,"sd","10:53:17",479300
90.8,-0.4,100,"bu","10:53:04",478800
90.7,-0.5,1000,"sd","10:52:52",478700
90.8,-0.4,100,"bu","10:52:06",477700
90.8,-0.4,500,"bu","10:51:56",477600
90.8,-0.4,500,"bu","10:51:37",477100
90.8,-0.4,500,"bu","10:50:53",476600
90.8,-0.4,500,"bu","10:50:03",476100
90.8,-0.4,4100,"bu","10:50:02",475600
90.8,-0.4,100,"bu","10:49:59",471500
90.7,-0.5,300,"sd","10:49:56",471400
90.8,-0.4,100,"bu","10:49:35",471100
90.8,-0.4,500,"bu","10:49:18",471000
90.7,-0.5,4500,"sd","10:48:55",470500
90.8,-0.4,100,"bu","10:48:38",466000
90.8,-0.4,100,"bu","10:48:10",465900
90.8,-0.4,100,"bu","10:48:00",465800
90.8,-0.4,7300,"sd","10:47:17",465700
91,-0.2,100,"bu","10:46:55",458400
90.8,-0.4,100,"sd","10:45:42",458300
90.8,-0.4,1000,"sd","10:45:01",458200
90.8,-0.4,6900,"bu","10:44:58",457200
90.8,-0.4,100,"bu","10:44:50",450300
90.7,-0.5,2500,"sd","10:44:46",450200
90.8,-0.4,100,"bu","10:44:03",447700
90.8,-0.4,100,"bu","10:43:53",447600
90.7,-0.5,1500,"sd","10:41:54",447500
90.8,-0.4,500,"bu","10:41:53",446000
90.7,-0.5,400,"sd","10:41:45",445500
90.8,-0.4,100,"bu","10:40:51",445100
90.7,-0.5,16100,"sd","10:39:40",445000
90.7,-0.5,10000,"sd","10:39:32",428900
90.8,-0.4,200,"bu","10:39:13",418900
90.8,-0.4,1000,"bu","10:38:23",418700
90.8,-0.4,100,"bu","10:37:52",417700
90.8,-0.4,100,"bu","10:37:43",417600
90.8,-0.4,100,"bu","10:37:23",417500
90.8,-0.4,200,"sd","10:37:09",417400
90.8,-0.4,100,"sd","10:36:46",417200
90.8,-0.4,2000,"sd","10:36:43",417100
90.8,-0.4,4400,"sd","10:35:46",415100
90.9,-0.3,100,"bu","10:34:38",409700
90.9,-0.3,2000,"bu","10:34:17",409600
90.8,-0.4,1000,"bu","10:34:05",407600
90.8,-0.4,1000,"bu","10:33:52",406600
90.7,-0.5,900,"sd","10:33:39",405600
90.8,-0.4,5800,"bu","10:33:37",404700
90.8,-0.4,200,"bu","10:33:03",398900
90.8,-0.4,100,"bu","10:32:23",398700
90.8,-0.4,100,"bu","10:31:33",398600
90.8,-0.4,100,"bu","10:30:04",398500
90.8,-0.4,2600,"sd","10:30:01",398400
90.8,-0.4,14700,"sd","10:29:54",395800
90.8,-0.4,100,"sd","10:28:52",381100
90.9,-0.3,100,"bu","10:28:29",381000
90.8,-0.4,7800,"bu","10:26:26",380900
90.8,-0.4,200,"sd","10:26:15",373100
90.8,-0.4,1800,"bu","10:25:54",372900
90.8,-0.4,800,"bu","10:25:44",371100
90.8,-0.4,100,"bu","10:25:37",370300
90.8,-0.4,100,"bu","10:25:33",370200
90.8,-0.4,100,"bu","10:25:24",370100
90.8,-0.4,100,"bu","10:25:08",370000
90.8,-0.4,2300,"sd","10:24:49",369900
90.9,-0.3,100,"bu","10:22:20",367600
90.8,-0.4,9000,"bu","10:22:08",367500
90.8,-0.4,100,"bu","10:21:07",358500
90.7,-0.5,5400,"sd","10:21:04",358400
90.8,-0.4,1300,"sd","10:21:02",353000
90.8,-0.4,700,"bu","10:20:30",351700
90.8,-0.4,100,"bu","10:20:06",351000
90.8,-0.4,2000,"bu","10:20:03",350900
90.8,-0.4,1000,"bu","10:19:57",348900
90.8,-0.4,100,"bu","10:19:46",347900
90.8,-0.4,1000,"bu","10:19:33",347800
90.8,-0.4,100,"bu","10:19:16",346800
90.8,-0.4,1000,"bu","10:19:16",346700
90.8,-0.4,200,"bu","10:19:05",345700
90.8,-0.4,500,"bu","10:18:55",345500
90.8,-0.4,100,"bu","10:18:52",345000
90.8,-0.4,200,"bu","10:18:27",344900
90.8,-0.4,3000,"sd","10:18:26",344700
90.9,-0.3,6800,"bu","10:17:31",341700
90.8,-0.4,4900,"bu","10:17:31",334900
90.7,-0.5,300,"bu","10:17:31",330000
90.7,-0.5,100,"bu","10:17:30",329700
90.7,-0.5,1200,"bu","10:17:29",329600
90.7,-0.5,200,"bu","10:17:22",328400
90.7,-0.5,300,"bu","10:17:20",328200
90.7,-0.5,100,"bu","10:16:51",327900
90.7,-0.5,3100,"sd","10:16:47",327800
90.8,-0.4,100,"sd","10:16:18",324700
90.9,-0.3,100,"bu","10:16:11",324600
90.9,-0.3,800,"bu","10:15:23",324500
90.8,-0.4,100,"sd","10:14:39",323700
90.8,-0.4,100,"sd","10:14:17",323600
90.7,-0.5,21900,"sd","10:14:05",323500
90.8,-0.4,13100,"sd","10:14:05",301600
90.9,-0.3,100,"bu","10:13:07",288500
90.9,-0.3,600,"sd","10:13:05",288400
90.9,-0.3,2700,"sd","10:12:48",287800
90.9,-0.3,1000,"sd","10:12:41",285100
91,-0.2,100,"bu","10:10:02",284100
90.9,-0.3,500,"bu","10:09:35",284000
90.8,-0.4,100,"sd","10:09:29",283500
90.8,-0.4,100,"sd","10:09:15",283400
90.9,-0.3,100,"bu","10:09:11",283300
90.9,-0.3,100,"bu","10:09:02",283200
90.9,-0.3,500,"bu","10:08:51",283100
90.9,-0.3,200,"bu","10:08:45",282600
90.9,-0.3,200,"bu","10:08:45",282400
90.9,-0.3,100,"bu","10:07:04",282200
90.9,-0.3,100,"bu","10:06:58",282100
90.8,-0.4,5400,"sd","10:05:19",282000
90.9,-0.3,100,"bu","10:04:48",276600
90.9,-0.3,2200,"bu","10:04:29",276500
90.9,-0.3,100,"bu","10:04:02",274300
90.8,-0.4,1000,"sd","10:04:00",274200
90.9,-0.3,100,"bu","10:03:54",273200
90.8,-0.4,300,"sd","10:02:17",273100
90.9,-0.3,100,"bu","10:01:49",272800
90.9,-0.3,1300,"sd","10:01:39",272700
91,-0.2,5000,"bu","10:00:58",271400
91,-0.2,100,"bu","10:00:49",266400
90.9,-0.3,600,"bu","10:00:43",266300
90.9,-0.3,100,"bu","10:00:11",265700
90.9,-0.3,500,"bu","09:59:51",265600
90.8,-0.4,7500,"bu","09:58:56",265100
90.8,-0.4,100,"bu","09:58:49",257600
90.8,-0.4,100,"bu","09:58:35",257500
90.8,-0.4,500,"bu","09:58:25",257400
90.8,-0.4,800,"sd","09:58:14",256900
90.8,-0.4,1500,"sd","09:57:54",256100
90.9,-0.3,100,"bu","09:57:45",254600
90.8,-0.4,700,"sd","09:57:38",254500
90.8,-0.4,3500,"sd","09:57:06",253800
90.8,-0.4,5400,"sd","09:56:59",250300
90.9,-0.3,100,"bu","09:56:35",244900
90.9,-0.3,100,"bu","09:56:14",244800
90.9,-0.3,100,"bu","09:55:49",244700
90.9,-0.3,1000,"bu","09:55:40",244600
90.9,-0.3,1000,"bu","09:55:21",243600
90.9,-0.3,300,"bu","09:55:06",242600
90.9,-0.3,300,"bu","09:55:01",242300
90.8,-0.4,5400,"sd","09:54:58",242000
90.9,-0.3,3000,"bu","09:54:43",236600
90.9,-0.3,100,"bu","09:54:42",233600
90.9,-0.3,500,"bu","09:54:34",233500
90.9,-0.3,100,"bu","09:54:29",233000
90.9,-0.3,100,"bu","09:53:55",232900
90.9,-0.3,4800,"sd","09:53:41",232800
91,-0.2,500,"sd","09:53:41",228000
91,-0.2,50000,"sd","09:53:22",227500
91.1,-0.1,2000,"bu","09:52:40",177500
91,-0.2,5400,"sd","09:52:34",175500
91.1,-0.1,2000,"bu","09:52:26",170100
91.1,-0.1,1000,"bu","09:52:21",168100
91.1,-0.1,1000,"bu","09:52:08",167100
91.1,-0.1,100,"bu","09:51:49",166100
91.1,-0.1,100,"bu","09:51:36",166000
91.1,-0.1,100,"bu","09:51:30",165900
91.1,-0.1,500,"bu","09:51:13",165800
91.1,-0.1,100,"bu","09:50:55",165300
91.1,-0.1,500,"bu","09:49:18",165200
91.1,-0.1,1000,"bu","09:49:01",164700
91,-0.2,100,"bu","09:48:31",163700
91,-0.2,100,"bu","09:48:30",163600
91,-0.2,500,"bu","09:48:12",163500
91,-0.2,100,"bu","09:48:07",163000
90.9,-0.3,200,"sd","09:48:05",162900
91,-0.2,400,"bu","09:47:42",162700
90.9,-0.3,500,"sd","09:47:35",162300
90.9,-0.3,100,"sd","09:46:42",161800
91,-0.2,500,"bu","09:45:51",161700
90.9,-0.3,1000,"sd","09:45:44",161200
91,-0.2,1000,"bu","09:45:35",160200
91,-0.2,100,"bu","09:45:27",159200
91,-0.2,100,"bu","09:44:45",159100
91,-0.2,1000,"bu","09:44:09",159000
91,-0.2,100,"bu","09:44:07",158000
91,-0.2,100,"bu","09:42:23",157900
90.8,-0.4,14500,"sd","09:42:19",157800
90.9,-0.3,5500,"sd","09:42:19",143300
91,-0.2,900,"sd","09:42:09",137800
91,-0.2,800,"bu","09:41:50",136900
91,-0.2,100,"bu","09:41:04",136100
90.9,-0.3,200,"sd","09:40:12",136000
90.9,-0.3,400,"bu","09:40:10",135800
90.9,-0.3,500,"bu","09:40:09",135400
90.9,-0.3,100,"bu","09:40:04",134900
90.9,-0.3,300,"bu","09:40:03",134800
90.9,-0.3,100,"bu","09:39:51",134500
90.9,-0.3,100,"bu","09:39:46",134400
90.9,-0.3,2000,"bu","09:39:37",134300
90.9,-0.3,100,"bu","09:39:18",132300
90.9,-0.3,100,"bu","09:39:16",132200
90.9,-0.3,200,"bu","09:39:02",132100
90.9,-0.3,1000,"bu","09:38:33",131900
90.9,-0.3,1400,"sd","09:38:30",130900
91,-0.2,100,"bu","09:38:04",129500
90.9,-0.3,100,"bu","09:37:51",129400
90.9,-0.3,300,"bu","09:37:35",129300
90.9,-0.3,2000,"bu","09:37:31",129000
90.9,-0.3,100,"bu","09:37:22",127000
90.9,-0.3,3000,"sd","09:36:55",126900
91,-0.2,100,"bu","09:36:44",123900
91,-0.2,200,"sd","09:36:19",123800
91.1,-0.1,100,"bu","09:36:14",123600
91,-0.2,100,"bu","09:35:49",123500
90.9,-0.3,5400,"sd","09:35:41",123400
91,-0.2,1400,"sd","09:35:36",118000
91,-0.2,3100,"bu","09:35:31",116600
90.9,-0.3,1000,"sd","09:35:24",113500
91,-0.2,500,"bu","09:35:20",112500
91,-0.2,100,"bu","09:35:18",112000
91,-0.2,1100,"bu","09:35:14",111900
91,-0.2,100,"bu","09:34:19",110800
91,-0.2,1600,"sd","09:34:04",110700
91.1,-0.1,2500,"bu","09:34:01",109100
91,-0.2,900,"bu","09:33:53",106600
91,-0.2,500,"bu","09:33:37",105700
91,-0.2,100,"bu","09:33:10",105200
90.9,-0.3,5400,"sd","09:32:18",105100
90.9,-0.3,100,"sd","09:31:35",99700
91,-0.2,500,"bu","09:31:29",99600
91,-0.2,100,"bu","09:31:25",99100
91,-0.2,3000,"bu","09:31:14",99000
91,-0.2,200,"bu","09:31:12",96000
91,-0.2,100,"bu","09:31:09",95800
91,-0.2,400,"sd","09:31:09",95700
91.1,-0.1,100,"bu","09:30:05",95300
90.9,-0.3,2600,"sd","09:30:03",95200
91,-0.2,2800,"sd","09:30:03",92600
91,-0.2,4300,"sd","09:30:00",89800
91,-0.2,10000,"sd","09:29:39",85500
91,-0.2,5400,"sd","09:28:48",75500
91.1,-0.1,2000,"bu","09:28:41",70100
91.1,-0.1,100,"bu","09:28:26",68100
91,-0.2,5400,"sd","09:28:07",68000
91.1,-0.1,100,"bu","09:27:55",62600
91.1,-0.1,700,"sd","09:27:47",62500
91.1,-0.1,700,"sd","09:27:43",61800
91.1,-0.1,700,"sd","09:27:20",61100
91.2,0,100,"bu","09:27:01",60400
91.2,0,1000,"bu","09:26:46",60300
91.2,0,100,"bu","09:26:12",59300
91.2,0,300,"bu","09:25:26",59200
91.2,0,1700,"sd","09:25:09",58900
91.2,0,700,"sd","09:25:05",57200
91.2,0,700,"sd","09:24:59",56500
91.2,0,700,"sd","09:24:54",55800
91.2,0,700,"sd","09:24:49",55100
91.2,0,100,"bu","09:24:41",54400
91.2,0,200,"bu","09:24:25",54300
91.2,0,100,"bu","09:24:22",54100
91.2,0,200,"bu","09:24:08",54000
91.2,0,500,"bu","09:24:07",53800
91.2,0,100,"bu","09:23:56",53300
91,-0.2,600,"sd","09:22:53",53200
91,-0.2,100,"sd","09:22:47",52600
91,-0.2,100,"bu","09:21:51",52500
91,-0.2,300,"bu","09:21:39",52400
90.9,-0.3,200,"bu","09:21:11",52100
90.8,-0.4,200,"bu","09:20:59",51900
90.8,-0.4,200,"bu","09:20:57",51700
90.8,-0.4,100,"bu","09:20:52",51500
90.8,-0.4,500,"bu","09:20:51",51400
90.8,-0.4,500,"bu","09:20:50",50900
90.8,-0.4,100,"bu","09:20:45",50400
90.8,-0.4,800,"bu","09:20:40",50300
90.8,-0.4,200,"bu","09:20:38",49500
90.8,-0.4,2800,"sd","09:20:33",49300
90.8,-0.4,200,"sd","09:20:22",46500
90.9,-0.3,500,"bu","09:20:12",46300
90.8,-0.4,1300,"sd","09:19:57",45800
90.9,-0.3,4100,"sd","09:19:57",44500
90.9,-0.3,700,"sd","09:19:51",40400
91,-0.2,100,"bu","09:19:49",39700
90.9,-0.3,400,"sd","09:19:47",39600
91,-0.2,300,"sd","09:19:47",39200
91,-0.2,600,"sd","09:19:41",38900
91.1,-0.1,100,"sd","09:19:41",38300
91,-0.2,700,"sd","09:19:35",38200
91,-0.2,700,"sd","09:19:32",37500
91,-0.2,700,"sd","09:19:26",36800
91,-0.2,200,"sd","09:19:15",36100
91.1,-0.1,500,"sd","09:19:15",35900
91.1,-0.1,100,"sd","09:19:08",35400
91.1,-0.1,700,"sd","09:19:04",35300
91.2,0,100,"bu","09:18:56",34600
91.2,0,200,"sd","09:18:54",34500
91.2,0,100,"bu","09:17:23",34300
91.1,-0.1,400,"sd","09:17:12",34200
91.1,-0.1,300,"sd","09:17:11",33800
91.1,-0.1,1500,"sd","09:16:57",33500
91.1,-0.1,200,"sd","09:16:29",32000
91.2,0,500,"sd","09:16:19",31800
91.2,0,700,"sd","09:16:17",31300
91.3,0.1,500,"bu","09:16:15",30600
91.3,0.1,100,"bu","09:16:13",30100
91.3,0.1,5100,"sd","09:16:04",30000
91.3,0.1,3900,"sd","09:16:01",24900
91.4,0.2,300,"bu","09:15:59",21000
91.4,0.2,200,"bu","09:15:57",20700
91.3,0.1,700,"sd","09:15:52",20500
91.3,0.1,700,"sd","09:15:40",19800
91.3,0.1,700,"sd","09:15:35",19100
91.4,0.2,200,"bu","09:15:20",18400
91.4,0.2,200,"bu","09:15:12",18200
91.4,0.2,18000,"","09:15:04",18000
