"price","change","match_qtty","side","time","total_vol"
19.3,-0.25,100200,"","14:46:09",1345200
19.45,-0.1,2000,"sd","14:31:46",1245000
19.5,-0.05,1700,"sd","14:31:46",1243000
19.5,-0.05,3900,"sd","14:31:45",1241300
19.5,-0.05,2300,"sd","14:31:43",1237400
19.5,-0.05,1000,"sd","14:31:43",1235100
19.5,-0.05,1100,"sd","14:31:42",1234100
19.5,-0.05,4400,"sd","14:31:42",1233000
19.5,-0.05,1000,"sd","14:31:41",1228600
19.55,0,300,"bu","14:31:41",1227600
19.55,0,5000,"bu","14:31:41",1227300
19.55,0,300,"bu","14:31:40",1222300
19.5,-0.05,3600,"bu","14:31:40",1222000
19.45,-0.1,100,"sd","14:31:40",1218400
19.5,-0.05,3300,"sd","14:31:40",1218300
19.5,-0.05,300,"sd","14:31:40",1215000
19.5,-0.05,1900,"sd","14:31:39",1214700
19.5,-0.05,7500,"sd","14:31:39",1212800
19.5,-0.05,2100,"sd","14:31:18",1205300
19.5,-0.05,5200,"bu","14:29:58",1203200
19.45,-0.1,5000,"sd","14:29:00",1198000
19.45,-0.1,100,"sd","14:28:56",1193000
19.45,-0.1,500,"sd","14:28:47",1192900
19.45,-0.1,2000,"sd","14:28:46",1192400
19.45,-0.1,2000,"sd","14:28:39",1190400
19.5,-0.05,10000,"bu","14:27:46",1188400
19.45,-0.1,100,"sd","14:27:40",1178400
19.5,-0.05,40000,"bu","14:27:34",1178300
19.45,-0.1,4000,"sd","14:27:34",1138300
19.45,-0.1,900,"sd","14:27:17",1134300
19.45,-0.1,1500,"sd","14:26:55",1133400
19.45,-0.1,100,"sd","14:26:42",1131900
19.5,-0.05,500,"bu","14:26:17",1131800
19.45,-0.1,1000,"sd","14:26:13",1131300
19.45,-0.1,1100,"sd","14:25:58",1130300
19.5,-0.05,10000,"sd","14:25:44",1129200
19.5,-0.05,600,"sd","14:25:40",1119200
19.5,-0.05,1000,"sd","14:25:37",1118600
19.5,-0.05,6000,"sd","14:25:26",1117600
19.5,-0.05,1500,"sd","14:25:12",1111600
19.5,-0.05,1000,"sd","14:25:11",1110100
19.5,-0.05,100,"sd","14:24:46",1109100
19.5,-0.05,19800,"bu","14:24:22",1109000
19.5,-0.05,100,"sd","14:23:00",1089200
19.5,-0.05,200,"sd","14:22:55",1089100
19.5,-0.05,5000,"sd","14:22:42",1088900
19.5,-0.05,5100,"sd","14:22:32",1083900
19.5,-0.05,5500,"sd","14:22:30",1078800
19.5,-0.05,100,"sd","14:22:11",1073300
19.55,0,4000,"bu","14:22:07",1073200
19.5,-0.05,100,"sd","14:21:47",1069200
19.5,-0.05,100,"sd","14:21:12",1069100
19.5,-0.05,100,"sd","14:21:06",1069000
19.5,-0.05,100,"sd","14:20:47",1068900
19.5,-0.05,100,"sd","14:20:41",1068800
19.5,-0.05,9000,"sd","14:20:38",1068700
19.5,-0.05,100,"sd","14:20:37",1059700
19.5,-0.05,100,"sd","14:20:31",1059600
19.5,-0.05,1000,"sd","14:20:29",1059500
19.5,-0.05,100,"sd","14:20:27",1058500
19.5,-0.05,100,"sd","14:20:20",1058400
19.55,0,100,"bu","14:19:03",1058300
19.55,0,9000,"bu","14:19:01",1058200
19.55,0,200,"sd","14:18:37",1049200
19.55,0,20000,"bu","14:18:00",1049000
19.55,0,500,"bu","14:17:42",1029000
19.55,0,3000,"bu","14:16:41",1028500
19.55,0,6000,"bu","14:15:08",1025500
19.5,-0.05,400,"sd","14:14:25",1019500
19.5,-0.05,1000,"sd","14:13:21",1019100
19.5,-0.05,5000,"sd","14:13:00",1018100
19.5,-0.05,6000,"sd","14:12:24",1013100
19.5,-0.05,3500,"sd","14:12:13",1007100
19.55,0,12000,"bu","14:11:49",1003600
19.5,-0.05,100,"sd","14:11:33",991600
19.5,-0.05,100,"sd","14:11:29",991500
19.5,-0.05,100,"sd","14:11:21",991400
19.5,-0.05,100,"sd","14:11:16",991300
19.5,-0.05,100,"sd","14:11:10",991200
19.5,-0.05,100,"sd","14:11:06",991100
19.5,-0.05,100,"sd","14:11:00",991000
19.5,-0.05,100,"sd","14:10:55",990900
19.5,-0.05,100,"sd","14:10:51",990800
19.55,0,1000,"bu","14:10:35",990700
19.5,-0.05,500,"sd","14:10:19",989700
19.55,0,2000,"bu","14:09:58",989200
19.55,0,3000,"bu","14:09:47",987200
19.55,0,1000,"bu","14:09:07",984200
19.55,0,1100,"bu","14:08:27",983200
19.55,0,9000,"bu","14:07:52",982100
19.5,-0.05,2000,"sd","14:06:23",973100
19.55,0,200,"bu","14:06:10",971100
19.55,0,100,"bu","14:05:55",970900
19.55,0,10000,"bu","14:05:33",970800
19.55,0,400,"bu","14:05:22",960800
19.55,0,4500,"sd","14:05:21",960400
19.55,0,500,"bu","14:05:02",955900
19.55,0,100,"bu","14:03:40",955400
19.55,0,200,"bu","14:02:54",955300
19.55,0,1000,"bu","14:02:50",955100
19.55,0,100,"bu","14:02:37",954100
19.5,-0.05,100,"sd","14:01:49",954000
19.55,0,1000,"bu","14:01:40",953900
19.5,-0.05,1000,"sd","14:00:16",952900
19.55,0,200,"bu","14:00:16",951900
19.55,0,100,"bu","13:59:51",951700
19.55,0,4000,"bu","13:59:39",951600
19.55,0,5700,"sd","13:59:32",947600
19.55,0,9600,"bu","13:59:15",941900
19.55,0,8000,"bu","13:59:14",932300
19.55,0,200,"bu","13:58:29",924300
19.55,0,3000,"bu","13:57:27",924100
19.55,0,1000,"bu","13:57:04",921100
19.55,0,100,"bu","13:57:02",920100
19.55,0,500,"bu","13:56:33",920000
19.5,-0.05,1000,"sd","13:56:13",919500
19.5,-0.05,2000,"sd","13:55:30",918500
19.5,-0.05,3000,"bu","13:54:19",916500
19.5,-0.05,10000,"bu","13:54:16",913500
19.5,-0.05,200,"bu","13:53:29",903500
19.5,-0.05,2000,"sd","13:53:15",903300
19.5,-0.05,1000,"sd","13:53:08",901300
19.5,-0.05,31000,"sd","13:53:07",900300
19.5,-0.05,10000,"sd","13:50:04",869300
19.5,-0.05,500,"sd","13:49:22",859300
19.5,-0.05,11100,"bu","13:49:09",858800
19.45,-0.1,2500,"sd","13:48:51",847700
19.5,-0.05,200,"bu","13:48:46",845200
19.5,-0.05,8700,"sd","13:48:16",845000
19.5,-0.05,11500,"bu","13:47:32",836300
19.45,-0.1,2000,"sd","13:47:25",824800
19.5,-0.05,10300,"sd","13:46:32",822800
19.5,-0.05,500,"bu","13:46:19",812500
19.5,-0.05,17700,"sd","13:45:49",812000
19.5,-0.05,300,"sd","13:45:48",794300
19.5,-0.05,3000,"sd","13:45:40",794000
19.5,-0.05,2000,"sd","13:44:29",791000
19.55,0,100,"bu","13:44:09",789000
19.55,0,100,"bu","13:43:55",788900
19.55,0,2200,"bu","13:43:15",788800
19.55,0,15500,"bu","13:42:56",786600
19.55,0,10300,"bu","13:42:55",771100
19.55,0,300,"bu","13:42:55",760800
19.55,0,10200,"bu","13:42:54",760500
19.5,-0.05,500,"sd","13:42:54",750300
19.55,0,300,"bu","13:42:54",749800
19.55,0,1100,"sd","13:42:53",749500
19.55,0,100,"bu","13:42:41",748400
19.55,0,7400,"bu","13:42:40",748300
19.55,0,2500,"sd","13:42:27",740900
19.55,0,2600,"bu","13:41:58",738400
19.55,0,100,"bu","13:41:34",735800
19.55,0,8000,"bu","13:40:46",735700
19.55,0,200,"bu","13:39:00",727700
19.55,0,1000,"bu","13:38:48",727500
19.55,0,300,"sd","13:35:57",726500
19.55,0,10000,"sd","13:35:51",726200
19.55,0,1900,"bu","13:35:09",716200
19.55,0,5000,"bu","13:35:05",714300
19.55,0,300,"bu","13:34:55",709300
19.55,0,2800,"sd","13:34:54",709000
19.55,0,500,"sd","13:34:32",706200
19.55,0,100,"sd","13:33:45",705700
19.55,0,4000,"sd","13:33:06",705600
19.55,0,26500,"bu","13:32:39",701600
19.55,0,500,"bu","13:32:36",675100
19.55,0,2000,"bu","13:32:19",674600
19.5,-0.05,500,"sd","13:32:09",672600
19.55,0,600,"bu","13:31:56",672100
19.55,0,300,"bu","13:31:52",671500
19.55,0,600,"bu","13:31:50",671200
19.55,0,1000,"bu","13:31:10",670600
19.5,-0.05,500,"sd","13:30:04",669600
19.5,-0.05,200,"sd","13:30:03",669100
19.5,-0.05,2300,"sd","13:29:59",668900
19.5,-0.05,3000,"sd","13:29:54",666600
19.5,-0.05,1000,"sd","13:29:23",663600
19.55,0,300,"bu","13:27:21",662600
19.55,0,300,"bu","13:26:19",662300
19.55,0,300,"bu","13:25:58",662000
19.55,0,100,"bu","13:24:35",661700
19.55,0,300,"bu","13:24:16",661600
19.55,0,100,"bu","13:23:50",661300
19.55,0,300,"bu","13:23:16",661200
19.55,0,300,"bu","13:23:16",660900
19.55,0,300,"bu","13:22:39",660600
19.5,-0.05,2400,"sd","13:22:33",660300
19.5,-0.05,1100,"sd","13:22:32",657900
19.5,-0.05,800,"sd","13:21:24",656800
19.5,-0.05,1000,"sd","13:21:12",656000
19.5,-0.05,500,"sd","13:21:00",655000
19.5,-0.05,1900,"sd","13:19:29",654500
19.5,-0.05,4300,"sd","13:19:16",652600
19.5,-0.05,200,"sd","13:19:13",648300
19.5,-0.05,1000,"sd","13:19:10",648100
19.5,-0.05,200,"bu","13:17:52",647100
19.5,-0.05,200,"bu","13:16:46",646900
19.5,-0.05,100,"bu","13:16:32",646700
19.5,-0.05,9000,"bu","13:15:49",646600
19.45,-0.1,3700,"bu","13:15:45",637600
19.45,-0.1,16800,"sd","13:15:27",633900
19.5,-0.05,1000,"bu","13:14:22",617100
19.5,-0.05,4400,"sd","13:13:33",616100
19.5,-0.05,1100,"bu","13:13:04",611700
19.5,-0.05,1900,"sd","13:13:03",610600
19.5,-0.05,100,"bu","13:12:57",608700
19.45,-0.1,100,"sd","13:12:40",608600
19.5,-0.05,9000,"bu","13:12:29",608500
19.5,-0.05,3000,"bu","13:12:29",599500
19.5,-0.05,100,"bu","13:12:28",596500
19.5,-0.05,9000,"bu","13:12:13",596400
19.45,-0.1,5000,"sd","13:10:37",587400
19.5,-0.05,100,"bu","13:10:24",582400
19.5,-0.05,1000,"bu","13:08:28",582300
19.5,-0.05,200,"bu","13:08:13",581300
19.45,-0.1,400,"sd","13:08:01",581100
19.5,-0.05,4000,"bu","13:06:54",580700
19.5,-0.05,1000,"bu","13:06:24",576700
19.45,-0.1,100,"sd","13:05:58",575700
19.5,-0.05,1500,"bu","13:05:58",575600
19.45,-0.1,1800,"sd","13:05:23",574100
19.45,-0.1,1500,"sd","13:04:21",572300
19.5,-0.05,4000,"bu","13:03:32",570800
19.5,-0.05,6000,"sd","13:03:14",566800
19.5,-0.05,100,"sd","13:02:09",560800
19.5,-0.05,200,"sd","13:01:44",560700
19.5,-0.05,100,"sd","13:01:44",560500
19.5,-0.05,600,"sd","13:01:35",560400
19.5,-0.05,100,"sd","13:01:34",559800
19.55,0,1000,"bu","13:00:51",559700
19.5,-0.05,15000,"sd","13:00:11",558700
19.55,0,200,"bu","11:29:36",543700
19.55,0,1000,"bu","11:29:16",543500
19.5,-0.05,1000,"sd","11:28:46",542500
19.5,-0.05,1000,"sd","11:28:09",541500
19.55,0,500,"bu","11:28:04",540500
19.5,-0.05,100,"sd","11:27:14",540000
19.55,0,500,"bu","11:26:33",539900
19.5,-0.05,1400,"sd","11:26:32",539400
19.55,0,500,"bu","11:26:28",538000
19.55,0,500,"bu","11:26:23",537500
19.5,-0.05,2100,"sd","11:25:25",537000
19.55,0,1000,"bu","11:24:33",534900
19.55,0,1800,"bu","11:24:19",533900
19.5,-0.05,100,"sd","11:23:55",532100
19.5,-0.05,2000,"sd","11:18:56",532000
19.55,0,300,"bu","11:18:28",530000
19.55,0,100,"bu","11:17:12",529700
19.5,-0.05,500,"sd","11:15:10",529600
19.5,-0.05,200,"sd","11:12:43",529100
19.5,-0.05,8000,"bu","11:09:38",528900
19.45,-0.1,2000,"sd","11:08:30",520900
19.45,-0.1,1000,"sd","11:08:30",518900
19.45,-0.1,400,"sd","11:06:21",517900
19.45,-0.1,4200,"sd","11:05:33",517500
19.45,-0.1,5800,"sd","11:04:15",513300
19.45,-0.1,10000,"sd","11:04:01",507500
19.5,-0.05,500,"sd","11:03:43",497500
19.5,-0.05,100,"sd","11:03:25",497000
19.5,-0.05,4700,"bu","11:02:45",496900
19.5,-0.05,500,"bu","11:02:42",492200
19.5,-0.05,4800,"sd","11:02:14",491700
19.5,-0.05,500,"bu","11:01:44",486900
19.5,-0.05,10000,"bu","11:01:20",486400
19.5,-0.05,6500,"sd","10:59:38",476400
19.5,-0.05,200,"sd","10:59:27",469900
19.5,-0.05,3300,"bu","10:59:26",469700
19.5,-0.05,6700,"sd","10:58:55",466400
19.5,-0.05,4000,"sd","10:58:39",459700
19.5,-0.05,12000,"sd","10:57:34",455700
19.5,-0.05,200,"sd","10:57:00",443700
19.5,-0.05,700,"sd","10:55:42",443500
19.5,-0.05,1700,"bu","10:55:29",442800
19.5,-0.05,9000,"sd","10:54:41",441100
19.5,-0.05,5000,"sd","10:54:02",432100
19.5,-0.05,8300,"bu","10:53:30",427100
19.5,-0.05,2000,"bu","10:52:59",418800
19.45,-0.1,10000,"sd","10:52:51",416800
19.45,-0.1,500,"sd","10:52:40",406800
19.45,-0.1,3100,"sd","10:52:19",406300
19.45,-0.1,1200,"bu","10:51:29",403200
19.45,-0.1,100,"bu","10:51:25",402000
19.45,-0.1,100,"bu","10:51:23",401900
19.45,-0.1,400,"bu","10:51:19",401800
19.45,-0.1,1000,"bu","10:51:10",401400
19.45,-0.1,100,"bu","10:50:49",400400
19.45,-0.1,17100,"sd","10:50:21",400300
19.5,-0.05,200,"sd","10:49:58",383200
19.5,-0.05,15000,"sd","10:49:46",383000
19.5,-0.05,10000,"sd","10:48:19",368000
19.5,-0.05,10000,"sd","10:48:12",358000
19.55,0,2400,"sd","10:48:00",348000
19.55,0,3800,"sd","10:47:42",345600
19.55,0,10000,"sd","10:46:00",341800
19.55,0,300,"bu","10:45:40",331800
19.55,0,15700,"sd","10:44:18",331500
19.55,0,300,"sd","10:43:22",315800
19.55,0,1100,"sd","10:41:48",315500
19.55,0,200,"sd","10:41:16",314400
19.55,0,3100,"sd","10:40:51",314200
19.55,0,2500,"sd","10:40:35",311100
19.55,0,100,"sd","10:40:03",308600
19.55,0,200,"sd","10:39:46",308500
19.55,0,6000,"sd","10:39:11",308300
19.55,0,1400,"sd","10:38:45",302300
19.55,0,5700,"sd","10:38:34",300900
19.55,0,900,"sd","10:36:04",295200
19.55,0,2000,"sd","10:35:35",294300
19.55,0,2000,"sd","10:25:31",292300
19.55,0,600,"sd","10:23:31",290300
19.55,0,5100,"sd","10:23:10",289700
19.55,0,1100,"bu","10:22:33",284600
19.55,0,3900,"sd","10:22:25",283500
19.55,0,5000,"sd","10:22:24",279600
19.55,0,200,"sd","10:21:56",274600
19.55,0,100,"sd","10:21:20",274400
19.55,0,5900,"bu","10:20:57",274300
19.55,0,1100,"sd","10:20:15",268400
19.55,0,1000,"sd","10:19:56",267300
19.55,0,15000,"sd","10:19:16",266300
19.55,0,2000,"sd","10:16:20",251300
19.55,0,1000,"sd","10:16:07",249300
19.55,0,10000,"sd","10:15:53",248300
19.55,0,3000,"sd","10:15:27",238300
19.55,0,300,"sd","10:14:42",235300
19.55,0,800,"sd","10:12:03",235000
19.6,0.05,100,"bu","10:11:47",234200
19.6,0.05,5000,"bu","10:09:59",234100
19.55,0,500,"sd","10:09:38",229100
19.55,0,5000,"sd","10:08:57",228600
19.6,0.05,13800,"sd","10:08:25",223600
19.6,0.05,1000,"sd","10:08:17",209800
19.6,0.05,1000,"sd","10:07:29",208800
19.6,0.05,1000,"sd","10:05:59",207800
19.6,0.05,2000,"sd","10:04:37",206800
19.65,0.1,1000,"bu","10:03:21",204800
19.65,0.1,5000,"bu","09:59:19",203800
19.65,0.1,5000,"sd","09:58:36",198800
19.65,0.1,5000,"sd","09:58:31",193800
19.6,0.05,5000,"sd","09:57:13",188800
19.6,0.05,400,"sd","09:55:51",183800
19.6,0.05,100,"sd","09:55:31",183400
19.6,0.05,200,"sd","09:54:44",183300
19.6,0.05,2300,"sd","09:54:43",183100
19.6,0.05,2500,"sd","09:54:10",180800
19.6,0.05,900,"bu","09:51:11",178300
19.6,0.05,300,"bu","09:51:08",177400
19.6,0.05,400,"bu","09:50:21",177100
19.6,0.05,2000,"bu","09:50:08",176700
19.6,0.05,2000,"bu","09:49:56",174700
19.6,0.05,200,"bu","09:49:36",172700
19.6,0.05,2000,"bu","09:49:30",172500
19.6,0.05,2000,"bu","09:48:28",170500
19.6,0.05,100,"bu","09:48:19",168500
19.6,0.05,1000,"bu","09:47:44",168400
19.6,0.05,1000,"bu","09:46:52",167400
19.6,0.05,100,"bu","09:45:34",166400
19.6,0.05,100,"bu","09:45:14",166300
19.6,0.05,100,"bu","09:45:04",166200
19.6,0.05,1000,"bu","09:44:24",166100
19.6,0.05,100,"bu","09:44:22",165100
19.6,0.05,1500,"sd","09:44:05",165000
19.6,0.05,100,"sd","09:43:14",163500
19.65,0.1,100,"sd","09:42:54",163400
19.6,0.05,800,"sd","09:42:35",163300
19.6,0.05,100,"sd","09:42:14",162500
19.6,0.05,1000,"sd","09:42:09",162400
19.6,0.05,1000,"sd","09:41:37",161400
19.6,0.05,3000,"sd","09:41:26",160400
19.65,0.1,6000,"sd","09:37:36",157400
19.65,0.1,400,"sd","09:36:42",151400
19.7,0.15,1100,"sd","09:35:47",151000
19.75,0.2,1000,"bu","09:32:58",149900
19.75,0.2,700,"bu","09:32:44",148900
19.75,0.2,300,"bu","09:32:19",148200
19.7,0.15,1400,"sd","09:31:58",147900
19.7,0.15,500,"sd","09:31:55",146500
19.7,0.15,100,"sd","09:31:45",146000
19.7,0.15,100,"sd","09:31:43",145900
19.7,0.15,100,"sd","09:31:21",145800
19.7,0.15,100,"sd","09:31:03",145700
19.7,0.15,10000,"sd","09:30:46",145600
19.7,0.15,400,"sd","09:30:27",135600
19.75,0.2,500,"sd","09:29:46",135200
19.8,0.25,1000,"bu","09:29:32",134700
19.75,0.2,1000,"sd","09:29:25",133700
19.8,0.25,200,"bu","09:29:25",132700
19.8,0.25,1000,"bu","09:29:23",132500
19.8,0.25,2300,"bu","09:29:14",131500
19.8,0.25,100,"bu","09:29:00",129200
19.8,0.25,3000,"bu","09:28:58",129100
19.75,0.2,100,"sd","09:28:41",126100
19.75,0.2,100,"bu","09:28:39",126000
19.75,0.2,1000,"bu","09:28:28",125900
19.75,0.2,1200,"bu","09:28:26",124900
19.7,0.15,1000,"sd","09:28:20",123700
19.7,0.15,300,"sd","09:28:01",122700
19.75,0.2,1000,"bu","09:28:00",122400
19.7,0.15,300,"sd","09:27:51",121400
19.7,0.15,100,"sd","09:27:44",121100
19.7,0.15,1000,"sd","09:27:43",121000
19.7,0.15,500,"sd","09:27:38",120000
19.7,0.15,100,"sd","09:27:21",119500
19.7,0.15,200,"sd","09:25:53",119400
19.7,0.15,700,"sd","09:25:52",119200
19.7,0.15,100,"sd","09:25:05",118500
19.75,0.2,500,"bu","09:25:03",118400
19.7,0.15,100,"sd","09:24:58",117900
19.7,0.15,600,"sd","09:24:55",117800
19.7,0.15,100,"sd","09:24:53",117200
19.7,0.15,100,"sd","09:24:50",117100
19.75,0.2,500,"bu","09:24:40",117000
19.7,0.15,300,"sd","09:24:31",116500
19.75,0.2,2800,"bu","09:24:27",116200
19.7,0.15,55500,"bu","09:24:03",113400
19.65,0.1,800,"bu","09:23:55",57900
19.65,0.1,100,"bu","09:23:53",57100
19.65,0.1,100,"bu","09:23:50",57000
19.65,0.1,5000,"bu","09:23:48",56900
19.65,0.1,100,"bu","09:23:46",51900
19.65,0.1,100,"bu","09:23:43",51800
19.6,0.05,17500,"bu","09:23:30",51700
19.6,0.05,10000,"bu","09:23:27",34200
19.55,0,3000,"sd","09:22:55",24200
19.55,0,300,"bu","09:22:37",21200
19.55,0,700,"bu","09:22:36",20900
19.55,0,3000,"bu","09:22:35",20200
19.5,-0.05,200,"sd","09:22:27",17200
19.55,0,5000,"bu","09:22:26",17000
19.5,-0.05,500,"sd","09:21:57",12000
19.5,-0.05,400,"sd","09:20:37",11500
19.5,-0.05,200,"sd","09:20:25",11100
19.5,-0.05,100,"sd","09:19:57",10900
19.5,-0.05,100,"sd","09:19:51",10800
19.5,-0.05,100,"sd","09:19:45",10700
19.5,-0.05,100,"sd","09:19:41",10600
19.5,-0.05,100,"sd","09:19:36",10500
19.5,-0.05,100,"sd","09:19:31",10400
19.5,-0.05,100,"sd","09:19:24",10300
19.5,-0.05,100,"sd","09:19:17",10200
19.5,-0.05,100,"sd","09:19:06",10100
19.5,-0.05,200,"sd","09:17:57",10000
19.55,0,200,"sd","09:17:25",9800
19.55,0,100,"sd","09:17:12",9600
19.55,0,1100,"sd","09:17:06",9500
19.55,0,100,"sd","09:16:17",8400
19.5,-0.05,100,"sd","09:16:04",8300
19.6,0.05,100,"sd","09:15:57",8200
19.6,0.05,100,"sd","09:15:54",8100
19.6,0.05,100,"sd","09:15:39",8000
19.6,0.05,100,"sd","09:15:36",7900
19.6,0.05,1000,"sd","09:15:12",7800
19.6,0.05,200,"sd","09:15:12",6800
19.6,0.05,6600,"","09:15:05",6600
