"price","change","match_qtty","side","time","total_vol"
37.05,0.15,68900,"","14:45:00",2246000
37.1,0.2,11000,"sd","14:30:00",2177100
37.15,0.25,1500,"bu","14:30:00",2166100
37.15,0.25,700,"bu","14:31:46",2164600
37.1,0.2,1900,"sd","14:31:46",2163900
37.15,0.25,1800,"sd","14:31:46",2162000
37.2,0.3,600,"sd","14:31:46",2160200
37.25,0.35,2600,"sd","14:31:46",2159600
37.3,0.4,100,"bu","14:31:46",2157000
37.25,0.35,1700,"sd","14:31:46",2156900
37.3,0.4,2500,"sd","14:31:45",2155200
37.35,0.45,800,"sd","14:31:45",2152700
37.4,0.5,800,"bu","14:31:45",2151900
37.35,0.45,1900,"bu","14:31:45",2151100
37.3,0.4,2100,"sd","14:31:43",2149200
37.25,0.35,600,"sd","14:31:43",2147100
37.25,0.35,1700,"bu","14:31:43",2146500
37.25,0.35,100,"bu","14:31:42",2144800
37.2,0.3,2300,"bu","14:31:42",2144700
37.15,0.25,9400,"bu","14:31:42",2142400
37.1,0.2,1600,"bu","14:31:42",2133000
37.1,0.2,2500,"bu","14:31:42",2131400
37.05,0.15,5500,"bu","14:31:41",2128900
37,0.1,700,"sd","14:31:41",2123400
37.05,0.15,3100,"bu","14:31:41",2122700
37.05,0.15,6500,"sd","14:31:40",2119600
37,0.1,2500,"sd","14:31:39",2113100
37.05,0.15,500,"sd","14:31:39",2110600
37,0.1,500,"sd","14:31:39",2110100
37.1,0.2,500,"bu","14:31:39",2109600
37.05,0.15,500,"bu","14:31:39",2109100
37,0.1,1400,"sd","14:31:39",2108600
37.1,0.2,1300,"bu","14:31:39",2107200
37.1,0.2,500,"bu","14:31:39",2105900
37,0.1,2800,"sd","14:31:39",2105400
37,0.1,500,"sd","14:31:38",2102600
37.1,0.2,100,"bu","14:31:38",2102100
37.05,0.15,100,"bu","14:31:38",2102000
37,0.1,2000,"sd","14:31:11",2101900
37.1,0.2,400,"bu","14:30:55",2099900
37.05,0.15,100,"bu","14:30:55",2099500
37,0.1,1600,"sd","14:30:37",2099400
37,0.1,10000,"sd","14:30:35",2097800
37,0.1,1800,"sd","14:30:08",2087800
37,0.1,500,"sd","14:30:06",2086000
37,0.1,500,"sd","14:29:52",2085500
37.05,0.15,100,"bu","14:29:48",2085000
37.05,0.15,1200,"bu","14:29:41",2084900
37.05,0.15,1000,"bu","14:29:23",2083700
37,0.1,100,"sd","14:29:19",2082700
37,0.1,100,"sd","14:29:14",2082600
37,0.1,900,"sd","14:29:03",2082500
37.05,0.15,100,"bu","14:28:56",2081600
37.05,0.15,1000,"bu","14:28:49",2081500
37,0.1,200,"sd","14:28:45",2080500
37,0.1,1600,"sd","14:28:36",2080300
37.05,0.15,8600,"sd","14:27:44",2078700
37.1,0.2,14500,"sd","14:27:29",2070100
37.1,0.2,3500,"sd","14:27:25",2055600
37.1,0.2,1500,"sd","14:27:17",2052100
37.15,0.25,5300,"sd","14:27:15",2050600
37.15,0.25,800,"sd","14:27:01",2045300
37.15,0.25,600,"sd","14:26:59",2044500
37.15,0.25,1500,"sd","14:26:45",2043900
37.2,0.3,1200,"bu","14:26:31",2042400
37.2,0.3,5600,"sd","14:25:59",2041200
37.2,0.3,100,"sd","14:25:57",2035600
37.2,0.3,100,"sd","14:25:55",2035500
37.2,0.3,15000,"sd","14:25:24",2035400
37.25,0.35,100,"bu","14:25:18",2020400
37.25,0.35,200,"sd","14:24:57",2020300
37.25,0.35,300,"sd","14:24:50",2020100
37.25,0.35,300,"sd","14:24:46",2019800
37.25,0.35,100,"sd","14:24:37",2019500
37.25,0.35,400,"sd","14:24:31",2019400
37.25,0.35,100,"sd","14:24:24",2019000
37.25,0.35,3000,"sd","14:24:22",2018900
37.3,0.4,1200,"bu","14:23:21",2015900
37.3,0.4,1000,"sd","14:23:17",2014700
37.3,0.4,2000,"sd","14:23:16",2013700
37.3,0.4,500,"sd","14:23:03",2011700
37.3,0.4,3500,"sd","14:22:55",2011200
37.3,0.4,1500,"sd","14:22:53",2007700
37.3,0.4,5000,"sd","14:22:50",2006200
37.35,0.45,2900,"sd","14:22:32",2001200
37.35,0.45,200,"sd","14:22:23",1998300
37.4,0.5,2800,"sd","14:21:51",1998100
37.45,0.55,3000,"bu","14:21:08",1995300
37.45,0.55,1800,"sd","14:21:06",1992300
37.5,0.6,200,"bu","14:20:56",1990500
37.45,0.55,10300,"sd","14:20:49",1990300
37.45,0.55,5000,"sd","14:20:40",1980000
37.45,0.55,4000,"sd","14:20:38",1975000
37.5,0.6,100,"bu","14:20:31",1971000
37.5,0.6,1000,"bu","14:20:16",1970900
37.45,0.55,600,"sd","14:20:11",1969900
37.45,0.55,1000,"sd","14:20:09",1969300
37.5,0.6,300,"bu","14:20:03",1968300
37.5,0.6,100,"bu","14:19:44",1968000
37.45,0.55,600,"sd","14:19:44",1967900
37.45,0.55,100,"sd","14:19:41",1967300
37.5,0.6,1000,"bu","14:19:23",1967200
37.5,0.6,10000,"bu","14:19:20",1966200
37.45,0.55,1000,"sd","14:19:13",1956200
37.45,0.55,100,"sd","14:18:59",1955200
37.45,0.55,1500,"bu","14:18:53",1955100
37.45,0.55,3100,"bu","14:18:52",1953600
37.45,0.55,10000,"bu","14:18:47",1950500
37.45,0.55,100,"bu","14:18:33",1940500
37.45,0.55,900,"bu","14:18:27",1940400
37.4,0.5,100,"sd","14:18:04",1939500
37.4,0.5,3500,"sd","14:17:52",1939400
37.45,0.55,100,"bu","14:17:49",1935900
37.4,0.5,200,"sd","14:17:31",1935800
37.45,0.55,200,"bu","14:17:28",1935600
37.45,0.55,100,"bu","14:17:11",1935400
37.4,0.5,100,"sd","14:16:41",1935300
37.4,0.5,100,"bu","14:16:31",1935200
37.35,0.45,1000,"sd","14:16:24",1935100
37.45,0.55,6300,"bu","14:16:21",1934100
37.4,0.5,800,"bu","14:16:21",1927800
37.4,0.5,100,"bu","14:16:15",1927000
37.4,0.5,1100,"sd","14:16:14",1926900
37.4,0.5,300,"sd","14:16:03",1925800
37.4,0.5,300,"sd","14:15:59",1925500
37.4,0.5,300,"bu","14:15:57",1925200
37.4,0.5,1200,"sd","14:15:47",1924900
37.35,0.45,800,"sd","14:15:47",1923700
37.4,0.5,500,"bu","14:15:39",1922900
37.4,0.5,500,"bu","14:15:38",1922400
37.4,0.5,1100,"bu","14:15:27",1921900
37.4,0.5,900,"bu","14:15:26",1920800
37.35,0.45,5000,"sd","14:15:20",1919900
37.35,0.45,500,"sd","14:15:03",1914900
37.35,0.45,2000,"sd","14:14:50",1914400
37.35,0.45,200,"sd","14:14:45",1912400
37.35,0.45,5000,"sd","14:13:58",1912200
37.35,0.45,7000,"sd","14:13:40",1907200
37.35,0.45,800,"sd","14:13:29",1900200
37.35,0.45,5000,"sd","14:13:21",1899400
37.4,0.5,1000,"bu","14:13:13",1894400
37.35,0.45,500,"sd","14:13:04",1893400
37.4,0.5,2500,"sd","14:13:04",1892900
37.45,0.55,100,"bu","14:12:57",1890400
37.4,0.5,300,"sd","14:12:49",1890300
37.4,0.5,2100,"sd","14:12:48",1890000
37.4,0.5,500,"sd","14:12:45",1887900
37.4,0.5,1000,"sd","14:12:43",1887400
37.4,0.5,1200,"sd","14:12:29",1886400
37.45,0.55,100,"bu","14:12:27",1885200
37.4,0.5,4100,"sd","14:12:22",1885100
37.4,0.5,800,"sd","14:12:21",1881000
37.4,0.5,100,"sd","14:12:19",1880200
37.4,0.5,1100,"sd","14:12:13",1880100
37.4,0.5,500,"sd","14:11:58",1879000
37.4,0.5,5000,"sd","14:11:31",1878500
37.45,0.55,100,"bu","14:11:31",1873500
37.45,0.55,1800,"sd","14:11:17",1873400
37.45,0.55,900,"sd","14:11:17",1871600
37.45,0.55,200,"sd","14:11:16",1870700
37.45,0.55,2000,"sd","14:11:13",1870500
37.45,0.55,1500,"sd","14:11:02",1868500
37.5,0.6,100,"bu","14:11:02",1867000
37.45,0.55,2800,"sd","14:10:58",1866900
37.45,0.55,500,"sd","14:10:58",1864100
37.45,0.55,2300,"sd","14:10:50",1863600
37.5,0.6,100,"bu","14:10:43",1861300
37.45,0.55,600,"sd","14:10:43",1861200
37.45,0.55,1500,"sd","14:10:39",1860600
37.45,0.55,1000,"sd","14:10:30",1859100
37.45,0.55,300,"sd","14:10:26",1858100
37.45,0.55,1000,"sd","14:10:16",1857800
37.45,0.55,2000,"sd","14:10:14",1856800
37.45,0.55,1000,"sd","14:09:59",1854800
37.5,0.6,500,"bu","14:09:20",1853800
37.5,0.6,1000,"bu","14:09:16",1853300
37.5,0.6,100,"bu","14:09:07",1852300
37.5,0.6,100,"bu","14:08:31",1852200
37.45,0.55,1000,"sd","14:08:10",1852100
37.5,0.6,900,"bu","14:08:10",1851100
37.5,0.6,100,"bu","14:07:55",1850200
37.5,0.6,21100,"sd","14:07:52",1850100
37.5,0.6,500,"sd","14:07:51",1829000
37.5,0.6,800,"sd","14:07:50",1828500
37.5,0.6,2000,"sd","14:07:44",1827700
37.5,0.6,1000,"sd","14:07:38",1825700
37.5,0.6,1000,"sd","14:07:35",1824700
37.55,0.65,2000,"bu","14:06:41",1823700
37.55,0.65,2000,"bu","14:06:31",1821700
37.55,0.65,1000,"bu","14:06:27",1819700
37.55,0.65,700,"bu","14:06:00",1818700
37.55,0.65,1000,"bu","14:05:55",1818000
37.55,0.65,2100,"bu","14:05:51",1817000
37.55,0.65,500,"bu","14:05:14",1814900
37.55,0.65,500,"bu","14:05:11",1814400
37.55,0.65,500,"bu","14:04:58",1813900
37.55,0.65,1900,"bu","14:04:52",1813400
37.5,0.6,500,"sd","14:04:41",1811500
37.5,0.6,100,"sd","14:04:39",1811000
37.5,0.6,100,"sd","14:04:31",1810900
37.5,0.6,6700,"bu","14:04:11",1810800
37.5,0.6,2000,"bu","14:04:08",1804100
37.5,0.6,500,"bu","14:04:07",1802100
37.5,0.6,10000,"bu","14:04:04",1801600
37.5,0.6,1000,"bu","14:04:03",1791600
37.5,0.6,3200,"bu","14:04:01",1790600
37.5,0.6,5000,"bu","14:03:58",1787400
37.5,0.6,100,"bu","14:03:46",1782400
37.5,0.6,6000,"bu","14:03:43",1782300
37.5,0.6,1000,"bu","14:03:41",1776300
37.5,0.6,400,"bu","14:03:21",1775300
37.5,0.6,100,"bu","14:03:10",1774900
37.5,0.6,1000,"bu","14:03:06",1774800
37.5,0.6,10000,"bu","14:02:49",1773800
37.5,0.6,1000,"bu","14:02:35",1763800
37.5,0.6,2000,"bu","14:02:35",1762800
37.45,0.55,500,"sd","14:01:52",1760800
37.45,0.55,100,"sd","14:01:48",1760300
37.45,0.55,1800,"bu","14:01:29",1760200
37.45,0.55,500,"bu","14:01:06",1758400
37.45,0.55,200,"bu","14:00:47",1757900
37.45,0.55,700,"bu","14:00:39",1757700
37.45,0.55,2000,"bu","14:00:26",1757000
37.45,0.55,1000,"bu","14:00:22",1755000
37.45,0.55,500,"bu","14:00:16",1754000
37.45,0.55,5000,"bu","13:59:41",1753500
37.4,0.5,2000,"sd","13:59:36",1748500
37.45,0.55,5000,"bu","13:59:36",1746500
37.4,0.5,500,"bu","13:59:27",1741500
37.4,0.5,500,"bu","13:59:25",1741000
37.4,0.5,1300,"bu","13:59:15",1740500
37.4,0.5,1200,"bu","13:59:14",1739200
37.4,0.5,200,"bu","13:57:13",1738000
37.4,0.5,500,"bu","13:57:07",1737800
37.4,0.5,7300,"bu","13:57:04",1737300
37.4,0.5,200,"bu","13:56:56",1730000
37.4,0.5,2000,"bu","13:56:13",1729800
37.35,0.45,1000,"sd","13:55:42",1727800
37.35,0.45,500,"sd","13:55:33",1726800
37.35,0.45,4000,"sd","13:55:31",1726300
37.4,0.5,500,"bu","13:55:31",1722300
37.4,0.5,1500,"bu","13:55:27",1721800
37.4,0.5,300,"bu","13:55:03",1720300
37.4,0.5,100,"bu","13:54:57",1720000
37.4,0.5,900,"bu","13:54:47",1719900
37.4,0.5,300,"sd","13:54:40",1719000
37.4,0.5,300,"sd","13:54:34",1718700
37.4,0.5,1000,"sd","13:54:19",1718400
37.4,0.5,7000,"sd","13:53:57",1717400
37.4,0.5,400,"bu","13:53:33",1710400
37.4,0.5,800,"bu","13:53:26",1710000
37.4,0.5,200,"bu","13:53:25",1709200
37.4,0.5,5000,"bu","13:53:21",1709000
37.4,0.5,1000,"bu","13:53:17",1704000
37.4,0.5,100,"bu","13:53:09",1703000
37.4,0.5,9000,"bu","13:53:08",1702900
37.35,0.45,500,"sd","13:53:07",1693900
37.4,0.5,2000,"bu","13:53:07",1693400
37.35,0.45,400,"sd","13:53:07",1691400
37.4,0.5,1000,"bu","13:53:07",1691000
37.4,0.5,200,"bu","13:53:01",1690000
37.4,0.5,2000,"bu","13:50:38",1689800
37.35,0.45,1000,"sd","13:50:32",1687800
37.4,0.5,1000,"bu","13:50:23",1686800
37.4,0.5,100,"bu","13:49:24",1685800
37.4,0.5,1000,"bu","13:49:22",1685700
37.4,0.5,2000,"sd","13:49:16",1684700
37.4,0.5,2000,"bu","13:49:02",1682700
37.35,0.45,1000,"sd","13:48:51",1680700
37.4,0.5,100,"bu","13:48:41",1679700
37.4,0.5,900,"sd","13:48:24",1679600
37.4,0.5,600,"sd","13:48:16",1678700
37.4,0.5,2000,"sd","13:48:10",1678100
37.4,0.5,200,"sd","13:48:02",1676100
37.4,0.5,3000,"sd","13:47:59",1675900
37.4,0.5,1000,"sd","13:47:46",1672900
37.4,0.5,500,"sd","13:47:41",1671900
37.4,0.5,1000,"sd","13:47:32",1671400
37.4,0.5,1000,"sd","13:47:26",1670400
37.4,0.5,1000,"sd","13:47:20",1669400
37.4,0.5,200,"sd","13:47:17",1668400
37.4,0.5,100,"sd","13:47:16",1668200
37.45,0.55,100,"bu","13:47:16",1668100
37.4,0.5,1000,"sd","13:47:00",1668000
37.4,0.5,100,"sd","13:46:57",1667000
37.45,0.55,100,"bu","13:46:35",1666900
37.45,0.55,4000,"bu","13:46:25",1666800
37.45,0.55,100,"bu","13:46:17",1662800
37.4,0.5,200,"sd","13:46:07",1662700
37.45,0.55,2000,"bu","13:46:05",1662500
37.4,0.5,2400,"bu","13:45:29",1660500
37.4,0.5,100,"sd","13:45:20",1658100
37.4,0.5,100,"sd","13:45:19",1658000
37.4,0.5,2000,"sd","13:45:07",1657900
37.45,0.55,1000,"bu","13:45:00",1655900
37.45,0.55,3400,"sd","13:44:59",1654900
37.45,0.55,1400,"sd","13:44:58",1651500
37.45,0.55,100,"sd","13:44:53",1650100
37.45,0.55,100,"sd","13:44:50",1650000
37.45,0.55,400,"sd","13:44:33",1649900
37.45,0.55,500,"sd","13:44:19",1649500
37.5,0.6,2000,"bu","13:43:46",1649000
37.45,0.55,8500,"bu","13:43:38",1647000
37.45,0.55,4800,"sd","13:43:04",1638500
37.45,0.55,11300,"sd","13:42:56",1633700
37.45,0.55,10000,"sd","13:42:55",1622400
37.55,0.65,1000,"bu","13:42:55",1612400
37.5,0.6,5000,"sd","13:42:55",1611400
37.55,0.65,5200,"bu","13:42:55",1606400
37.5,0.6,1000,"sd","13:42:55",1601200
37.5,0.6,8900,"bu","13:42:54",1600200
37.5,0.6,20000,"bu","13:42:54",1591300
37.5,0.6,4000,"bu","13:42:53",1571300
37.5,0.6,1000,"bu","13:42:50",1567300
37.5,0.6,5000,"bu","13:42:03",1566300
37.5,0.6,100,"bu","13:41:55",1561300
37.5,0.6,1000,"bu","13:40:47",1561200
37.5,0.6,1000,"bu","13:39:05",1560200
37.45,0.55,100,"sd","13:39:00",1559200
37.45,0.55,1000,"sd","13:38:59",1559100
37.45,0.55,200,"sd","13:38:58",1558100
37.45,0.55,200,"sd","13:38:43",1557900
37.5,0.6,900,"bu","13:35:50",1557700
37.5,0.6,1100,"sd","13:35:39",1556800
37.55,0.65,100,"bu","13:35:17",1555700
37.5,0.6,1000,"sd","13:35:08",1555600
37.5,0.6,5000,"sd","13:34:45",1554600
37.5,0.6,5000,"sd","13:34:32",1549600
37.5,0.6,100,"sd","13:34:25",1544600
37.55,0.65,500,"bu","13:34:18",1544500
37.5,0.6,200,"sd","13:34:05",1544000
37.5,0.6,1000,"sd","13:33:56",1543800
37.5,0.6,100,"sd","13:33:33",1542800
37.5,0.6,400,"sd","13:33:05",1542700
37.5,0.6,200,"sd","13:33:04",1542300
37.55,0.65,1800,"bu","13:33:02",1542100
37.5,0.6,500,"sd","13:32:56",1540300
37.5,0.6,100,"sd","13:32:53",1539800
37.5,0.6,1000,"sd","13:32:50",1539700
37.5,0.6,500,"sd","13:32:39",1538700
37.5,0.6,1000,"sd","13:32:34",1538200
37.55,0.65,1000,"bu","13:32:33",1537200
37.5,0.6,3700,"bu","13:32:27",1536200
37.5,0.6,70000,"bu","13:32:26",1532500
37.5,0.6,2700,"bu","13:32:20",1462500
37.5,0.6,1000,"bu","13:32:19",1459800
37.5,0.6,3000,"bu","13:32:11",1458800
37.5,0.6,6300,"bu","13:32:06",1455800
37.45,0.55,2900,"sd","13:31:36",1449500
37.45,0.55,600,"sd","13:31:36",1446600
37.45,0.55,100,"sd","13:31:13",1446000
37.45,0.55,3700,"sd","13:31:06",1445900
37.45,0.55,900,"bu","13:31:06",1442200
37.45,0.55,11100,"sd","13:30:55",1441300
37.45,0.55,900,"sd","13:30:42",1430200
37.45,0.55,2000,"sd","13:30:17",1429300
37.45,0.55,1000,"sd","13:30:11",1427300
37.45,0.55,900,"sd","13:30:08",1426300
37.45,0.55,1400,"sd","13:30:02",1425400
37.45,0.55,1500,"sd","13:30:01",1424000
37.45,0.55,100,"bu","13:29:06",1422500
37.45,0.55,1200,"sd","13:28:24",1422400
37.45,0.55,1300,"sd","13:28:11",1421200
37.45,0.55,500,"sd","13:27:57",1419900
37.45,0.55,1500,"sd","13:27:45",1419400
37.45,0.55,200,"sd","13:27:44",1417900
37.45,0.55,1000,"sd","13:27:43",1417700
37.45,0.55,800,"sd","13:27:30",1416700
37.45,0.55,500,"sd","13:27:28",1415900
37.45,0.55,1000,"sd","13:27:05",1415400
37.45,0.55,500,"sd","13:27:00",1414400
37.45,0.55,200,"sd","13:26:58",1413900
37.45,0.55,500,"sd","13:26:55",1413700
37.45,0.55,1800,"bu","13:26:47",1413200
37.45,0.55,8200,"sd","13:26:42",1411400
37.45,0.55,2300,"bu","13:26:33",1403200
37.4,0.5,100,"sd","13:26:12",1400900
37.45,0.55,200,"sd","13:26:04",1400800
37.45,0.55,700,"bu","13:25:49",1400600
37.45,0.55,2000,"bu","13:25:46",1399900
37.45,0.55,1400,"sd","13:25:43",1397900
37.45,0.55,400,"sd","13:25:34",1396500
37.5,0.6,100,"bu","13:25:34",1396100
37.45,0.55,300,"sd","13:25:18",1396000
37.45,0.55,3000,"sd","13:25:03",1395700
37.45,0.55,3100,"sd","13:24:56",1392700
37.45,0.55,300,"bu","13:24:37",1389600
37.45,0.55,600,"bu","13:24:35",1389300
37.45,0.55,1000,"bu","13:24:20",1388700
37.45,0.55,3200,"sd","13:24:13",1387700
37.45,0.55,26800,"bu","13:24:09",1384500
37.4,0.5,100,"sd","13:23:50",1357700
37.4,0.5,2000,"sd","13:23:48",1357600
37.4,0.5,100,"sd","13:23:37",1355600
37.4,0.5,1100,"sd","13:23:34",1355500
37.4,0.5,300,"sd","13:23:23",1354400
37.4,0.5,2000,"sd","13:23:22",1354100
37.4,0.5,4000,"sd","13:23:20",1352100
37.4,0.5,400,"sd","13:22:59",1348100
37.4,0.5,500,"sd","13:22:58",1347700
37.4,0.5,200,"sd","13:22:50",1347200
37.4,0.5,1300,"sd","13:22:38",1347000
37.4,0.5,500,"sd","13:22:22",1345700
37.45,0.55,200,"bu","13:22:11",1345200
37.45,0.55,5900,"bu","13:22:08",1345000
37.45,0.55,1000,"bu","13:21:22",1339100
37.45,0.55,2000,"bu","13:21:14",1338100
37.45,0.55,3000,"bu","13:20:59",1336100
37.45,0.55,200,"bu","13:20:55",1333100
37.45,0.55,1800,"bu","13:20:54",1332900
37.4,0.5,400,"sd","13:20:54",1331100
37.45,0.55,900,"bu","13:20:53",1330700
37.45,0.55,1000,"bu","13:20:14",1329800
37.45,0.55,500,"bu","13:19:53",1328800
37.4,0.5,3700,"bu","13:19:51",1328300
37.4,0.5,1500,"sd","13:19:33",1324600
37.4,0.5,1000,"sd","13:19:26",1323100
37.4,0.5,1000,"sd","13:19:15",1322100
37.4,0.5,5000,"sd","13:18:55",1321100
37.4,0.5,100,"sd","13:18:54",1316100
37.4,0.5,100,"sd","13:18:48",1316000
37.4,0.5,300,"sd","13:18:17",1315900
37.4,0.5,100,"sd","13:18:10",1315600
37.4,0.5,300,"sd","13:18:08",1315500
37.4,0.5,1000,"sd","13:17:58",1315200
37.4,0.5,3300,"bu","13:17:55",1314200
37.35,0.45,1000,"sd","13:17:20",1310900
37.4,0.5,3000,"bu","13:17:19",1309900
37.4,0.5,20000,"bu","13:17:03",1306900
37.35,0.45,200,"sd","13:17:00",1286900
37.35,0.45,100,"sd","13:16:18",1286700
37.35,0.45,500,"bu","13:15:49",1286600
37.35,0.45,500,"sd","13:15:36",1286100
37.35,0.45,500,"sd","13:15:34",1285600
37.35,0.45,3000,"sd","13:15:02",1285100
37.4,0.5,600,"sd","13:14:59",1282100
37.4,0.5,500,"sd","13:14:52",1281500
37.4,0.5,2000,"sd","13:14:41",1281000
37.4,0.5,1000,"sd","13:14:23",1279000
37.4,0.5,6900,"bu","13:14:12",1278000
37.4,0.5,700,"bu","13:13:40",1271100
37.4,0.5,10000,"bu","13:13:34",1270400
37.35,0.45,1000,"sd","13:13:27",1260400
37.4,0.5,1200,"sd","13:13:19",1259400
37.4,0.5,700,"sd","13:13:12",1258200
37.4,0.5,8600,"bu","13:12:51",1257500
37.4,0.5,900,"bu","13:12:30",1248900
37.4,0.5,4000,"sd","13:12:29",1248000
37.45,0.55,1000,"bu","13:12:29",1244000
37.4,0.5,8700,"sd","13:12:29",1243000
37.4,0.5,2100,"sd","13:12:29",1234300
37.4,0.5,200,"sd","13:12:28",1232200
37.4,0.5,400,"bu","13:12:13",1232000
37.4,0.5,900,"bu","13:12:09",1231600
37.4,0.5,5100,"bu","13:12:08",1230700
37.4,0.5,500,"bu","13:11:51",1225600
37.4,0.5,100,"bu","13:11:44",1225100
37.4,0.5,800,"bu","13:11:26",1225000
37.4,0.5,700,"bu","13:11:22",1224200
37.4,0.5,1700,"bu","13:11:17",1223500
37.4,0.5,900,"bu","13:11:13",1221800
37.4,0.5,500,"bu","13:11:09",1220900
37.4,0.5,200,"bu","13:11:09",1220400
37.35,0.45,100,"sd","13:11:05",1220200
37.4,0.5,200,"bu","13:11:04",1220100
37.4,0.5,200,"bu","13:11:03",1219900
37.35,0.45,300,"sd","13:10:54",1219700
37.4,0.5,200,"bu","13:10:42",1219400
37.4,0.5,5000,"bu","13:10:36",1219200
37.4,0.5,5000,"bu","13:10:25",1214200
37.4,0.5,400,"bu","13:08:33",1209200
37.4,0.5,1700,"bu","13:08:29",1208800
37.35,0.45,1000,"sd","13:08:28",1207100
37.4,0.5,500,"bu","13:08:15",1206100
37.35,0.45,3200,"bu","13:08:01",1205600
37.3,0.4,6000,"sd","13:08:01",1202400
37.35,0.45,600,"sd","13:07:59",1196400
37.35,0.45,300,"sd","13:07:48",1195800
37.35,0.45,1000,"sd","13:06:59",1195500
37.35,0.45,100,"sd","13:06:44",1194500
37.35,0.45,1900,"bu","13:06:37",1194400
37.35,0.45,600,"bu","13:06:36",1192500
37.35,0.45,800,"sd","13:06:23",1191900
37.35,0.45,1000,"sd","13:06:18",1191100
37.35,0.45,8200,"bu","13:06:18",1190100
37.35,0.45,6900,"sd","13:05:48",1181900
37.35,0.45,500,"sd","13:05:43",1175000
37.35,0.45,2000,"sd","13:05:26",1174500
37.35,0.45,15500,"bu","13:04:59",1172500
37.3,0.4,400,"sd","13:04:46",1157000
37.35,0.45,500,"sd","13:04:45",1156600
37.3,0.4,3000,"sd","13:04:36",1156100
37.3,0.4,700,"sd","13:04:35",1153100
37.3,0.4,1000,"sd","13:04:12",1152400
37.4,0.5,10000,"bu","13:04:06",1151400
37.4,0.5,500,"bu","13:03:50",1141400
37.3,0.4,900,"sd","13:03:46",1140900
37.4,0.5,5600,"bu","13:03:39",1135800
37.35,0.45,200,"bu","13:03:39",1130200
37.35,0.45,2800,"sd","13:03:38",1130000
37.35,0.45,100,"sd","13:03:35",1127200
37.35,0.45,100,"bu","13:03:33",1127100
37.35,0.45,100,"sd","13:03:33",1127000
37.3,0.4,900,"sd","13:03:33",1126900
37.3,0.4,100,"sd","13:03:32",1126000
37.4,0.5,3100,"sd","13:03:32",1125900
37.4,0.5,100,"sd","13:03:27",1122800
37.4,0.5,2100,"sd","13:03:25",1122700
37.4,0.5,600,"sd","13:03:17",1120600
37.4,0.5,200,"sd","13:03:15",1120000
37.4,0.5,800,"sd","13:03:14",1119800
37.4,0.5,4700,"bu","13:03:08",1119000
37.35,0.45,3300,"bu","13:03:08",1114300
37.3,0.4,100,"sd","13:03:04",1111000
37.35,0.45,5100,"sd","13:01:44",1110900
37.35,0.45,3100,"sd","13:01:44",1105800
37.4,0.5,5600,"sd","13:01:44",1102700
37.45,0.55,2800,"sd","13:01:44",1097100
37.45,0.55,300,"sd","13:01:26",1094300
37.45,0.55,4900,"sd","13:01:23",1094000
37.5,0.6,300,"bu","13:01:18",1089100
37.5,0.6,5100,"sd","13:00:15",1088800
37.5,0.6,2400,"sd","13:00:09",1083700
37.5,0.6,7000,"sd","13:00:08",1081300
37.55,0.65,800,"sd","11:29:22",1074300
37.55,0.65,200,"sd","11:29:17",1073500
37.55,0.65,300,"sd","11:29:13",1073300
37.55,0.65,500,"sd","11:29:08",1073000
37.55,0.65,500,"sd","11:28:47",1072500
37.55,0.65,1400,"sd","11:28:38",1072000
37.55,0.65,2000,"sd","11:28:34",1070600
37.55,0.65,1000,"sd","11:27:43",1068600
37.55,0.65,100,"sd","11:27:35",1067600
37.6,0.7,400,"sd","11:27:13",1067500
37.6,0.7,600,"sd","11:27:12",1067100
37.6,0.7,1400,"sd","11:26:43",1066500
37.6,0.7,500,"sd","11:26:13",1065100
37.65,0.75,2000,"bu","11:26:09",1064600
37.6,0.7,200,"sd","11:26:07",1062600
37.65,0.75,3800,"bu","11:26:02",1062400
37.55,0.65,600,"sd","11:25:23",1058600
37.55,0.65,500,"sd","11:24:17",1058000
37.55,0.65,4000,"sd","11:24:15",1057500
37.6,0.7,15000,"bu","11:24:15",1053500
37.55,0.65,200,"sd","11:24:02",1038500
37.55,0.65,700,"bu","11:23:55",1038300
37.55,0.65,5000,"bu","11:23:43",1037600
37.55,0.65,3900,"bu","11:23:30",1032600
37.5,0.6,100,"sd","11:23:26",1028700
37.5,0.6,4500,"sd","11:23:25",1028600
37.5,0.6,1000,"sd","11:23:14",1024100
37.5,0.6,6400,"bu","11:23:09",1023100
37.5,0.6,5000,"bu","11:23:06",1016700
37.5,0.6,500,"bu","11:22:47",1011700
37.5,0.6,800,"bu","11:22:27",1011200
37.45,0.55,100,"sd","11:20:34",1010400
37.45,0.55,1000,"sd","11:19:38",1010300
37.5,0.6,1000,"bu","11:19:38",1009300
37.45,0.55,100,"sd","11:18:42",1008300
37.5,0.6,1000,"bu","11:18:15",1008000
37.5,0.6,900,"bu","11:17:54",1007000
37.5,0.6,800,"bu","11:17:01",1006100
37.5,0.6,5000,"bu","11:16:58",1005300
37.5,0.6,2000,"bu","11:16:53",1000300
37.45,0.55,100,"sd","11:16:39",998300
37.5,0.6,5000,"bu","11:16:08",998200
37.5,0.6,3400,"bu","11:15:57",993200
37.45,0.55,5000,"sd","11:15:52",989800
37.45,0.55,100,"sd","11:15:36",984800
37.45,0.55,200,"bu","11:14:34",984700
37.45,0.55,5000,"bu","11:14:19",984500
37.45,0.55,3800,"bu","11:13:26",979500
37.4,0.5,600,"bu","11:13:26",975700
37.4,0.5,500,"bu","11:13:20",975100
37.4,0.5,2000,"bu","11:13:01",974600
37.4,0.5,1200,"sd","11:12:48",972600
37.4,0.5,1500,"bu","11:12:44",971400
37.4,0.5,3800,"sd","11:12:39",969900
37.4,0.5,17100,"bu","11:12:02",966100
37.35,0.45,100,"sd","11:10:56",949000
37.35,0.45,1500,"bu","11:10:41",948900
37.35,0.45,1000,"bu","11:10:07",947400
37.35,0.45,500,"sd","11:09:22",946400
37.35,0.45,300,"bu","11:08:59",945900
37.25,0.35,100,"bu","11:08:59",945600
37.35,0.45,10000,"bu","11:08:31",945500
37.25,0.35,100,"bu","11:08:31",935500
37.25,0.35,1000,"bu","11:08:30",935400
37.25,0.35,900,"bu","11:07:52",934400
37.25,0.35,300,"sd","11:06:02",933500
37.2,0.3,400,"bu","11:05:38",933200
37.2,0.3,1900,"sd","11:05:33",932800
37.25,0.35,1900,"sd","11:05:20",930900
37.35,0.45,4000,"bu","11:04:52",929000
37.3,0.4,1000,"bu","11:04:52",925000
37.35,0.45,5000,"bu","11:03:35",924000
37.25,0.35,1000,"sd","11:03:08",919000
37.3,0.4,500,"bu","11:02:45",918000
37.3,0.4,2500,"sd","11:02:17",917500
37.3,0.4,2500,"bu","11:02:00",915000
37.3,0.4,800,"sd","11:01:28",912500
37.3,0.4,300,"sd","11:01:27",911700
37.3,0.4,300,"sd","11:01:23",911400
37.3,0.4,1000,"sd","11:00:52",911100
37.3,0.4,200,"sd","11:00:49",910100
37.3,0.4,2600,"sd","11:00:03",909900
37.35,0.45,100,"bu","10:59:51",907300
37.3,0.4,1300,"bu","10:59:46",907200
37.3,0.4,100,"bu","10:59:38",905900
37.3,0.4,500,"sd","10:59:14",905800
37.3,0.4,200,"sd","10:59:13",905300
37.3,0.4,5000,"sd","10:58:57",905100
37.3,0.4,300,"sd","10:58:49",900100
37.35,0.45,3600,"sd","10:58:30",899800
37.4,0.5,100,"bu","10:57:32",896200
37.4,0.5,1500,"bu","10:57:15",896100
37.35,0.45,3100,"sd","10:56:59",894600
37.35,0.45,100,"sd","10:56:54",891500
37.35,0.45,1000,"sd","10:56:00",891400
37.4,0.5,500,"bu","10:55:49",890400
37.4,0.5,100,"bu","10:55:46",889900
37.4,0.5,100,"bu","10:54:33",889800
37.35,0.45,900,"bu","10:53:31",889700
37.3,0.4,2000,"sd","10:53:17",888800
37.35,0.45,1000,"sd","10:52:09",886800
37.35,0.45,300,"bu","10:51:27",885800
37.3,0.4,1000,"sd","10:51:06",885500
37.3,0.4,500,"sd","10:50:47",884500
37.3,0.4,2000,"sd","10:50:03",884000
37.3,0.4,2900,"bu","10:49:42",882000
37.3,0.4,100,"bu","10:49:33",879100
37.3,0.4,1000,"bu","10:49:24",879000
37.3,0.4,200,"bu","10:48:47",878000
37.35,0.45,1100,"bu","10:48:28",877800
37.3,0.4,400,"bu","10:48:28",876700
37.3,0.4,500,"bu","10:48:20",876300
37.3,0.4,10000,"bu","10:48:14",875800
37.2,0.3,500,"bu","10:48:10",865800
37.3,0.4,100,"bu","10:47:51",865300
37.2,0.3,2100,"bu","10:47:19",865200
37.2,0.3,100,"bu","10:47:17",863100
37.2,0.3,200,"bu","10:46:57",863000
37.2,0.3,1000,"bu","10:46:50",862800
37.2,0.3,100,"bu","10:46:42",861800
37.2,0.3,100,"bu","10:46:33",861700
37.2,0.3,500,"sd","10:46:29",861600
37.25,0.35,200,"sd","10:46:29",861100
37.2,0.3,100,"sd","10:46:18",860900
37.3,0.4,2000,"bu","10:46:17",860800
37.2,0.3,600,"sd","10:45:56",858800
37.3,0.4,2400,"sd","10:45:56",858200
37.3,0.4,200,"sd","10:45:34",855800
37.3,0.4,500,"sd","10:45:18",855600
37.3,0.4,100,"sd","10:45:12",855100
37.3,0.4,500,"sd","10:44:39",855000
37.3,0.4,100,"sd","10:44:34",854500
37.3,0.4,4400,"bu","10:44:22",854400
37.3,0.4,2000,"bu","10:44:00",850000
37.3,0.4,100,"sd","10:43:48",848000
37.3,0.4,100,"bu","10:43:12",847900
37.3,0.4,1000,"bu","10:42:58",847800
37.3,0.4,500,"bu","10:42:32",846800
37.35,0.45,3000,"bu","10:42:17",846300
37.3,0.4,2000,"bu","10:42:17",843300
37.3,0.4,200,"bu","10:42:13",841300
37.3,0.4,300,"bu","10:42:06",841100
37.3,0.4,100,"bu","10:41:53",840800
37.2,0.3,1900,"sd","10:41:43",840700
37.3,0.4,100,"bu","10:41:37",838700
37.3,0.4,300,"sd","10:41:23",838600
37.3,0.4,900,"bu","10:41:15",838300
37.25,0.35,100,"bu","10:41:15",837400
37.25,0.35,1000,"bu","10:41:10",837300
37.3,0.4,300,"sd","10:39:40",836300
37.3,0.4,10000,"bu","10:38:57",836000
37.2,0.3,500,"sd","10:38:45",826000
37.1,0.2,1400,"sd","10:38:45",825500
37.2,0.3,8600,"sd","10:38:45",824100
37.4,0.5,1400,"bu","10:38:44",815500
37.3,0.4,3700,"sd","10:38:44",814100
37.3,0.4,4300,"sd","10:38:35",810400
37.3,0.4,700,"sd","10:38:22",806100
37.35,0.45,7600,"sd","10:38:20",805400
37.35,0.45,500,"sd","10:38:14",797800
37.45,0.55,400,"sd","10:37:05",797300
37.45,0.55,100,"bu","10:36:55",796900
37.4,0.5,12100,"sd","10:36:52",796800
37.45,0.55,3000,"bu","10:36:41",784700
37.45,0.55,100,"bu","10:35:50",781700
37.45,0.55,1800,"sd","10:35:39",781600
37.45,0.55,1200,"sd","10:35:36",779800
37.45,0.55,5000,"sd","10:34:38",778600
37.5,0.6,700,"sd","10:33:20",773600
37.5,0.6,900,"sd","10:33:11",772900
37.5,0.6,200,"sd","10:33:09",772000
37.5,0.6,100,"sd","10:33:03",771800
37.5,0.6,2000,"sd","10:32:03",771700
37.5,0.6,1000,"sd","10:32:01",769700
37.5,0.6,3300,"bu","10:30:50",768700
37.5,0.6,100,"sd","10:30:03",765400
37.5,0.6,3900,"bu","10:28:58",765300
37.45,0.55,300,"bu","10:27:48",761400
37.4,0.5,200,"sd","10:27:44",761100
37.45,0.55,2000,"bu","10:27:17",760900
37.4,0.5,400,"sd","10:27:10",758900
37.45,0.55,1000,"bu","10:27:03",758500
37.45,0.55,1800,"sd","10:26:31",757500
37.45,0.55,100,"sd","10:26:04",755700
37.45,0.55,5000,"sd","10:25:48",755600
37.45,0.55,500,"sd","10:25:07",750600
37.5,0.6,500,"bu","10:24:19",750100
37.5,0.6,600,"sd","10:24:09",749600
37.5,0.6,4500,"sd","10:24:06",749000
37.5,0.6,2000,"sd","10:24:03",744500
37.5,0.6,2000,"sd","10:23:31",742500
37.5,0.6,100,"sd","10:23:05",740500
37.5,0.6,100,"sd","10:23:03",740400
37.5,0.6,800,"sd","10:22:53",740300
37.5,0.6,400,"sd","10:22:29",739500
37.5,0.6,1000,"sd","10:21:52",739100
37.55,0.65,500,"bu","10:20:11",738100
37.5,0.6,1600,"bu","10:19:39",737600
37.5,0.6,10000,"bu","10:19:37",736000
37.5,0.6,3000,"bu","10:18:46",726000
37.5,0.6,5000,"bu","10:18:40",723000
37.45,0.55,700,"bu","10:18:34",718000
37.45,0.55,4500,"sd","10:18:25",717300
37.5,0.6,7200,"bu","10:18:24",712800
37.5,0.6,2800,"bu","10:18:23",705600
37.45,0.55,200,"sd","10:18:06",702800
37.45,0.55,800,"sd","10:17:53",702600
37.45,0.55,100,"sd","10:17:38",701800
37.45,0.55,600,"bu","10:17:36",701700
37.45,0.55,400,"sd","10:17:29",701100
37.45,0.55,500,"sd","10:17:06",700700
37.45,0.55,2600,"sd","10:16:59",700200
37.45,0.55,1000,"sd","10:16:48",697600
37.45,0.55,500,"sd","10:16:28",696600
37.45,0.55,100,"sd","10:15:57",696100
37.5,0.6,500,"bu","10:15:13",696000
37.5,0.6,7000,"bu","10:14:49",695500
37.45,0.55,1000,"sd","10:14:35",688500
37.5,0.6,600,"bu","10:14:28",687500
37.5,0.6,15000,"bu","10:13:46",686900
37.5,0.6,100,"bu","10:13:33",671900
37.45,0.55,8000,"bu","10:12:13",671800
37.45,0.55,4000,"bu","10:12:01",663800
37.4,0.5,500,"sd","10:11:21",659800
37.4,0.5,20000,"sd","10:11:03",659300
37.5,0.6,2000,"bu","10:10:54",639300
37.5,0.6,14600,"bu","10:10:33",637300
37.45,0.55,400,"bu","10:10:33",622700
37.45,0.55,200,"bu","10:10:24",622300
37.4,0.5,400,"sd","10:10:17",622100
37.45,0.55,1000,"bu","10:10:17",621700
37.45,0.55,200,"bu","10:10:14",620700
37.45,0.55,2300,"sd","10:09:45",620500
37.45,0.55,1000,"sd","10:09:41",618200
37.45,0.55,200,"sd","10:09:40",617200
37.45,0.55,100,"sd","10:09:31",617000
37.45,0.55,500,"sd","10:09:22",616900
37.5,0.6,100,"bu","10:09:22",616400
37.5,0.6,5000,"bu","10:08:50",616300
37.5,0.6,4800,"sd","10:08:34",611300
37.5,0.6,100,"sd","10:08:30",606500
37.5,0.6,100,"sd","10:08:22",606400
37.5,0.6,200,"sd","10:08:17",606300
37.5,0.6,200,"sd","10:08:07",606100
37.5,0.6,2000,"sd","10:07:46",605900
37.5,0.6,100,"sd","10:07:08",603900
37.6,0.7,7700,"bu","10:06:44",603800
37.55,0.65,2300,"bu","10:06:44",596100
37.6,0.7,8100,"bu","10:06:10",593800
37.55,0.65,500,"sd","10:06:09",585700
37.55,0.65,1900,"bu","10:05:39",585200
37.45,0.55,6000,"sd","10:05:37",583300
37.45,0.55,3000,"sd","10:05:34",577300
37.45,0.55,500,"sd","10:05:23",574300
37.5,0.6,500,"bu","10:04:32",573800
37.6,0.7,9600,"bu","10:04:18",573300
37.5,0.6,400,"bu","10:04:18",563700
37.6,0.7,19200,"bu","10:03:05",563300
37.5,0.6,800,"bu","10:03:05",544100
37.5,0.6,100,"bu","10:02:28",543300
37.5,0.6,9200,"sd","10:02:17",543200
37.6,0.7,100,"bu","10:02:17",534000
37.6,0.7,10000,"bu","10:02:11",533900
37.6,0.7,4000,"bu","10:01:17",523900
37.5,0.6,200,"sd","10:01:00",519900
37.6,0.7,500,"bu","10:00:48",519700
37.6,0.7,2900,"bu","10:00:43",519200
37.55,0.65,100,"bu","10:00:43",516300
37.6,0.7,6900,"bu","09:59:56",516200
37.55,0.65,100,"bu","09:59:56",509300
37.55,0.65,200,"bu","09:59:48",509200
37.55,0.65,700,"sd","09:59:39",509000
37.55,0.65,500,"sd","09:59:15",508300
37.6,0.7,6000,"bu","09:59:07",507800
37.55,0.65,1000,"sd","09:58:45",501800
37.6,0.7,6000,"bu","09:58:38",500800
37.55,0.65,200,"sd","09:58:27",494800
37.6,0.7,6000,"bu","09:58:16",494600
37.55,0.65,100,"sd","09:58:01",488600
37.55,0.65,1000,"sd","09:57:46",488500
37.6,0.7,4200,"sd","09:57:41",487500
37.6,0.7,100,"sd","09:57:39",483300
37.6,0.7,1000,"sd","09:57:37",483200
37.6,0.7,2200,"bu","09:57:24",482200
37.55,0.65,100,"bu","09:57:09",480000
37.6,0.7,100,"bu","09:56:27",479900
37.6,0.7,30000,"bu","09:56:20",479800
37.55,0.65,5000,"sd","09:56:03",449800
37.55,0.65,500,"bu","09:55:59",444800
37.5,0.6,2600,"sd","09:55:52",444300
37.55,0.65,2400,"sd","09:55:52",441700
37.55,0.65,7200,"bu","09:55:42",439300
37.55,0.65,400,"bu","09:55:41",432100
37.5,0.6,1000,"sd","09:55:38",431700
37.55,0.65,1000,"bu","09:55:28",430700
37.55,0.65,3700,"sd","09:55:00",429700
37.55,0.65,100,"sd","09:54:51",426000
37.55,0.65,200,"sd","09:54:42",425900
37.55,0.65,1000,"sd","09:54:38",425700
37.55,0.65,100,"sd","09:54:30",424700
37.55,0.65,100,"sd","09:54:01",424600
37.6,0.7,1000,"bu","09:53:57",424500
37.6,0.7,200,"bu","09:53:34",423500
37.55,0.65,1000,"sd","09:53:18",423300
37.55,0.65,300,"sd","09:53:15",422300
37.55,0.65,6400,"bu","09:53:08",422000
37.5,0.6,300,"sd","09:53:01",415600
37.5,0.6,1000,"sd","09:52:31",415300
37.5,0.6,800,"sd","09:52:28",414300
37.5,0.6,900,"sd","09:51:10",413500
37.5,0.6,200,"sd","09:50:42",412600
37.5,0.6,5000,"sd","09:50:28",412400
37.5,0.6,100,"bu","09:50:11",407400
37.5,0.6,1000,"bu","09:49:52",407300
37.5,0.6,500,"bu","09:49:28",406300
37.5,0.6,1500,"sd","09:49:13",405800
37.5,0.6,8500,"bu","09:49:10",404300
37.5,0.6,1000,"bu","09:49:09",395800
37.5,0.6,3600,"bu","09:49:01",394800
37.5,0.6,26400,"bu","09:49:00",391200
37.45,0.55,100,"sd","09:48:38",364800
37.45,0.55,300,"sd","09:47:20",364700
37.45,0.55,4100,"bu","09:47:12",364400
37.45,0.55,5000,"bu","09:47:07",360300
37.45,0.55,2000,"bu","09:47:03",355300
37.45,0.55,5000,"bu","09:46:58",353300
37.4,0.5,300,"sd","09:46:52",348300
37.4,0.5,300,"sd","09:46:51",348000
37.4,0.5,300,"sd","09:46:45",347700
37.4,0.5,1000,"sd","09:46:29",347400
37.45,0.55,300,"bu","09:46:18",346400
37.4,0.5,1000,"sd","09:45:49",346100
37.45,0.55,2300,"sd","09:45:20",345100
37.45,0.55,1000,"bu","09:45:19",342800
37.4,0.5,100,"sd","09:45:06",341800
37.45,0.55,2000,"bu","09:45:03",341700
37.45,0.55,2000,"bu","09:44:57",339700
37.45,0.55,1000,"bu","09:44:47",337700
37.45,0.55,1000,"bu","09:44:29",336700
37.45,0.55,1000,"bu","09:44:19",335700
37.45,0.55,1000,"bu","09:44:09",334700
37.45,0.55,1000,"bu","09:44:07",333700
37.4,0.5,300,"sd","09:43:16",332700
37.4,0.5,400,"sd","09:41:58",332400
37.45,0.55,1000,"bu","09:41:39",332000
37.45,0.55,1000,"bu","09:41:17",331000
37.4,0.5,100,"sd","09:41:11",330000
37.4,0.5,3000,"sd","09:41:02",329900
37.4,0.5,100,"sd","09:40:55",326900
37.4,0.5,500,"sd","09:40:31",326800
37.4,0.5,2000,"sd","09:40:10",326300
37.4,0.5,1000,"sd","09:40:03",324300
37.4,0.5,1000,"sd","09:40:01",322300
37.4,0.5,1500,"sd","09:39:54",321300
37.4,0.5,1000,"sd","09:39:44",319800
37.4,0.5,100,"sd","09:38:49",318800
37.45,0.55,1000,"bu","09:38:20",318700
37.45,0.55,1600,"bu","09:38:19",317700
37.45,0.55,600,"sd","09:38:17",316100
37.45,0.55,2300,"sd","09:37:57",315500
37.45,0.55,1000,"sd","09:37:54",313200
37.45,0.55,500,"sd","09:37:48",312200
37.45,0.55,100,"sd","09:37:33",311700
37.45,0.55,5000,"sd","09:36:45",311600
37.45,0.55,2000,"sd","09:36:25",306600
37.45,0.55,1000,"sd","09:36:01",304600
37.45,0.55,1000,"sd","09:35:55",303600
37.45,0.55,600,"sd","09:35:43",302600
37.45,0.55,1000,"sd","09:35:35",302000
37.45,0.55,2000,"sd","09:35:15",301000
37.5,0.6,100,"bu","09:35:15",299000
37.5,0.6,1800,"bu","09:34:32",298900
37.5,0.6,5000,"bu","09:34:14",297100
37.45,0.55,2000,"sd","09:34:09",292100
37.45,0.55,500,"bu","09:34:07",290100
37.45,0.55,2000,"bu","09:34:06",289600
37.45,0.55,5000,"bu","09:34:04",287600
37.45,0.55,5000,"bu","09:34:01",282600
37.45,0.55,8000,"bu","09:33:58",277600
37.45,0.55,2000,"bu","09:33:50",269600
37.4,0.5,500,"sd","09:33:34",267600
37.4,0.5,300,"sd","09:33:30",267100
37.4,0.5,1000,"sd","09:33:26",266800
37.4,0.5,10000,"sd","09:33:23",265800
37.4,0.5,1400,"sd","09:33:14",255800
37.4,0.5,1000,"sd","09:33:13",254400
37.4,0.5,5000,"sd","09:33:08",253400
37.4,0.5,5000,"sd","09:32:57",248400
37.45,0.55,3000,"bu","09:32:51",243400
37.45,0.55,500,"bu","09:32:12",240400
37.45,0.55,5000,"bu","09:32:03",239900
37.45,0.55,9800,"sd","09:31:58",234900
37.45,0.55,300,"sd","09:31:48",225100
37.45,0.55,500,"sd","09:31:14",224800
37.45,0.55,100,"sd","09:31:12",224300
37.5,0.6,1700,"sd","09:30:45",224200
37.55,0.65,200,"bu","09:30:41",222500
37.55,0.65,100,"bu","09:30:34",222300
37.5,0.6,2500,"sd","09:30:34",222200
37.55,0.65,300,"bu","09:30:20",219700
37.55,0.65,3000,"bu","09:30:12",219400
37.5,0.6,5000,"sd","09:30:05",216400
37.5,0.6,100,"sd","09:29:53",211400
37.5,0.6,1000,"sd","09:29:37",211300
37.5,0.6,1400,"sd","09:29:31",210300
37.55,0.65,600,"sd","09:29:31",208900
37.5,0.6,100,"sd","09:29:29",208300
37.5,0.6,100,"sd","09:29:25",208200
37.5,0.6,2000,"sd","09:29:19",208100
37.6,0.7,400,"bu","09:29:17",206100
37.5,0.6,500,"sd","09:29:15",205700
37.5,0.6,500,"sd","09:29:12",205200
37.5,0.6,2000,"sd","09:29:03",204700
37.6,0.7,200,"sd","09:28:58",202700
37.6,0.7,3400,"sd","09:28:57",202500
37.6,0.7,200,"sd","09:28:56",199100
37.6,0.7,5000,"sd","09:28:54",198900
37.6,0.7,1000,"sd","09:28:52",193900
37.6,0.7,500,"sd","09:28:51",192900
37.6,0.7,5000,"sd","09:28:47",192400
37.6,0.7,300,"sd","09:28:34",187400
37.65,0.75,400,"bu","09:28:29",187100
37.6,0.7,100,"sd","09:28:21",186700
37.6,0.7,2200,"bu","09:28:20",186600
37.55,0.65,200,"bu","09:28:20",184400
37.5,0.6,1700,"sd","09:28:02",184200
37.5,0.6,500,"sd","09:27:59",182500
37.5,0.6,1700,"sd","09:27:54",182000
37.45,0.55,1700,"sd","09:27:47",180300
37.45,0.55,5000,"sd","09:27:42",178600
37.8,0.9,17100,"bu","09:27:41",173600
37.75,0.85,5000,"bu","09:27:41",156500
37.7,0.8,4600,"bu","09:27:41",151500
37.6,0.7,2900,"bu","09:27:41",146900
37.55,0.65,1100,"bu","09:27:41",144000
37.5,0.6,9000,"bu","09:27:41",142900
37.45,0.55,800,"sd","09:27:37",133900
37.45,0.55,6000,"sd","09:27:29",133100
37.45,0.55,1000,"bu","09:27:25",127100
37.45,0.55,3000,"sd","09:27:21",126100
37.45,0.55,1000,"sd","09:27:19",123100
37.45,0.55,100,"sd","09:27:17",122100
37.45,0.55,2400,"bu","09:27:16",122000
37.45,0.55,400,"bu","09:27:01",119600
37.45,0.55,500,"bu","09:27:01",119200
37.4,0.5,200,"sd","09:26:49",118700
37.4,0.5,10200,"bu","09:26:43",118500
37.4,0.5,500,"bu","09:26:42",108300
37.4,0.5,100,"bu","09:26:37",107800
37.4,0.5,1400,"bu","09:26:34",107700
37.35,0.45,100,"sd","09:26:29",106300
37.35,0.45,1000,"sd","09:26:28",106200
37.35,0.45,200,"sd","09:26:28",105200
37.35,0.45,1100,"bu","09:26:03",105000
37.35,0.45,200,"bu","09:25:52",103900
37.3,0.4,100,"sd","09:25:50",103700
37.3,0.4,200,"sd","09:25:38",103600
37.3,0.4,100,"sd","09:25:29",103400
37.3,0.4,3600,"bu","09:25:16",103300
37.3,0.4,15000,"bu","09:25:15",99700
37.3,0.4,200,"bu","09:25:15",84700
37.3,0.4,100,"bu","09:25:12",84500
37.3,0.4,100,"bu","09:25:05",84400
37.3,0.4,3000,"bu","09:24:58",84300
37.25,0.35,10000,"bu","09:24:34",81300
37.3,0.4,500,"bu","09:24:25",71300
37.3,0.4,17000,"bu","09:24:24",70800
37.3,0.4,2500,"bu","09:24:15",53800
37.2,0.3,1000,"bu","09:24:15",51300
37.3,0.4,400,"bu","09:24:01",50300
37.3,0.4,500,"bu","09:24:00",49900
37.3,0.4,5000,"bu","09:23:45",49400
37.3,0.4,600,"bu","09:23:33",44400
37.2,0.3,100,"bu","09:23:33",43800
37.2,0.3,400,"sd","09:23:32",43700
37.2,0.3,100,"sd","09:23:27",43300
37.2,0.3,2100,"bu","09:23:20",43200
37,0.1,200,"sd","09:22:41",41100
37,0.1,2100,"bu","09:22:15",40900
36.9,0,300,"bu","09:22:07",38800
36.9,0,100,"bu","09:22:06",38500
36.9,0,400,"bu","09:22:05",38400
36.9,0,3000,"bu","09:21:56",38000
36.85,-0.05,100,"bu","09:21:42",35000
36.85,-0.05,100,"bu","09:20:50",34900
36.85,-0.05,200,"bu","09:20:25",34800
36.85,-0.05,300,"bu","09:20:02",34600
36.85,-0.05,200,"bu","09:19:36",34300
36.8,-0.1,3100,"bu","09:19:28",34100
36.8,-0.1,2200,"bu","09:19:21",31000
36.8,-0.1,1000,"sd","09:18:39",28800
36.9,0,20000,"bu","09:18:24",27800
36.8,-0.1,100,"sd","09:18:00",7800
36.8,-0.1,200,"bu","09:17:49",7700
36.8,-0.1,100,"bu","09:17:37",7500
36.7,-0.2,100,"sd","09:17:29",7400
36.7,-0.2,100,"sd","09:16:54",7300
36.7,-0.2,100,"sd","09:16:32",7200
36.7,-0.2,100,"sd","09:15:47",7100
36.8,-0.1,200,"sd","09:15:35",7000
36.8,-0.1,2900,"sd","09:15:30",6800
36.85,-0.05,100,"sd","09:15:30",3900
36.85,-0.05,3800,"","09:15:04",3800
