"price","change","match_qtty","side","time","total_vol"
4.01,-0.15,54800,"","14:46:09",183700
4.11,-0.05,100,"bu","14:31:46",128900
4.05,-0.11,1000,"sd","14:31:46",128800
4.05,-0.11,2000,"sd","14:31:45",127800
4.05,-0.11,1900,"sd","14:31:43",125800
4.05,-0.11,700,"sd","14:29:36",123800
4.05,-0.11,1100,"sd","14:25:10",123100
4.06,-0.1,1900,"sd","14:25:10",122000
4.1,-0.06,5700,"bu","14:18:07",119100
4.11,-0.05,1000,"bu","14:12:49",113400
4.1,-0.06,100,"bu","14:11:16",112400
4.07,-0.09,1800,"sd","14:07:26",112300
4.07,-0.09,100,"sd","14:06:24",110500
4.07,-0.09,100,"sd","14:05:25",110400
4.06,-0.1,1300,"sd","13:57:19",110300
4.06,-0.1,600,"sd","13:56:42",109000
4.1,-0.06,700,"bu","13:48:47",108400
4.1,-0.06,100,"bu","13:48:03",107700
4.1,-0.06,600,"bu","13:47:52",107600
4.1,-0.06,100,"bu","13:44:49",107000
4.1,-0.06,1100,"bu","13:42:02",106900
4.1,-0.06,1500,"bu","13:33:00",105800
4.09,-0.07,100,"bu","13:29:05",104300
4.05,-0.11,100,"bu","13:28:34",104200
4.05,-0.11,600,"bu","13:26:57",104100
4.04,-0.12,100,"bu","13:25:36",103500
4.04,-0.12,200,"bu","13:25:16",103400
4.04,-0.12,1000,"bu","13:24:43",103200
4.04,-0.12,1000,"bu","13:24:37",102200
4.04,-0.12,500,"bu","13:23:56",101200
4.04,-0.12,7200,"sd","13:23:40",100700
4.05,-0.11,300,"sd","13:23:28",93500
4.05,-0.11,1000,"sd","13:23:06",93200
4.07,-0.09,5000,"sd","13:22:41",92200
4.05,-0.11,100,"sd","13:10:25",87200
4.05,-0.11,200,"bu","13:08:00",87100
4.04,-0.12,400,"sd","13:04:30",86900
4.04,-0.12,200,"sd","13:03:39",86500
4.04,-0.12,2000,"sd","13:03:33",86300
4.05,-0.11,200,"bu","13:03:32",84300
4.05,-0.11,1700,"sd","13:01:44",84100
4.11,-0.05,800,"bu","11:03:21",82400
4.01,-0.15,200,"sd","10:40:41",81600
4.02,-0.14,8300,"sd","10:40:41",81400
4.03,-0.13,1800,"sd","10:40:41",73100
4.03,-0.13,13400,"sd","10:39:23",71300
4.04,-0.12,11500,"sd","10:39:23",57900
4.05,-0.11,100,"sd","10:39:23",46400
4.04,-0.12,2500,"sd","10:38:02",46300
4.05,-0.11,15300,"sd","10:38:02",43800
4.08,-0.08,1600,"sd","10:34:17",28300
4.09,-0.07,2300,"sd","10:34:17",26700
4.1,-0.06,1100,"sd","10:34:17",24400
4.11,-0.05,100,"bu","10:29:53",23300
4.11,-0.05,1900,"bu","10:28:59",23200
4.11,-0.05,2800,"bu","10:28:14",21300
4.11,-0.05,3200,"bu","10:27:27",18500
4.1,-0.06,100,"sd","10:11:05",15300
4.11,-0.05,400,"bu","10:07:44",15200
4.11,-0.05,2900,"sd","10:06:17",14800
4.11,-0.05,2700,"sd","09:46:28",11900
4.11,-0.05,100,"sd","09:35:05",9200
4.11,-0.05,100,"sd","09:33:08",9100
4.01,-0.15,1400,"sd","09:19:22",9000
4.02,-0.14,5000,"sd","09:19:22",7600
4.1,-0.06,2600,"sd","09:19:22",2600
