"price","change","match_qtty","side","time","total_vol"
27.8,0.35,31400,"","14:46:09",1613700
27.95,0.5,400,"sd","14:31:46",1582300
28,0.55,800,"sd","14:31:46",1581900
28,0.55,1100,"bu","14:31:43",1581100
27.95,0.5,700,"bu","14:31:43",1580000
27.95,0.5,600,"bu","14:31:42",1579300
27.9,0.45,2500,"sd","14:31:42",1578700
27.9,0.45,3800,"sd","14:31:40",1576200
27.9,0.45,300,"sd","14:31:38",1572400
27.9,0.45,300,"sd","14:30:09",1572100
27.9,0.45,200,"sd","14:29:57",1571800
27.9,0.45,100,"sd","14:29:52",1571600
27.9,0.45,100,"sd","14:27:49",1571500
27.95,0.5,500,"bu","14:25:13",1571400
27.95,0.5,3600,"sd","14:24:16",1570900
28,0.55,200,"sd","14:22:45",1567300
28,0.55,500,"sd","14:20:29",1567100
28,0.55,100,"sd","14:20:17",1566600
28,0.55,500,"sd","14:19:49",1566500
28,0.55,200,"bu","14:16:36",1566000
28,0.55,500,"bu","14:14:36",1565800
28,0.55,900,"bu","14:14:10",1565300
27.95,0.5,100,"sd","14:13:15",1564400
27.95,0.5,5000,"sd","14:13:08",1564300
28,0.55,200,"bu","14:12:43",1559300
28,0.55,200,"bu","14:12:37",1559100
27.95,0.5,300,"sd","14:12:12",1558900
28,0.55,500,"sd","14:08:12",1558600
28,0.55,100,"sd","14:07:52",1558100
28,0.55,100,"bu","14:05:22",1558000
28,0.55,100,"bu","14:05:13",1557900
28,0.55,700,"bu","14:05:08",1557800
28,0.55,100,"bu","14:04:58",1557100
27.95,0.5,100,"sd","14:04:44",1557000
27.95,0.5,3400,"bu","14:03:57",1556900
27.95,0.5,2000,"bu","14:03:47",1553500
27.95,0.5,5000,"bu","14:03:44",1551500
27.95,0.5,1000,"bu","14:03:29",1546500
27.95,0.5,3000,"bu","14:03:14",1545500
27.95,0.5,4000,"bu","14:03:12",1542500
27.95,0.5,3000,"bu","14:03:06",1538500
27.95,0.5,1000,"bu","14:02:48",1535500
27.95,0.5,3000,"bu","14:02:35",1534500
27.95,0.5,2000,"bu","14:02:23",1531500
27.95,0.5,2000,"bu","14:02:21",1529500
27.95,0.5,1000,"bu","14:01:35",1527500
27.95,0.5,1000,"bu","14:01:26",1526500
27.95,0.5,800,"bu","14:01:24",1525500
27.95,0.5,900,"bu","14:01:09",1524700
27.95,0.5,100,"bu","14:00:54",1523800
27.95,0.5,300,"bu","14:00:19",1523700
27.95,0.5,200,"bu","14:00:16",1523400
27.95,0.5,500,"bu","13:59:51",1523200
27.95,0.5,2000,"bu","13:59:48",1522700
27.95,0.5,400,"bu","13:59:47",1520700
27.95,0.5,3100,"bu","13:59:27",1520300
27.95,0.5,5000,"bu","13:59:15",1517200
27.9,0.45,6700,"sd","13:59:14",1512200
27.95,0.5,600,"bu","13:59:14",1505500
27.95,0.5,1000,"bu","13:58:52",1504900
27.95,0.5,200,"bu","13:58:21",1503900
27.95,0.5,500,"bu","13:57:12",1503700
28,0.55,500,"bu","13:57:04",1503200
28,0.55,89400,"bu","13:56:54",1502700
27.95,0.5,10600,"bu","13:56:54",1413300
27.95,0.5,19400,"sd","13:56:36",1402700
28,0.55,100,"bu","13:56:12",1383300
28,0.55,3000,"bu","13:56:01",1383200
28,0.55,200,"bu","13:55:46",1380200
28,0.55,1000,"bu","13:55:38",1380000
28,0.55,1500,"bu","13:55:29",1379000
28,0.55,3100,"bu","13:55:27",1377500
28,0.55,5000,"bu","13:55:26",1374400
28,0.55,500,"sd","13:55:17",1369400
28.1,0.65,3000,"bu","13:55:17",1368900
28.1,0.65,1000,"bu","13:55:05",1365900
28.1,0.65,10000,"bu","13:55:00",1364900
28.1,0.65,12000,"bu","13:54:58",1354900
28.1,0.65,1100,"bu","13:54:56",1342900
28.1,0.65,20000,"bu","13:54:54",1341800
28.1,0.65,49900,"bu","13:54:52",1321800
28.05,0.6,100,"bu","13:54:52",1271900
28.1,0.65,5000,"bu","13:54:47",1271800
28.1,0.65,90000,"bu","13:54:38",1266800
28.05,0.6,500,"bu","13:54:38",1176800
28,0.55,9500,"bu","13:54:38",1176300
28,0.55,8500,"bu","13:54:27",1166800
28.1,0.65,5000,"bu","13:54:11",1158300
28.1,0.65,50000,"bu","13:54:03",1153300
28.1,0.65,15000,"bu","13:53:57",1103300
28.1,0.65,2600,"bu","13:53:48",1088300
28.1,0.65,25000,"bu","13:53:42",1085700
28.1,0.65,8800,"bu","13:53:08",1060700
28.05,0.6,200,"bu","13:53:08",1051900
28.1,0.65,11300,"bu","13:53:08",1051700
28.05,0.6,32900,"bu","13:53:08",1040400
28.05,0.6,166900,"bu","13:53:07",1007500
28,0.55,23100,"bu","13:53:07",840600
27.95,0.5,600,"bu","13:53:07",817500
27.9,0.45,7900,"bu","13:53:07",816900
27.85,0.4,3000,"bu","13:53:07",809000
27.8,0.35,9600,"bu","13:53:07",806000
27.75,0.3,1000,"sd","13:53:07",796400
27.8,0.35,200,"bu","13:53:07",795400
27.8,0.35,500,"bu","13:51:22",795200
27.8,0.35,29700,"sd","13:50:02",794700
27.85,0.4,12000,"sd","13:49:35",765000
27.9,0.45,2100,"sd","13:49:07",753000
27.95,0.5,100,"bu","13:48:02",750900
27.95,0.5,1000,"bu","13:47:32",750800
27.9,0.45,500,"sd","13:46:26",749800
27.9,0.45,500,"sd","13:45:49",749300
27.9,0.45,2000,"sd","13:44:39",748800
27.9,0.45,300,"sd","13:43:31",746800
27.9,0.45,1000,"sd","13:43:05",746500
27.95,0.5,1000,"bu","13:42:56",745500
27.95,0.5,500,"sd","13:42:55",744500
28,0.55,100,"bu","13:42:54",744000
27.85,0.4,100,"sd","13:42:54",741500
27.9,0.45,1000,"bu","13:42:54",741400
27.9,0.45,100,"bu","13:42:54",740400
27.85,0.4,3000,"sd","13:42:53",740300
27.9,0.45,100,"bu","13:42:50",737300
27.9,0.45,76500,"sd","13:41:32",737200
27.9,0.45,100,"sd","13:41:28",660700
28,0.55,1600,"bu","13:40:46",660600
28,0.55,500,"bu","13:38:47",659000
28,0.55,800,"bu","13:35:32",658500
28,0.55,200,"bu","13:33:02",657700
28,0.55,1000,"sd","13:31:52",657500
28,0.55,300,"bu","13:31:17",656500
28,0.55,7700,"bu","13:30:42",656200
27.9,0.45,1000,"bu","13:30:15",648500
27.8,0.35,100,"sd","13:30:01",647500
27.8,0.35,300,"sd","13:29:25",647400
27.8,0.35,300,"sd","13:25:45",647100
27.8,0.35,500,"bu","13:25:26",646800
27.8,0.35,200,"bu","13:25:14",646300
27.8,0.35,500,"bu","13:25:11",646100
27.8,0.35,200,"bu","13:24:53",645600
27.8,0.35,31200,"sd","13:24:52",645400
27.85,0.4,1000,"bu","13:24:43",614200
27.85,0.4,1400,"sd","13:24:31",613200
27.85,0.4,2300,"bu","13:24:17",611800
27.85,0.4,7700,"sd","13:23:54",609500
27.9,0.45,9000,"sd","13:23:13",601800
27.9,0.45,300,"sd","13:23:10",592800
28,0.55,900,"sd","13:22:26",592500
28,0.55,1100,"sd","13:22:23",591600
28,0.55,1000,"sd","13:22:01",590500
28,0.55,100,"sd","13:21:42",589500
28,0.55,1500,"sd","13:21:41",589400
28,0.55,1500,"sd","13:21:28",587900
28,0.55,200,"sd","13:20:19",586400
28,0.55,4700,"bu","13:19:26",586200
27.9,0.45,400,"sd","13:18:08",581500
28,0.55,1800,"sd","13:17:52",581100
28,0.55,2000,"sd","13:17:48",579300
28,0.55,2000,"sd","13:16:35",577300
28,0.55,100,"sd","13:15:49",575300
28.05,0.6,1600,"sd","13:14:09",575200
28.05,0.6,900,"sd","13:14:05",573600
28.05,0.6,400,"sd","13:13:24",572700
28.05,0.6,1100,"sd","13:13:08",572300
28.05,0.6,500,"sd","13:12:29",571200
28.1,0.65,100,"bu","13:12:29",570700
28.1,0.65,100,"bu","13:12:28",570600
28,0.55,3000,"bu","13:12:28",570500
27.95,0.5,500,"bu","13:12:28",567500
27.95,0.5,2000,"bu","13:12:11",567000
27.95,0.5,200,"bu","13:11:24",565000
27.9,0.45,400,"bu","13:11:03",564800
27.9,0.45,500,"bu","13:10:42",564400
27.85,0.4,1400,"bu","13:08:28",563900
27.8,0.35,500,"sd","13:08:28",562500
27.85,0.4,10000,"bu","13:08:17",562000
27.8,0.35,1000,"bu","13:08:03",552000
27.8,0.35,20100,"bu","13:08:01",551000
27.8,0.35,1000,"bu","13:08:00",530900
27.75,0.3,2000,"sd","13:05:43",529900
27.75,0.3,3300,"sd","13:05:26",527900
27.75,0.3,100,"sd","13:04:09",524600
27.75,0.3,1400,"sd","13:03:33",524500
27.8,0.35,10000,"bu","13:03:32",523100
27.75,0.3,2200,"sd","13:01:44",513100
27.8,0.35,100,"bu","13:01:44",510900
27.75,0.3,400,"sd","13:01:44",510800
27.8,0.35,8400,"sd","13:00:45",510400
27.8,0.35,100,"sd","13:00:06",502000
27.85,0.4,5000,"sd","11:24:35",501900
27.85,0.4,1600,"sd","11:24:34",496900
27.85,0.4,400,"bu","11:21:17",495300
27.8,0.35,200,"sd","11:20:16",494900
27.8,0.35,5900,"bu","11:19:21",494700
27.8,0.35,4100,"sd","11:18:15",488800
27.85,0.4,200,"bu","11:17:54",484700
27.8,0.35,300,"bu","11:16:47",484500
27.8,0.35,3700,"bu","11:16:25",484200
27.8,0.35,5000,"bu","11:15:44",480500
27.8,0.35,1000,"sd","11:13:29",475500
27.8,0.35,500,"bu","11:12:44",474500
27.8,0.35,1000,"bu","11:12:43",474000
27.8,0.35,1000,"bu","11:12:42",473000
27.8,0.35,5000,"bu","11:12:39",472000
27.8,0.35,1000,"bu","11:11:41",467000
27.8,0.35,1500,"sd","11:10:40",466000
27.8,0.35,1000,"bu","11:08:54",464500
27.75,0.3,500,"sd","11:08:31",463500
27.8,0.35,5000,"bu","11:08:31",463000
27.8,0.35,4000,"sd","11:08:30",458000
27.8,0.35,100,"sd","11:08:28",454000
27.8,0.35,5000,"sd","11:03:41",453900
27.75,0.3,3000,"sd","10:59:34",448900
27.75,0.3,3000,"sd","10:59:04",445900
27.8,0.35,1000,"bu","10:56:40",442900
27.8,0.35,25100,"sd","10:55:53",441900
27.85,0.4,4500,"sd","10:55:53",416800
27.9,0.45,400,"sd","10:55:51",411900
27.9,0.45,400,"bu","10:52:52",411500
27.9,0.45,600,"bu","10:52:51",411100
27.85,0.4,1000,"sd","10:52:20",410500
27.8,0.35,18700,"sd","10:46:26",409500
27.9,0.45,1000,"sd","10:45:43",374500
27.9,0.45,4000,"sd","10:45:14",373500
27.9,0.45,1000,"sd","10:44:31",369500
27.95,0.5,3900,"sd","10:43:11",368500
27.95,0.5,8800,"sd","10:42:39",364600
28,0.55,6200,"sd","10:42:39",355800
28,0.55,600,"sd","10:42:17",349600
28,0.55,3200,"bu","10:42:13",349000
28,0.55,8400,"sd","10:40:25",345800
28,0.55,500,"sd","10:40:17",337400
28.05,0.6,25500,"sd","10:40:12",336900
28.05,0.6,27200,"sd","10:40:10",311400
28.1,0.65,2800,"sd","10:40:10",284200
28.1,0.65,500,"sd","10:39:58",281400
28.1,0.65,2000,"sd","10:39:41",280900
28.1,0.65,1000,"sd","10:39:24",278900
28.1,0.65,4400,"sd","10:39:10",277900
28.1,0.65,2000,"sd","10:38:45",273500
28.1,0.65,1000,"sd","10:37:56",271500
28.1,0.65,100,"sd","10:32:01",270500
28.1,0.65,500,"sd","10:31:16",270400
28.1,0.65,600,"sd","10:30:36",269900
28.15,0.7,4200,"sd","10:29:33",269300
28.15,0.7,1000,"sd","10:28:40",265100
28.2,0.75,2100,"sd","10:27:30",264100
28.25,0.8,200,"bu","10:26:56",262000
28.2,0.75,1000,"sd","10:25:08",261800
28.2,0.75,100,"bu","10:24:05",260800
28.15,0.7,1400,"sd","10:23:51",260700
28.15,0.7,500,"sd","10:21:36",259300
28.2,0.75,2000,"bu","10:19:05",258800
28.15,0.7,1100,"sd","10:19:04",256800
28.2,0.75,100,"bu","10:16:47",255700
28.15,0.7,500,"sd","10:16:37",255600
28.15,0.7,5000,"sd","10:14:46",255100
28.15,0.7,200,"sd","10:13:57",250100
28.15,0.7,1400,"sd","10:12:05",249900
28.2,0.75,400,"bu","10:10:33",248500
28.2,0.75,400,"sd","10:08:28",248100
28.2,0.75,400,"sd","10:07:55",247700
28.25,0.8,300,"sd","10:07:38",247300
28.25,0.8,1100,"bu","10:07:31",247000
28.2,0.75,20000,"sd","10:07:15",245900
28.25,0.8,100,"sd","10:06:31",225900
28.25,0.8,2200,"sd","10:06:01",225800
28.25,0.8,500,"sd","10:05:50",223600
28.25,0.8,2200,"bu","10:05:42",223100
28.2,0.75,10000,"sd","10:05:36",220900
28.2,0.75,100,"sd","10:05:26",210900
28.2,0.75,100,"sd","10:05:16",210800
28.2,0.75,100,"sd","10:05:09",210700
28.2,0.75,15100,"sd","10:04:25",210600
28.25,0.8,4900,"sd","10:04:25",195500
28.25,0.8,100,"sd","10:02:04",190600
28.25,0.8,100,"bu","10:01:38",190500
28.25,0.8,200,"sd","10:00:58",190400
28.25,0.8,200,"sd","09:59:47",190200
28.25,0.8,1000,"sd","09:59:34",190000
28.25,0.8,200,"sd","09:59:29",189000
28.25,0.8,100,"sd","09:59:19",188800
28.25,0.8,1000,"sd","09:58:27",188700
28.25,0.8,200,"sd","09:58:10",187700
28.25,0.8,400,"sd","09:57:37",187500
28.25,0.8,200,"sd","09:57:13",187100
28.3,0.85,200,"bu","09:56:17",186900
28.25,0.8,3600,"sd","09:56:09",186700
28.25,0.8,100,"sd","09:56:07",183100
28.3,0.85,10000,"bu","09:56:05",183000
28.25,0.8,7800,"bu","09:55:55",173000
28.2,0.75,400,"sd","09:55:18",165200
28.25,0.8,200,"bu","09:54:48",164800
28.25,0.8,1000,"bu","09:54:32",164600
28.25,0.8,500,"sd","09:54:30",163600
28.25,0.8,100,"sd","09:54:07",163100
28.25,0.8,100,"sd","09:53:54",163000
28.25,0.8,5300,"bu","09:52:42",162900
28.2,0.75,13400,"bu","09:52:21",157600
28.15,0.7,100,"sd","09:51:49",144200
28.15,0.7,200,"bu","09:51:45",144100
28.15,0.7,800,"sd","09:50:48",143900
28.15,0.7,300,"sd","09:50:42",143100
28.15,0.7,8400,"bu","09:50:38",142800
28.1,0.65,500,"bu","09:50:38",134400
28.1,0.65,2000,"bu","09:50:15",133900
28.1,0.65,2000,"bu","09:50:11",131900
28.1,0.65,4000,"bu","09:50:10",129900
28.05,0.6,2000,"sd","09:49:58",125900
28.05,0.6,2000,"sd","09:49:55",123900
28.05,0.6,400,"bu","09:49:42",121900
28.05,0.6,200,"bu","09:49:18",121500
28.05,0.6,600,"bu","09:48:47",121300
28,0.55,1200,"sd","09:47:48",120700
28.05,0.6,100,"sd","09:46:46",119500
28.05,0.6,1000,"bu","09:44:39",119400
28.05,0.6,600,"sd","09:44:14",118400
28.05,0.6,400,"bu","09:44:09",117800
28.05,0.6,1000,"bu","09:43:40",117400
28.05,0.6,4000,"bu","09:43:04",116400
28.05,0.6,1000,"bu","09:42:29",112400
28,0.55,1000,"sd","09:41:54",111400
28,0.55,300,"bu","09:41:41",110400
28,0.55,1000,"bu","09:41:14",110100
28,0.55,4300,"sd","09:41:02",109100
28,0.55,100,"sd","09:40:55",104800
28,0.55,100,"sd","09:40:49",104700
28,0.55,5000,"sd","09:40:40",104600
28.05,0.6,500,"bu","09:37:43",99600
28.05,0.6,1500,"sd","09:36:24",99100
28.05,0.6,500,"sd","09:36:10",97600
28.05,0.6,200,"sd","09:35:56",97100
28.05,0.6,200,"sd","09:35:31",96900
28.05,0.6,200,"sd","09:34:44",96700
28.05,0.6,1000,"sd","09:34:35",96500
28.05,0.6,100,"sd","09:34:26",95500
28.05,0.6,800,"bu","09:33:06",95400
28.05,0.6,200,"sd","09:32:37",94600
28.05,0.6,400,"bu","09:32:06",94400
28,0.55,200,"sd","09:32:00",94000
28,0.55,1500,"sd","09:30:19",93800
28.05,0.6,3500,"sd","09:30:19",92300
28.05,0.6,1500,"sd","09:29:56",88800
28.1,0.65,900,"sd","09:29:56",87300
28.15,0.7,2600,"sd","09:29:56",86400
28.15,0.7,6000,"sd","09:29:51",83800
28.15,0.7,500,"sd","09:29:39",77800
28.15,0.7,500,"sd","09:29:31",77300
28.15,0.7,400,"sd","09:29:28",76800
28.1,0.65,100,"sd","09:29:24",76400
28.15,0.7,1700,"bu","09:29:02",76300
28.15,0.7,300,"sd","09:27:31",74600
28.15,0.7,1900,"bu","09:27:14",74300
28.15,0.7,3100,"sd","09:26:59",72400
28.15,0.7,400,"sd","09:26:42",69300
28.15,0.7,10000,"sd","09:26:37",68900
28.3,0.85,3000,"bu","09:26:10",58900
28.3,0.85,2000,"bu","09:25:53",55900
28.3,0.85,100,"sd","09:25:05",53900
28.3,0.85,900,"bu","09:24:47",53800
28.3,0.85,3000,"sd","09:24:42",52900
28.3,0.85,4100,"bu","09:24:31",49900
28.2,0.75,5400,"bu","09:24:14",45800
28.15,0.7,1000,"bu","09:24:07",40400
28.15,0.7,600,"bu","09:23:41",39400
28.2,0.75,100,"bu","09:23:17",38800
28.15,0.7,600,"sd","09:23:06",38700
28.15,0.7,8000,"sd","09:23:00",38100
28.15,0.7,1000,"bu","09:22:58",30100
28.1,0.65,400,"bu","09:22:58",29100
28,0.55,100,"sd","09:22:37",28700
28.05,0.6,2000,"bu","09:22:31",28600
28,0.55,3100,"bu","09:22:15",26600
28,0.55,500,"bu","09:22:07",23500
27.95,0.5,1000,"sd","09:22:01",23000
28,0.55,300,"bu","09:21:55",22000
28,0.55,1000,"bu","09:21:53",21700
28,0.55,2000,"bu","09:21:44",20700
27.95,0.5,100,"bu","09:21:33",18700
27.9,0.45,6200,"bu","09:21:33",18600
27.85,0.4,500,"bu","09:21:33",12400
27.85,0.4,1700,"bu","09:21:15",11900
27.85,0.4,300,"sd","09:21:13",10200
27.85,0.4,1100,"bu","09:21:08",9900
27.8,0.35,1000,"sd","09:20:42",8800
27.8,0.35,1500,"bu","09:20:34",7800
27.8,0.35,1500,"bu","09:20:06",6300
27.75,0.3,100,"bu","09:19:59",4800
27.7,0.25,1000,"bu","09:19:46",4700
27.65,0.2,200,"bu","09:19:11",3700
27.6,0.15,200,"bu","09:19:11",3500
27.6,0.15,100,"bu","09:18:26",3300
27.55,0.1,500,"sd","09:17:05",3200
27.55,0.1,200,"sd","09:16:11",2700
27.55,0.1,2500,"","09:15:09",2500
