"Stockcode","Package","TradingDate","Price","Vol","TotalVol","TotalVal","Change","IsBuy","PerChange"
"VGS",144513,"/Date(1701157501000)/",22600,99900,1991554,43511699600,1300,false,6.1
"VGS",143000,"/Date(1701156600000)/",22600,100,1891654,41253959600,1300,true,6.1
"VGS",142959,"/Date(1701156599000)/",22600,500,1891554,41251699600,1300,true,6.1
"VGS",142958,"/Date(1701156598000)/",22600,1100,1891054,41240399600,1300,true,6.1
"VGS",142955,"/Date(1701156595000)/",22600,400,1889954,41215539600,1300,true,6.1
"VGS",142952,"/Date(1701156592000)/",22700,2000,1889554,41206499600,1400,false,6.57
"VGS",142948,"/Date(1701156588000)/",22700,454,1887554,41161099600,1400,false,6.57
"VGS",142945,"/Date(1701156585000)/",22700,1000,1887100,41150798700,1400,false,6.57
"VGS",142938,"/Date(1701156578000)/",22700,2600,1886100,41128098700,1400,false,6.57
"VGS",142937,"/Date(1701156577000)/",22700,6000,1883500,41069078700,1400,true,6.57
"VGS",142933,"/Date(1701156573000)/",22800,100,1877500,40932878700,1500,false,7.04
"VGS",142929,"/Date(1701156569000)/",22800,1600,1877400,40930598700,1500,false,7.04
"VGS",142926,"/Date(1701156566000)/",22800,500,1875800,40894218700,1500,false,7.04
"VGS",142923,"/Date(1701156563000)/",22800,5000,1875300,40882818700,1500,false,7.04
"VGS",142920,"/Date(1701156560000)/",22800,99,1870300,40768818700,1500,false,7.04
"VGS",142917,"/Date(1701156557000)/",22800,100,1870201,40766581300,1500,false,7.04
"VGS",142913,"/Date(1701156553000)/",22800,100,1870101,40764301300,1500,false,7.04
"VGS",142912,"/Date(1701156552000)/",22800,1500,1870001,40762021300,1500,false,7.04
"VGS",142902,"/Date(1701156542000)/",22800,1000,1868501,40727821300,1500,false,7.04
"VGS",142858,"/Date(1701156538000)/",22700,100,1867501,40705021300,1400,true,6.57
"VGS",142856,"/Date(1701156536000)/",22700,99,1867401,40702751300,1400,true,6.57
"VGS",142855,"/Date(1701156535000)/",22700,100,1867302,40700514100,1400,true,6.57
"VGS",142853,"/Date(1701156533000)/",22700,1000,1867202,40698244100,1400,true,6.57
"VGS",142851,"/Date(1701156531000)/",22800,100,1866202,40675544100,1500,false,7.04
"VGS",142843,"/Date(1701156523000)/",22700,500,1866102,40673264100,1400,true,6.57
"VGS",142838,"/Date(1701156518000)/",22800,200,1865602,40661914100,1500,false,7.04
"VGS",142837,"/Date(1701156517000)/",22800,500,1865402,40657354100,1500,false,7.04
"VGS",142833,"/Date(1701156513000)/",22800,1,1864902,40645954100,1500,false,7.04
"VGS",142830,"/Date(1701156510000)/",22800,499,1864901,40645931600,1500,false,7.04
"VGS",142824,"/Date(1701156504000)/",22800,99,1864402,40634584100,1500,false,7.04
"VGS",142811,"/Date(1701156491000)/",22800,5000,1864303,40632369600,1500,false,7.04
"VGS",142759,"/Date(1701156479000)/",22800,6000,1859303,40518369600,1500,false,7.04
"VGS",142758,"/Date(1701156478000)/",22700,400,1853303,40381769600,1400,false,6.57
"VGS",142754,"/Date(1701156474000)/",22700,6004,1852903,40372689600,1400,false,6.57
"VGS",142752,"/Date(1701156472000)/",22700,12200,1846899,40236500400,1400,false,6.57
"VGS",142749,"/Date(1701156469000)/",22700,500,1834699,39959560400,1400,false,6.57
"VGS",142745,"/Date(1701156465000)/",22700,99,1834199,39948210400,1400,false,6.57
"VGS",142735,"/Date(1701156455000)/",22700,99,1834100,39946002700,1400,false,6.57
"VGS",142730,"/Date(1701156450000)/",22700,6000,1834001,39943799900,1400,false,6.57
"VGS",142724,"/Date(1701156444000)/",22700,500,1828001,39807599900,1400,false,6.57
"VGS",142720,"/Date(1701156440000)/",22600,203,1827501,39796249900,1300,true,6.1
"VGS",142719,"/Date(1701156439000)/",22600,99,1827298,39791666000,1300,true,6.1
"VGS",142715,"/Date(1701156436000)/",22600,200,1827199,39789472000,1300,true,6.1
"VGS",142707,"/Date(1701156427000)/",22600,100,1826999,39784952000,1300,false,6.1
"VGS",142705,"/Date(1701156426000)/",22600,599,1826899,39782692000,1300,false,6.1
"VGS",142704,"/Date(1701156424000)/",22600,200,1826300,39769204100,1300,false,6.1
"VGS",142702,"/Date(1701156422000)/",22600,200,1826100,39764684100,1300,false,6.1
"VGS",142701,"/Date(1701156421000)/",22600,2400,1825900,39760164100,1300,false,6.1
"VGS",142659,"/Date(1701156419000)/",22600,2000,1823500,39705924100,1300,false,6.1
"VGS",142658,"/Date(1701156418000)/",22600,100,1821500,39660724100,1300,false,6.1
"VGS",142657,"/Date(1701156417000)/",22600,1000,1821400,39658464100,1300,false,6.1
"VGS",142654,"/Date(1701156414000)/",22600,5000,1820400,39635864100,1300,false,6.1
"VGS",142640,"/Date(1701156400000)/",22600,200,1815400,39522864100,1300,false,6.1
"VGS",142637,"/Date(1701156397000)/",22600,300,1815200,39518344100,1300,false,6.1
"VGS",142633,"/Date(1701156393000)/",22600,500,1814900,39511564100,1300,false,6.1
"VGS",142628,"/Date(1701156388000)/",22500,4100,1814400,39500264100,1200,true,5.63
"VGS",142627,"/Date(1701156387000)/",22600,5400,1810300,39407814100,1300,false,6.1
"VGS",142625,"/Date(1701156385000)/",22500,1000,1804900,39285814100,1200,true,5.63
"VGS",142624,"/Date(1701156384000)/",22600,2000,1803900,39263314100,1300,false,6.1
"VGS",142604,"/Date(1701156364000)/",22500,6500,1801900,39218114100,1200,true,5.63
"VGS",142601,"/Date(1701156361000)/",22500,5000,1795400,39071864100,1200,false,5.63
"VGS",142559,"/Date(1701156359000)/",22500,1100,1790400,38959364100,1200,false,5.63
"VGS",142558,"/Date(1701156358000)/",22500,1000,1789300,38934614100,1200,false,5.63
"VGS",142557,"/Date(1701156357000)/",22500,10000,1788300,38912114100,1200,false,5.63
"VGS",142556,"/Date(1701156356000)/",22500,2400,1778300,38687114100,1200,false,5.63
"VGS",142555,"/Date(1701156355000)/",22500,7900,1775900,38633114100,1200,false,5.63
"VGS",142547,"/Date(1701156348000)/",22500,10000,1768000,38455364100,1200,false,5.63
"VGS",142545,"/Date(1701156345000)/",22500,6800,1758000,38230364100,1200,false,5.63
"VGS",142538,"/Date(1701156338000)/",22500,10200,1751200,38077364100,1200,false,5.63
"VGS",142537,"/Date(1701156337000)/",22400,1000,1741000,37847864100,1100,true,5.16
"VGS",142536,"/Date(1701156336000)/",22500,6800,1740000,37825464100,1200,false,5.63
"VGS",142528,"/Date(1701156328000)/",22500,30,1733200,37672464100,1200,false,5.63
"VGS",142524,"/Date(1701156324000)/",22500,2400,1733170,37671804100,1200,false,5.63
"VGS",142520,"/Date(1701156320000)/",22500,67,1730770,37617804100,1200,false,5.63
"VGS",142508,"/Date(1701156308000)/",22500,5000,1730703,37616343500,1200,false,5.63
"VGS",142505,"/Date(1701156305000)/",22400,2900,1725703,37503843500,1100,true,5.16
"VGS",142455,"/Date(1701156295000)/",22400,4100,1722803,37438883500,1100,true,5.16
"VGS",142453,"/Date(1701156294000)/",22400,3900,1718703,37347043500,1100,true,5.16
"VGS",142452,"/Date(1701156293000)/",22500,2000,1714803,37259683500,1200,false,5.63
"VGS",142451,"/Date(1701156291000)/",22400,100,1712803,37214683500,1100,true,5.16
"VGS",142446,"/Date(1701156287000)/",22400,300,1712703,37212443500,1100,false,5.16
"VGS",142445,"/Date(1701156285000)/",22400,10000,1712403,37205723500,1100,false,5.16
"VGS",142444,"/Date(1701156284000)/",22400,200,1702403,36981723500,1100,false,5.16
"VGS",142439,"/Date(1701156280000)/",22400,500,1702203,36977243500,1100,false,5.16
"VGS",142439,"/Date(1701156279000)/",22400,1000,1701703,36966043500,1100,false,5.16
"VGS",142427,"/Date(1701156268000)/",22400,10600,1700703,36943643500,1100,false,5.16
"VGS",142422,"/Date(1701156263000)/",22400,2000,1690103,36706203500,1100,false,5.16
"VGS",142420,"/Date(1701156260000)/",22300,2000,1688103,36661403500,1000,true,4.69
"VGS",142418,"/Date(1701156259000)/",22400,3000,1686103,36616803500,1100,false,5.16
"VGS",142418,"/Date(1701156258000)/",22400,2000,1683103,36549603500,1100,false,5.16
"VGS",142414,"/Date(1701156254000)/",22300,100,1681103,36504803500,1000,true,4.69
"VGS",142357,"/Date(1701156238000)/",22300,100,1681003,36502573500,1000,true,4.69
"VGS",142356,"/Date(1701156237000)/",22400,1900,1680903,36500343500,1100,false,5.16
"VGS",142345,"/Date(1701156226000)/",22400,15000,1679003,36457783500,1100,false,5.16
"VGS",142336,"/Date(1701156217000)/",22400,3000,1664003,36121783500,1100,false,5.16
"VGS",142334,"/Date(1701156214000)/",22300,5000,1661003,36054583500,1000,true,4.69
"VGS",142333,"/Date(1701156213000)/",22400,17,1656003,35943083500,1100,false,5.16
"VGS",142318,"/Date(1701156199000)/",22400,2000,1655986,35942712900,1100,false,5.16
"VGS",142317,"/Date(1701156198000)/",22400,3000,1653986,35897912900,1100,false,5.16
"VGS",142316,"/Date(1701156197000)/",22300,2100,1650986,35830712900,1000,true,4.69
"VGS",142314,"/Date(1701156194000)/",22400,3000,1648886,35783882900,1100,false,5.16
"VGS",142312,"/Date(1701156193000)/",22400,1000,1645886,35716682900,1100,false,5.16
"VGS",142311,"/Date(1701156192000)/",22300,1500,1644886,35694282900,1000,true,4.69
"VGS",142308,"/Date(1701156189000)/",22300,400,1643386,35660832900,1000,true,4.69
"VGS",142308,"/Date(1701156188000)/",22300,1000,1642986,35651912900,1000,true,4.69
"VGS",142305,"/Date(1701156186000)/",22300,1000,1641986,35629612900,1000,true,4.69
"VGS",142301,"/Date(1701156182000)/",22300,300,1640986,35607312900,1000,true,4.69
"VGS",142300,"/Date(1701156181000)/",22400,1000,1640686,35600622900,1100,false,5.16
"VGS",142258,"/Date(1701156179000)/",22300,5000,1639686,35578222900,1000,true,4.69
"VGS",142256,"/Date(1701156177000)/",22300,100,1634686,35466722900,1000,true,4.69
"VGS",142249,"/Date(1701156170000)/",22300,1000,1634586,35464492900,1000,true,4.69
"VGS",142244,"/Date(1701156165000)/",22300,100,1633586,35442192900,1000,true,4.69
"VGS",142236,"/Date(1701156157000)/",22300,3000,1633486,35439962900,1000,true,4.69
"VGS",142223,"/Date(1701156144000)/",22300,19400,1630486,35373062900,1000,true,4.69
"VGS",142208,"/Date(1701156129000)/",22300,3000,1611086,34940442900,1000,false,4.69
"VGS",142200,"/Date(1701156121000)/",22300,2400,1608086,34873542900,1000,false,4.69
"VGS",142140,"/Date(1701156101000)/",22300,5000,1605686,34820022900,1000,false,4.69
"VGS",142137,"/Date(1701156098000)/",22300,10000,1600686,34708522900,1000,false,4.69
"VGS",142133,"/Date(1701156094000)/",22300,1000,1590686,34485522900,1000,false,4.69
"VGS",142128,"/Date(1701156089000)/",22300,3000,1589686,34463222900,1000,false,4.69
"VGS",142121,"/Date(1701156082000)/",22300,3500,1586686,34396322900,1000,false,4.69
"VGS",142118,"/Date(1701156079000)/",22300,5000,1583186,34318272900,1000,false,4.69
"VGS",142108,"/Date(1701156069000)/",22300,6000,1578186,34206772900,1000,false,4.69
"VGS",142100,"/Date(1701156060000)/",22300,5000,1572186,34072972900,1000,false,4.69
"VGS",142055,"/Date(1701156056000)/",22200,500,1567186,33961472900,900,true,4.23
"VGS",142052,"/Date(1701156053000)/",22200,1000,1566686,33950372900,900,true,4.23
"VGS",142051,"/Date(1701156052000)/",22300,25000,1565686,33928172900,1000,false,4.69
"VGS",142049,"/Date(1701156050000)/",22300,10000,1540686,33370672900,1000,false,4.69
"VGS",142036,"/Date(1701156036000)/",22200,700,1530686,33147672900,900,true,4.23
"VGS",142020,"/Date(1701156020000)/",22200,14800,1529986,33132132900,900,true,4.23
"VGS",142019,"/Date(1701156018000)/",22100,900,1515186,32803572900,800,true,3.76
"VGS",142006,"/Date(1701156006000)/",22100,13900,1514286,32783682900,800,false,3.76
"VGS",141933,"/Date(1701155973000)/",22000,12600,1500386,32476492900,700,false,3.29
"VGS",141849,"/Date(1701155929000)/",21800,900,1487786,32199672900,500,true,2.35
"VGS",141808,"/Date(1701155888000)/",21800,500,1486886,32180052900,500,true,2.35
"VGS",141749,"/Date(1701155869000)/",21800,500,1486386,32169152900,500,true,2.35
"VGS",141737,"/Date(1701155857000)/",21800,600,1485886,32158252900,500,true,2.35
"VGS",141715,"/Date(1701155835000)/",21900,600,1485286,32145172900,600,false,2.82
"VGS",141658,"/Date(1701155818000)/",21900,500,1484686,32132032900,600,false,2.82
"VGS",141645,"/Date(1701155805000)/",21900,5000,1484186,32121082900,600,false,2.82
"VGS",141630,"/Date(1701155790000)/",21900,1000,1479186,32011582900,600,true,2.82
"VGS",141629,"/Date(1701155789000)/",21900,1100,1478186,31989682900,600,true,2.82
"VGS",141624,"/Date(1701155784000)/",21900,40,1477086,31965592900,600,true,2.82
"VGS",141613,"/Date(1701155773000)/",21900,900,1477046,31964732900,600,true,2.82
"VGS",141610,"/Date(1701155770000)/",22000,1000,1476146,31945022900,700,false,3.29
"VGS",141533,"/Date(1701155733000)/",22000,35,1475146,31923022900,700,false,3.29
"VGS",141528,"/Date(1701155728000)/",22000,600,1475111,31922279300,700,true,3.29
"VGS",141525,"/Date(1701155725000)/",22000,1000,1474511,31909079300,700,true,3.29
"VGS",141513,"/Date(1701155713000)/",22000,500,1473511,31887079300,700,true,3.29
"VGS",141509,"/Date(1701155709000)/",22000,55,1473011,31876079300,700,true,3.29
"VGS",141457,"/Date(1701155697000)/",22000,100,1472956,31874881300,700,true,3.29
"VGS",141453,"/Date(1701155693000)/",22000,600,1472856,31872681300,700,true,3.29
"VGS",141448,"/Date(1701155688000)/",22000,800,1472256,31859481300,700,false,3.29
"VGS",141433,"/Date(1701155673000)/",21800,3000,1471456,31841881300,500,true,2.35
"VGS",141419,"/Date(1701155659000)/",22000,100,1468456,31776481300,700,false,3.29
"VGS",141322,"/Date(1701155602000)/",21800,1000,1468356,31774281300,500,true,2.35
"VGS",141237,"/Date(1701155557000)/",21800,1000,1467356,31752481300,500,true,2.35
"VGS",141221,"/Date(1701155541000)/",21800,9100,1466356,31730681300,500,true,2.35
"VGS",141210,"/Date(1701155530000)/",22100,600,1457256,31532041300,800,true,3.76
"VGS",141208,"/Date(1701155528000)/",22100,500,1456656,31518781300,800,true,3.76
"VGS",141205,"/Date(1701155525000)/",22100,3600,1456156,31507731300,800,true,3.76
"VGS",141134,"/Date(1701155494000)/",22100,5000,1452556,31428171300,800,true,3.76
"VGS",141133,"/Date(1701155493000)/",22100,300,1447556,31317671300,800,true,3.76
"VGS",141132,"/Date(1701155492000)/",22100,200,1447256,31311041300,800,true,3.76
"VGS",141130,"/Date(1701155490000)/",22100,300,1447056,31306621300,800,false,3.76
"VGS",141125,"/Date(1701155485000)/",22100,1700,1446756,31299991300,800,true,3.76
"VGS",141123,"/Date(1701155483000)/",22100,200,1445056,31262421300,800,true,3.76
"VGS",141120,"/Date(1701155480000)/",22100,5,1444856,31258001300,800,true,3.76
"VGS",141110,"/Date(1701155470000)/",22100,100,1444851,31257891300,800,true,3.76
"VGS",141055,"/Date(1701155455000)/",22100,2000,1444751,31255681300,800,true,3.76
"VGS",141048,"/Date(1701155447000)/",22100,300,1442751,31211481300,800,true,3.76
"VGS",141040,"/Date(1701155440000)/",22100,2000,1442451,31204851300,800,true,3.76
"VGS",140935,"/Date(1701155375000)/",22100,400,1440451,31160651300,800,true,3.76
"VGS",140919,"/Date(1701155359000)/",22200,5,1440051,31151811300,900,false,4.23
"VGS",140848,"/Date(1701155328000)/",22200,200,1440046,31151701300,900,false,4.23
"VGS",140840,"/Date(1701155320000)/",21800,10000,1439846,31147261300,500,true,2.35
"VGS",140836,"/Date(1701155316000)/",22200,200,1429846,30927881300,900,false,4.23
"VGS",140825,"/Date(1701155305000)/",22100,12000,1429646,30923441300,800,true,3.76
"VGS",140823,"/Date(1701155303000)/",22200,2100,1417646,30658211300,900,false,4.23
"VGS",140818,"/Date(1701155298000)/",22200,100,1415546,30611591300,900,false,4.23
"VGS",140809,"/Date(1701155289000)/",22200,500,1415446,30609371300,900,false,4.23
"VGS",140808,"/Date(1701155288000)/",22200,5000,1414946,30598271300,900,false,4.23
"VGS",140801,"/Date(1701155281000)/",22200,300,1409946,30487271300,900,false,4.23
"VGS",140759,"/Date(1701155279000)/",22200,2000,1409646,30480611300,900,false,4.23
"VGS",140742,"/Date(1701155262000)/",22200,2000,1407646,30436211300,900,false,4.23
"VGS",140740,"/Date(1701155260000)/",22200,1000,1405646,30391811300,900,false,4.23
"VGS",140712,"/Date(1701155232000)/",22200,5000,1404646,30369611300,900,false,4.23
"VGS",140707,"/Date(1701155227000)/",22200,500,1399646,30258611300,900,false,4.23
"VGS",140704,"/Date(1701155224000)/",22200,200,1399146,30247511300,900,false,4.23
"VGS",140643,"/Date(1701155203000)/",22200,400,1398946,30243071300,900,false,4.23
"VGS",140642,"/Date(1701155202000)/",22200,200,1398546,30234191300,900,false,4.23
"VGS",140641,"/Date(1701155201000)/",22200,5000,1398346,30229751300,900,false,4.23
"VGS",140633,"/Date(1701155193000)/",22200,2000,1393346,30118751300,900,false,4.23
"VGS",140618,"/Date(1701155178000)/",22100,100,1391346,30074351300,800,true,3.76
"VGS",140605,"/Date(1701155165000)/",22100,1000,1391246,30072141300,800,true,3.76
"VGS",140534,"/Date(1701155134000)/",22100,1000,1390246,30050041300,800,true,3.76
"VGS",140515,"/Date(1701155115000)/",22100,1900,1389246,30027941300,800,true,3.76
"VGS",140504,"/Date(1701155104000)/",22100,2000,1387346,29985951300,800,false,3.76
"VGS",140453,"/Date(1701155093000)/",22100,800,1385346,29941751300,800,false,3.76
"VGS",140447,"/Date(1701155087000)/",22000,1000,1384546,29924071300,700,true,3.29
"VGS",140438,"/Date(1701155078000)/",22000,800,1383546,29902071300,700,false,3.29
"VGS",140437,"/Date(1701155077000)/",22000,500,1382746,29884471300,700,false,3.29
"VGS",140436,"/Date(1701155076000)/",22000,200,1382246,29873471300,700,false,3.29
"VGS",140432,"/Date(1701155072000)/",22000,1000,1382046,29869071300,700,false,3.29
"VGS",140425,"/Date(1701155065000)/",22000,1000,1381046,29847071300,700,false,3.29
"VGS",140408,"/Date(1701155048000)/",22000,100,1380046,29825071300,700,false,3.29
"VGS",140407,"/Date(1701155047000)/",22000,500,1379946,29822871300,700,false,3.29
"VGS",140403,"/Date(1701155043000)/",22000,3000,1379446,29811871300,700,false,3.29
"VGS",140359,"/Date(1701155039000)/",22000,400,1376446,29745871300,700,false,3.29
"VGS",140355,"/Date(1701155035000)/",22000,3000,1376046,29737071300,700,false,3.29
"VGS",140347,"/Date(1701155027000)/",21900,1000,1373046,29671071300,600,false,2.82
"VGS",140346,"/Date(1701155026000)/",21900,400,1372046,29649171300,600,false,2.82
"VGS",140342,"/Date(1701155022000)/",21900,900,1371646,29640411300,600,false,2.82
"VGS",140337,"/Date(1701155017000)/",21900,200,1370746,29620701300,600,false,2.82
"VGS",140326,"/Date(1701155006000)/",21800,2400,1370546,29616321300,500,false,2.35
"VGS",140325,"/Date(1701155005000)/",21800,1000,1368146,29564001300,500,false,2.35
"VGS",140324,"/Date(1701155004000)/",21800,2500,1367146,29542201300,500,false,2.35
"VGS",140322,"/Date(1701155002000)/",21800,2500,1364646,29487701300,500,false,2.35
"VGS",140319,"/Date(1701154999000)/",21800,2000,1362146,29433201300,500,false,2.35
"VGS",140318,"/Date(1701154998000)/",21800,900,1360146,29389601300,500,false,2.35
"VGS",140316,"/Date(1701154996000)/",21800,5300,1359246,29369981300,500,false,2.35
"VGS",140314,"/Date(1701154994000)/",21800,20,1353946,29254921300,500,false,2.35
"VGS",140313,"/Date(1701154993000)/",21800,5000,1353926,29254487300,500,false,2.35
"VGS",140311,"/Date(1701154991000)/",21800,100,1348926,29145487300,500,false,2.35
"VGS",140302,"/Date(1701154982000)/",21700,400,1348826,29143307300,400,false,1.88
"VGS",140301,"/Date(1701154981000)/",21700,600,1348426,29134627300,400,false,1.88
"VGS",140258,"/Date(1701154978000)/",21700,2600,1347826,29121607300,400,false,1.88
"VGS",140255,"/Date(1701154975000)/",21700,5200,1345226,29065187300,400,false,1.88
"VGS",140254,"/Date(1701154974000)/",21800,500,1340026,28952347300,500,false,2.35
"VGS",140239,"/Date(1701154959000)/",21800,600,1339526,28941447300,500,false,2.35
"VGS",140231,"/Date(1701154951000)/",21800,400,1338926,28928367300,500,true,2.35
"VGS",140221,"/Date(1701154941000)/",21800,1000,1338526,28919647300,500,true,2.35
"VGS",140212,"/Date(1701154932000)/",21800,6000,1337526,28897847300,500,true,2.35
"VGS",140137,"/Date(1701154897000)/",21900,200,1331526,28767047300,600,false,2.82
"VGS",140119,"/Date(1701154879000)/",22000,600,1331326,28762667300,700,false,3.29
"VGS",140117,"/Date(1701154877000)/",22000,8800,1330726,28749467300,700,true,3.29
"VGS",140116,"/Date(1701154876000)/",22000,3100,1321926,28555867300,700,true,3.29
"VGS",140115,"/Date(1701154875000)/",22000,300,1318826,28487667300,700,true,3.29
"VGS",140112,"/Date(1701154872000)/",22000,100,1318526,28481067300,700,true,3.29
"VGS",140104,"/Date(1701154864000)/",22000,500,1318426,28478867300,700,true,3.29
"VGS",140103,"/Date(1701154863000)/",22000,100,1317926,28467867300,700,true,3.29
"VGS",140101,"/Date(1701154861000)/",22000,200,1317826,28465667300,700,true,3.29
"VGS",140100,"/Date(1701154860000)/",22000,100,1317626,28461267300,700,true,3.29
"VGS",140059,"/Date(1701154859000)/",22000,900,1317526,28459067300,700,true,3.29
"VGS",140058,"/Date(1701154858000)/",22000,2100,1316626,28439267300,700,true,3.29
"VGS",140057,"/Date(1701154857000)/",22000,1000,1314526,28393067300,700,true,3.29
"VGS",140055,"/Date(1701154855000)/",22000,1500,1313526,28371067300,700,true,3.29
"VGS",140043,"/Date(1701154843000)/",22000,500,1312026,28338067300,700,true,3.29
"VGS",140042,"/Date(1701154842000)/",22000,500,1311526,28327067300,700,true,3.29
"VGS",140031,"/Date(1701154831000)/",22000,100,1311026,28316067300,700,true,3.29
"VGS",140027,"/Date(1701154827000)/",22000,14000,1310926,28313867300,700,true,3.29
"VGS",140026,"/Date(1701154826000)/",22000,4000,1296926,28005567300,700,true,3.29
"VGS",140025,"/Date(1701154825000)/",22000,1000,1292926,27917567300,700,true,3.29
"VGS",140023,"/Date(1701154823000)/",22000,1000,1291926,27895567300,700,true,3.29
"VGS",140022,"/Date(1701154822000)/",22000,500,1290926,27873567300,700,true,3.29
"VGS",140021,"/Date(1701154821000)/",22000,300,1290426,27862567300,700,true,3.29
"VGS",140018,"/Date(1701154818000)/",22000,6000,1290126,27855967300,700,true,3.29
"VGS",140015,"/Date(1701154815000)/",22000,3000,1284126,27723967300,700,true,3.29
"VGS",140011,"/Date(1701154811000)/",22000,12300,1281126,27657967300,700,true,3.29
"VGS",140003,"/Date(1701154803000)/",22000,400,1268826,27387367300,700,true,3.29
"VGS",135953,"/Date(1701154793000)/",22000,100,1268426,27378567300,700,true,3.29
"VGS",135951,"/Date(1701154791000)/",22000,5000,1268326,27376367300,700,true,3.29
"VGS",135948,"/Date(1701154788000)/",22000,5,1263326,27266367300,700,true,3.29
"VGS",135943,"/Date(1701154783000)/",22000,500,1263321,27266257300,700,true,3.29
"VGS",135902,"/Date(1701154742000)/",22100,1300,1262821,27255257300,800,false,3.76
"VGS",135853,"/Date(1701154733000)/",22000,1500,1261521,27226527300,700,true,3.29
"VGS",135852,"/Date(1701154732000)/",22100,29,1260021,27193527300,800,false,3.76
"VGS",135840,"/Date(1701154720000)/",22100,200,1259992,27192889300,800,false,3.76
"VGS",135839,"/Date(1701154719000)/",22100,500,1259792,27188469300,800,false,3.76
"VGS",135828,"/Date(1701154708000)/",22100,500,1259292,27177419300,800,true,3.76
"VGS",135827,"/Date(1701154707000)/",22100,3000,1258792,27166369300,800,true,3.76
"VGS",135825,"/Date(1701154705000)/",22100,600,1255792,27100069300,800,true,3.76
"VGS",135817,"/Date(1701154697000)/",22100,500,1255192,27086809300,800,true,3.76
"VGS",135814,"/Date(1701154694000)/",22200,1500,1254692,27075759300,900,false,4.23
"VGS",135813,"/Date(1701154693000)/",22200,4700,1253192,27042459300,900,false,4.23
"VGS",135812,"/Date(1701154692000)/",22200,1700,1248492,26938119300,900,false,4.23
"VGS",135810,"/Date(1701154690000)/",22200,6500,1246792,26900379300,900,true,4.23
"VGS",135808,"/Date(1701154688000)/",22200,500,1240292,26756079300,900,true,4.23
"VGS",135807,"/Date(1701154687000)/",22200,11000,1239792,26744979300,900,true,4.23
"VGS",135804,"/Date(1701154684000)/",22200,5000,1228792,26500779300,900,true,4.23
"VGS",135803,"/Date(1701154683000)/",22200,500,1223792,26389779300,900,true,4.23
"VGS",135802,"/Date(1701154682000)/",22200,2000,1223292,26378679300,900,true,4.23
"VGS",135744,"/Date(1701154664000)/",22300,500,1221292,26334279300,1000,false,4.69
"VGS",135742,"/Date(1701154662000)/",22200,5000,1220792,26323129300,900,true,4.23
"VGS",135737,"/Date(1701154657000)/",22300,300,1215792,26212129300,1000,false,4.69
"VGS",135734,"/Date(1701154654000)/",22300,50,1215492,26205439300,1000,false,4.69
"VGS",135725,"/Date(1701154645000)/",22300,5000,1215442,26204339300,1000,false,4.69
"VGS",135723,"/Date(1701154643000)/",22300,5,1210442,26092839300,1000,false,4.69
"VGS",135716,"/Date(1701154636000)/",22300,100,1210437,26092729300,1000,false,4.69
"VGS",135713,"/Date(1701154633000)/",22300,100,1210337,26090499300,1000,false,4.69
"VGS",135712,"/Date(1701154632000)/",22300,400,1210237,26088269300,1000,true,4.69
"VGS",135709,"/Date(1701154629000)/",22300,2600,1209837,26079349300,1000,false,4.69
"VGS",135659,"/Date(1701154619000)/",22200,3000,1207237,26021569300,900,true,4.23
"VGS",135656,"/Date(1701154616000)/",22300,1000,1204237,25954969300,1000,false,4.69
"VGS",135655,"/Date(1701154615000)/",22300,8000,1203237,25932669300,1000,false,4.69
"VGS",135653,"/Date(1701154613000)/",22300,5000,1195237,25754269300,1000,false,4.69
"VGS",135639,"/Date(1701154599000)/",22300,95,1190237,25642769300,1000,false,4.69
"VGS",135633,"/Date(1701154593000)/",22300,1000,1190142,25640688800,1000,false,4.69
"VGS",135630,"/Date(1701154590000)/",22300,3000,1189142,25618388800,1000,false,4.69
"VGS",135626,"/Date(1701154586000)/",22300,900,1186142,25551488800,1000,false,4.69
"VGS",135608,"/Date(1701154568000)/",22300,5000,1185242,25531418800,1000,true,4.69
"VGS",135603,"/Date(1701154563000)/",22300,400,1180242,25419918800,1000,false,4.69
"VGS",135552,"/Date(1701154552000)/",22300,5000,1179842,25410998800,1000,false,4.69
"VGS",135550,"/Date(1701154550000)/",22300,500,1174842,25299498800,1000,false,4.69
"VGS",135549,"/Date(1701154549000)/",22300,5000,1174342,25288348800,1000,false,4.69
"VGS",135540,"/Date(1701154540000)/",22200,1500,1169342,25176848800,900,true,4.23
"VGS",135536,"/Date(1701154536000)/",22300,500,1167842,25143548800,1000,false,4.69
"VGS",135531,"/Date(1701154531000)/",22200,900,1167342,25132398800,900,true,4.23
"VGS",135530,"/Date(1701154530000)/",22200,100,1166442,25112418800,900,true,4.23
"VGS",135529,"/Date(1701154529000)/",22200,25800,1166342,25110198800,900,false,4.23
"VGS",135522,"/Date(1701154522000)/",22200,1000,1140542,24537438800,900,false,4.23
"VGS",135521,"/Date(1701154521000)/",22100,500,1139542,24515238800,800,true,3.76
"VGS",135512,"/Date(1701154512000)/",22200,8,1139042,24504188800,900,false,4.23
"VGS",135501,"/Date(1701154501000)/",22200,200,1139034,24504013600,900,false,4.23
"VGS",135452,"/Date(1701154492000)/",22100,50,1138834,24499573600,800,true,3.76
"VGS",135441,"/Date(1701154481000)/",22100,14600,1138784,24498483600,800,true,3.76
"VGS",135440,"/Date(1701154480000)/",22100,500,1124184,24175823600,800,false,3.76
"VGS",135437,"/Date(1701154477000)/",22000,300,1123684,24164773600,700,true,3.29
"VGS",135436,"/Date(1701154476000)/",22100,2000,1123384,24158173600,800,false,3.76
"VGS",135432,"/Date(1701154472000)/",22100,100,1121384,24113973600,800,false,3.76
"VGS",135426,"/Date(1701154466000)/",22000,1600,1121284,24111763600,700,true,3.29
"VGS",135410,"/Date(1701154450000)/",22000,62200,1119684,24076463600,700,true,3.29
"VGS",135404,"/Date(1701154444000)/",21900,300,1057484,22709133600,600,false,2.82
"VGS",135359,"/Date(1701154439000)/",21900,13000,1057184,22702563600,600,false,2.82
"VGS",135332,"/Date(1701154412000)/",21800,200,1044184,22417863600,500,true,2.35
"VGS",135328,"/Date(1701154408000)/",21800,200,1043984,22413503600,500,true,2.35
"VGS",135322,"/Date(1701154402000)/",21800,2000,1043784,22409143600,500,true,2.35
"VGS",135306,"/Date(1701154386000)/",21800,500,1041784,22365543600,500,true,2.35
"VGS",135257,"/Date(1701154377000)/",21900,6,1041284,22354643600,600,false,2.82
"VGS",135243,"/Date(1701154363000)/",21900,5,1041278,22354514000,600,false,2.82
"VGS",135205,"/Date(1701154325000)/",21900,200,1041273,22354406000,600,false,2.82
"VGS",135156,"/Date(1701154316000)/",21800,1000,1041073,22350026000,500,true,2.35
"VGS",135120,"/Date(1701154280000)/",21800,300,1040073,22328226000,500,true,2.35
"VGS",135109,"/Date(1701154269000)/",21800,200,1039773,22321686000,500,true,2.35
"VGS",135042,"/Date(1701154242000)/",21800,500,1039573,22317326000,500,true,2.35
"VGS",135033,"/Date(1701154233000)/",21800,500,1039073,22306426000,500,true,2.35
"VGS",135011,"/Date(1701154211000)/",21800,5800,1038573,22295526000,500,true,2.35
"VGS",135007,"/Date(1701154207000)/",21800,300,1032773,22169086000,500,false,2.35
"VGS",134949,"/Date(1701154189000)/",21800,100,1032473,22162546000,500,false,2.35
"VGS",134917,"/Date(1701154157000)/",21700,9700,1032373,22160366000,400,false,1.88
"VGS",134903,"/Date(1701154143000)/",21600,100,1022673,21949876000,300,true,1.41
"VGS",134902,"/Date(1701154142000)/",21600,500,1022573,21947716000,300,true,1.41
"VGS",134741,"/Date(1701154061000)/",21600,100,1022073,21936916000,300,true,1.41
"VGS",134639,"/Date(1701153999000)/",21600,200,1021973,21934756000,300,true,1.41
"VGS",134630,"/Date(1701153990000)/",21600,2500,1021773,21930436000,300,true,1.41
"VGS",134627,"/Date(1701153987000)/",21600,100,1019273,21876436000,300,true,1.41
"VGS",134611,"/Date(1701153971000)/",21600,100,1019173,21874276000,300,true,1.41
"VGS",134526,"/Date(1701153926000)/",21600,800,1019073,21872116000,300,true,1.41
"VGS",134524,"/Date(1701153925000)/",21600,100,1018273,21854836000,300,true,1.41
"VGS",134522,"/Date(1701153922000)/",21700,300,1018173,21852676000,400,false,1.88
"VGS",134513,"/Date(1701153913000)/",21600,200,1017873,21846166000,300,false,1.41
"VGS",134510,"/Date(1701153910000)/",21600,800,1017673,21841846000,300,true,1.41
"VGS",134453,"/Date(1701153893000)/",21600,600,1016873,21824566000,300,false,1.41
"VGS",134451,"/Date(1701153891000)/",21600,190,1016273,21811606000,300,false,1.41
"VGS",134446,"/Date(1701153886000)/",21600,1500,1016083,21807502000,300,false,1.41
"VGS",134423,"/Date(1701153863000)/",21600,18200,1014583,21775102000,300,true,1.41
"VGS",134405,"/Date(1701153845000)/",21600,100,996383,21381982000,300,true,1.41
"VGS",134401,"/Date(1701153841000)/",21600,100,996283,21379822000,300,true,1.41
"VGS",134359,"/Date(1701153839000)/",21600,100,996183,21377662000,300,true,1.41
"VGS",134335,"/Date(1701153815000)/",21600,500,996083,21375502000,300,true,1.41
"VGS",134311,"/Date(1701153791000)/",21700,6600,995583,21364702000,400,false,1.88
"VGS",134259,"/Date(1701153779000)/",21700,500,988983,21221482000,400,true,1.88
"VGS",134236,"/Date(1701153756000)/",21900,500,988483,21210632000,600,false,2.82
"VGS",134234,"/Date(1701153754000)/",21700,5000,987983,21199682000,400,true,1.88
"VGS",134222,"/Date(1701153742000)/",21900,300,982983,21090752000,600,false,2.82
"VGS",134220,"/Date(1701153740000)/",21900,2000,982683,21084182000,600,false,2.82
"VGS",134209,"/Date(1701153729000)/",21900,300,980683,21040382000,600,false,2.82
"VGS",134156,"/Date(1701153716000)/",21900,100,980383,21033812000,600,false,2.82
"VGS",134122,"/Date(1701153682000)/",22000,50000,980283,21031622000,700,false,3.29
"VGS",134116,"/Date(1701153676000)/",21800,200,930283,19933202000,500,true,2.35
"VGS",134114,"/Date(1701153674000)/",21800,500,930083,19928842000,500,true,2.35
"VGS",134053,"/Date(1701153653000)/",21900,500,929583,19917942000,600,false,2.82
"VGS",134043,"/Date(1701153643000)/",21900,1700,929083,19906992000,600,false,2.82
"VGS",134040,"/Date(1701153641000)/",21900,100,927383,19869762000,600,true,2.82
"VGS",134038,"/Date(1701153638000)/",21900,3000,927283,19867572000,600,true,2.82
"VGS",134037,"/Date(1701153637000)/",21900,300,924283,19801872000,600,true,2.82
"VGS",134027,"/Date(1701153627000)/",21900,200,923983,19795302000,600,true,2.82
"VGS",134022,"/Date(1701153622000)/",22000,2000,923783,19790922000,700,false,3.29
"VGS",134021,"/Date(1701153621000)/",21900,7000,921783,19746922000,600,true,2.82
"VGS",134020,"/Date(1701153620000)/",21900,4000,914783,19593622000,600,false,2.82
"VGS",134017,"/Date(1701153618000)/",21900,5000,910783,19506022000,600,true,2.82
"VGS",134014,"/Date(1701153614000)/",21900,200,905783,19396522000,600,true,2.82
"VGS",134011,"/Date(1701153611000)/",21900,800,905583,19392142000,600,true,2.82
"VGS",134008,"/Date(1701153608000)/",22000,500,904783,19374622000,700,false,3.29
"VGS",134005,"/Date(1701153605000)/",21900,100,904283,19363622000,600,true,2.82
"VGS",134004,"/Date(1701153604000)/",21900,100,904183,19361465100,600,true,2.82
"VGS",134002,"/Date(1701153602000)/",21900,3000,904083,19359316700,600,true,2.82
"VGS",133958,"/Date(1701153598000)/",21900,500,901083,19293616700,600,true,2.82
"VGS",133955,"/Date(1701153595000)/",21900,1100,900583,19282666700,600,true,2.82
"VGS",133941,"/Date(1701153581000)/",21900,900,899483,19258576700,600,true,2.82
"VGS",133939,"/Date(1701153579000)/",21900,3000,898583,19238866700,600,true,2.82
"VGS",133938,"/Date(1701153578000)/",21900,1000,895583,19173166700,600,true,2.82
"VGS",133933,"/Date(1701153573000)/",22000,400,894583,19151266700,700,false,3.29
"VGS",133930,"/Date(1701153571000)/",21900,200,894183,19142476700,600,true,2.82
"VGS",133930,"/Date(1701153570000)/",21900,500,893983,19138096700,600,true,2.82
"VGS",133927,"/Date(1701153567000)/",21900,100,893483,19127146700,600,true,2.82
"VGS",133922,"/Date(1701153562000)/",21900,7000,893383,19124956700,600,true,2.82
"VGS",133919,"/Date(1701153559000)/",21900,24,886383,18971456700,600,true,2.82
"VGS",133905,"/Date(1701153545000)/",21900,100,886359,18970943100,600,true,2.82
"VGS",133859,"/Date(1701153539000)/",22000,5000,886259,18968753100,700,false,3.29
"VGS",133857,"/Date(1701153537000)/",21900,4600,881259,18858753100,600,true,2.82
"VGS",133854,"/Date(1701153534000)/",21900,5100,876659,18758013100,600,false,2.82
"VGS",133840,"/Date(1701153520000)/",21800,2400,871559,18646333100,500,true,2.35
"VGS",133837,"/Date(1701153517000)/",21800,800,869159,18594013100,500,false,2.35
"VGS",133834,"/Date(1701153514000)/",21800,3000,868359,18576573100,500,false,2.35
"VGS",133833,"/Date(1701153513000)/",21800,3000,865359,18511173100,500,false,2.35
"VGS",133831,"/Date(1701153512000)/",21800,5000,862359,18445773100,500,false,2.35
"VGS",133830,"/Date(1701153511000)/",21800,700,857359,18336773100,500,false,2.35
"VGS",133829,"/Date(1701153510000)/",21800,1000,856659,18321513100,500,false,2.35
"VGS",133825,"/Date(1701153505000)/",21800,100,855659,18299713100,500,false,2.35
"VGS",133820,"/Date(1701153501000)/",21800,5000,855559,18297533100,500,false,2.35
"VGS",133804,"/Date(1701153484000)/",21700,100,850559,18188533100,400,true,1.88
"VGS",133801,"/Date(1701153482000)/",21800,30000,850459,18186363100,500,false,2.35
"VGS",133801,"/Date(1701153481000)/",21700,500,820459,17533573100,400,false,1.88
"VGS",133758,"/Date(1701153479000)/",21700,10100,819959,17522723100,400,false,1.88
"VGS",133752,"/Date(1701153472000)/",21700,500,809859,17303553100,400,false,1.88
"VGS",133747,"/Date(1701153468000)/",21600,5200,809359,17292703100,300,false,1.41
"VGS",133745,"/Date(1701153465000)/",21600,500,804159,17180383100,300,false,1.41
"VGS",133744,"/Date(1701153464000)/",21600,9500,803659,17169583100,300,false,1.41
"VGS",133742,"/Date(1701153463000)/",21600,200,794159,16964383100,300,false,1.41
"VGS",133742,"/Date(1701153462000)/",21600,1000,793959,16960063100,300,false,1.41
"VGS",133738,"/Date(1701153459000)/",21600,10000,792959,16938463100,300,false,1.41
"VGS",133738,"/Date(1701153458000)/",21600,5000,782959,16722463100,300,false,1.41
"VGS",133736,"/Date(1701153456000)/",21600,100,777959,16614463100,300,false,1.41
"VGS",133731,"/Date(1701153451000)/",21600,5500,777859,16612303100,300,false,1.41
"VGS",133728,"/Date(1701153448000)/",21600,2200,772359,16493503100,300,false,1.41
"VGS",133728,"/Date(1701153447000)/",21600,2000,770159,16445983100,300,false,1.41
"VGS",133720,"/Date(1701153440000)/",21600,1700,768159,16402783100,300,false,1.41
"VGS",133718,"/Date(1701153438000)/",21600,3200,766459,16366063100,300,true,1.41
"VGS",133716,"/Date(1701153435000)/",21600,1000,763259,16296943100,300,true,1.41
"VGS",133712,"/Date(1701153432000)/",21700,200,762259,16275343100,400,false,1.88
"VGS",133704,"/Date(1701153423000)/",21600,1000,762059,16271003100,300,true,1.41
"VGS",133654,"/Date(1701153414000)/",21600,1500,761059,16249403100,300,false,1.41
"VGS",133653,"/Date(1701153413000)/",21600,100,759559,16217003100,300,false,1.41
"VGS",133645,"/Date(1701153404000)/",21600,2100,759459,16214843100,300,false,1.41
"VGS",133643,"/Date(1701153403000)/",21600,1100,757359,16169483100,300,false,1.41
"VGS",133636,"/Date(1701153395000)/",21600,10500,756259,16145723100,300,false,1.41
"VGS",133628,"/Date(1701153388000)/",21600,900,745759,15918923100,300,false,1.41
"VGS",133601,"/Date(1701153360000)/",21600,5000,744859,15899483100,300,false,1.41
"VGS",133551,"/Date(1701153351000)/",21600,100,739859,15791483100,300,false,1.41
"VGS",133550,"/Date(1701153349000)/",21600,200,739759,15789323100,300,false,1.41
"VGS",133512,"/Date(1701153311000)/",21600,500,739559,15785003100,300,false,1.41
"VGS",133454,"/Date(1701153293000)/",21500,6200,739059,15774203100,200,true,0.94
"VGS",133423,"/Date(1701153263000)/",21500,1000,732859,15640903100,200,false,0.94
"VGS",133412,"/Date(1701153251000)/",21500,2600,731859,15619403100,200,false,0.94
"VGS",133410,"/Date(1701153250000)/",21500,200,729259,15563503100,200,true,0.94
"VGS",133358,"/Date(1701153238000)/",21500,2500,729059,15559203100,200,true,0.94
"VGS",133353,"/Date(1701153233000)/",21500,500,726559,15505453100,200,false,0.94
"VGS",133349,"/Date(1701153228000)/",21500,200,726059,15494703100,200,false,0.94
"VGS",133343,"/Date(1701153222000)/",21500,1000,725859,15490403100,200,false,0.94
"VGS",133314,"/Date(1701153194000)/",21500,3600,724859,15468903100,200,false,0.94
"VGS",133124,"/Date(1701153083000)/",21400,200,721259,15391503100,100,true,0.47
"VGS",133114,"/Date(1701153074000)/",21400,200,721059,15387223100,100,true,0.47
"VGS",133024,"/Date(1701153024000)/",21500,700,720859,15382943100,200,false,0.94
"VGS",133008,"/Date(1701153008000)/",21500,5000,720159,15367893100,200,false,0.94
"VGS",133003,"/Date(1701153002000)/",21500,200,715159,15260393100,200,false,0.94
"VGS",132958,"/Date(1701152998000)/",21500,2000,714959,15256093100,200,true,0.94
"VGS",132939,"/Date(1701152979000)/",21500,500,712959,15213093100,200,true,0.94
"VGS",132936,"/Date(1701152976000)/",21500,500,712459,15202343100,200,true,0.94
"VGS",132923,"/Date(1701152963000)/",21500,10000,711959,15191593100,200,true,0.94
"VGS",132859,"/Date(1701152939000)/",21600,100,701959,14976593100,300,false,1.41
"VGS",132856,"/Date(1701152936000)/",21600,300,701859,14974433100,300,false,1.41
"VGS",132849,"/Date(1701152929000)/",21600,5100,701559,14967953100,300,true,1.41
"VGS",132847,"/Date(1701152927000)/",21600,100,696459,14857793100,300,true,1.41
"VGS",132839,"/Date(1701152919000)/",21600,200,696359,14855633100,300,true,1.41
"VGS",132838,"/Date(1701152918000)/",21600,1000,696159,14851313100,300,true,1.41
"VGS",132837,"/Date(1701152917000)/",21600,3000,695159,14829713100,300,true,1.41
"VGS",132828,"/Date(1701152908000)/",21600,400,692159,14764913100,300,true,1.41
"VGS",132822,"/Date(1701152902000)/",21600,5000,691759,14756273100,300,true,1.41
"VGS",132818,"/Date(1701152898000)/",21600,100,686759,14648273100,300,true,1.41
"VGS",132816,"/Date(1701152896000)/",21600,3000,686659,14646113100,300,true,1.41
"VGS",132807,"/Date(1701152887000)/",21600,1500,683659,14581313100,300,true,1.41
"VGS",132803,"/Date(1701152883000)/",21600,100,682159,14548913100,300,true,1.41
"VGS",132801,"/Date(1701152881000)/",21600,5000,682059,14546753100,300,true,1.41
"VGS",132756,"/Date(1701152876000)/",21600,200,677059,14438753100,300,true,1.41
"VGS",132741,"/Date(1701152861000)/",21600,300,676859,14434433100,300,true,1.41
"VGS",132723,"/Date(1701152843000)/",21700,500,676559,14427953100,400,false,1.88
"VGS",132722,"/Date(1701152842000)/",21600,3200,676059,14417103100,300,true,1.41
"VGS",132718,"/Date(1701152838000)/",21600,500,672859,14347983100,300,true,1.41
"VGS",132712,"/Date(1701152832000)/",21700,1000,672359,14337183100,400,false,1.88
"VGS",132707,"/Date(1701152827000)/",21700,4400,671359,14315483100,400,false,1.88
"VGS",132702,"/Date(1701152822000)/",21600,3000,666959,14220003100,300,true,1.41
"VGS",132657,"/Date(1701152817000)/",21700,6,663959,14155203100,400,false,1.88
"VGS",132644,"/Date(1701152804000)/",21700,300,663953,14155075300,400,false,1.88
"VGS",132640,"/Date(1701152800000)/",21600,300,663653,14148565300,300,true,1.41
"VGS",132630,"/Date(1701152790000)/",21600,2600,663353,14142085300,300,true,1.41
"VGS",132627,"/Date(1701152787000)/",21600,2000,660753,14085925300,300,false,1.41
"VGS",132626,"/Date(1701152786000)/",21600,200,658753,14042725300,300,false,1.41
"VGS",132625,"/Date(1701152785000)/",21600,18500,658553,14038405300,300,false,1.41
"VGS",132621,"/Date(1701152780000)/",21600,2000,640053,13638805300,300,false,1.41
"VGS",132619,"/Date(1701152779000)/",21600,1000,638053,13595605300,300,false,1.41
"VGS",132607,"/Date(1701152767000)/",21600,400,637053,13574005300,300,false,1.41
"VGS",132606,"/Date(1701152766000)/",21600,300,636653,13565365300,300,false,1.41
"VGS",132604,"/Date(1701152764000)/",21600,4900,636353,13558885300,300,false,1.41
"VGS",132559,"/Date(1701152759000)/",21600,5000,631453,13453045300,300,false,1.41
"VGS",132556,"/Date(1701152756000)/",21600,1000,626453,13345045300,300,false,1.41
"VGS",132545,"/Date(1701152745000)/",21600,1000,625453,13323445300,300,false,1.41
"VGS",132534,"/Date(1701152734000)/",21600,100,624453,13301845300,300,false,1.41
"VGS",132525,"/Date(1701152725000)/",21600,900,624353,13299685300,300,false,1.41
"VGS",132517,"/Date(1701152717000)/",21600,100,623453,13280245300,300,false,1.41
"VGS",132510,"/Date(1701152710000)/",21600,1055,623353,13278085300,300,false,1.41
"VGS",132509,"/Date(1701152709000)/",21600,200,622298,13255313800,300,false,1.41
"VGS",132508,"/Date(1701152708000)/",21600,5000,622098,13250993800,300,false,1.41
"VGS",132458,"/Date(1701152698000)/",21600,300,617098,13142993800,300,false,1.41
"VGS",132452,"/Date(1701152692000)/",21600,500,616798,13136513800,300,false,1.41
"VGS",132447,"/Date(1701152687000)/",21600,2200,616298,13125713800,300,false,1.41
"VGS",132434,"/Date(1701152674000)/",21600,2000,614098,13078193800,300,false,1.41
"VGS",132430,"/Date(1701152670000)/",21600,1000,612098,13034993800,300,false,1.41
"VGS",132425,"/Date(1701152665000)/",21600,300,611098,13013393800,300,false,1.41
"VGS",132424,"/Date(1701152664000)/",21600,1400,610798,13006913800,300,false,1.41
"VGS",132419,"/Date(1701152659000)/",21500,200,609398,12976673800,200,true,0.94
"VGS",132418,"/Date(1701152658000)/",21600,500,609198,12972373800,300,false,1.41
"VGS",132402,"/Date(1701152642000)/",21500,5000,608698,12961573800,200,true,0.94
"VGS",132344,"/Date(1701152624000)/",21500,3000,603698,12854073800,200,false,0.94
"VGS",132341,"/Date(1701152621000)/",21500,36000,600698,12789573800,200,false,0.94
"VGS",132339,"/Date(1701152619000)/",21400,5100,564698,12015573800,100,true,0.47
"VGS",132329,"/Date(1701152609000)/",21500,1000,559598,11905933800,200,false,0.94
"VGS",132328,"/Date(1701152608000)/",21500,1500,558598,11884433800,200,false,0.94
"VGS",132258,"/Date(1701152578000)/",21400,5000,557098,11852183800,100,false,0.47
"VGS",132256,"/Date(1701152576000)/",21400,5000,552098,11745183800,100,false,0.47
"VGS",132255,"/Date(1701152575000)/",21400,500,547098,11638183800,100,false,0.47
"VGS",132251,"/Date(1701152571000)/",21400,7000,546598,11627483800,100,false,0.47
"VGS",132249,"/Date(1701152569000)/",21400,100,539598,11477683800,100,false,0.47
"VGS",132235,"/Date(1701152555000)/",21400,500,539498,11475543800,100,true,0.47
"VGS",132234,"/Date(1701152554000)/",21400,13000,538998,11464843800,100,true,0.47
"VGS",132216,"/Date(1701152536000)/",21500,2500,525998,11186643800,200,false,0.94
"VGS",132151,"/Date(1701152511000)/",21500,500,523498,11132893800,200,false,0.94
"VGS",132137,"/Date(1701152497000)/",21500,500,522998,11122143800,200,false,0.94
"VGS",132127,"/Date(1701152487000)/",21400,500,522498,11111393800,100,true,0.47
"VGS",132109,"/Date(1701152469000)/",21500,100,521998,11100693800,200,false,0.94
"VGS",132102,"/Date(1701152462000)/",21400,600,521898,11098543800,100,true,0.47
"VGS",132056,"/Date(1701152456000)/",21400,1500,521298,11085703800,100,true,0.47
"VGS",132039,"/Date(1701152439000)/",21400,100,519798,11053603800,100,true,0.47
"VGS",131935,"/Date(1701152375000)/",21400,11400,519698,11051463800,100,false,0.47
"VGS",131910,"/Date(1701152350000)/",21400,100,508298,10807503800,100,false,0.47
"VGS",131814,"/Date(1701152294000)/",21300,700,508198,10805363800,0,false,0
"VGS",131813,"/Date(1701152293000)/",21300,4700,507498,10790453800,0,false,0
"VGS",131746,"/Date(1701152266000)/",21300,200,502798,10690343800,0,false,0
"VGS",131740,"/Date(1701152260000)/",21300,500,502598,10686083800,0,false,0
"VGS",131723,"/Date(1701152243000)/",21300,1000,502098,10675433800,0,false,0
"VGS",131655,"/Date(1701152215000)/",21300,2000,501098,10654133800,0,false,0
"VGS",131645,"/Date(1701152205000)/",21300,2000,499098,10611533800,0,false,0
"VGS",131642,"/Date(1701152202000)/",21300,300,497098,10568933800,0,false,0
"VGS",131623,"/Date(1701152183000)/",21300,1000,496798,10562543800,0,false,0
"VGS",131530,"/Date(1701152130000)/",21300,100,495798,10541243800,0,false,0
"VGS",131502,"/Date(1701152102000)/",21300,2500,495698,10539113800,0,false,0
"VGS",131418,"/Date(1701152058000)/",21300,2100,493198,10485863800,0,false,0
"VGS",131401,"/Date(1701152041000)/",21300,2000,491098,10441133800,0,false,0
"VGS",131339,"/Date(1701152019000)/",21300,1500,489098,10398533800,0,false,0
"VGS",131255,"/Date(1701151975000)/",21300,5000,487598,10366583800,0,false,0
"VGS",131243,"/Date(1701151963000)/",21300,3500,482598,10260083800,0,false,0
"VGS",131213,"/Date(1701151933000)/",21300,3000,479098,10185533800,0,false,0
"VGS",131024,"/Date(1701151824000)/",21200,3000,476098,10121633800,-100,true,-0.47
"VGS",130752,"/Date(1701151672000)/",21200,1300,473098,10058033800,-100,false,-0.47
"VGS",130750,"/Date(1701151670000)/",21200,1000,471798,10030473800,-100,false,-0.47
"VGS",130741,"/Date(1701151661000)/",21200,1000,470798,10009273800,-100,false,-0.47
"VGS",130730,"/Date(1701151650000)/",21200,1000,469798,9988073800,-100,false,-0.47
"VGS",130719,"/Date(1701151639000)/",21100,200,468798,9966873800,-200,true,-0.94
"VGS",130632,"/Date(1701151592000)/",21200,200,468598,9962653800,-100,false,-0.47
"VGS",130630,"/Date(1701151590000)/",21100,1300,468398,9958413800,-200,true,-0.94
"VGS",130543,"/Date(1701151543000)/",21100,10,467098,9930983800,-200,true,-0.94
"VGS",130539,"/Date(1701151539000)/",21100,100,467088,9930771800,-200,true,-0.94
"VGS",130536,"/Date(1701151536000)/",21100,1700,466988,9928661800,-200,true,-0.94
"VGS",130526,"/Date(1701151526000)/",21100,1200,465288,9892791800,-200,true,-0.94
"VGS",130326,"/Date(1701151406000)/",21100,300,464088,9867471800,-200,true,-0.94
"VGS",130258,"/Date(1701151378000)/",21000,500,463788,9861141800,-300,true,-1.41
"VGS",130249,"/Date(1701151369000)/",21000,8800,463288,9850641800,-300,true,-1.41
"VGS",130244,"/Date(1701151364000)/",21000,4000,454488,9665841800,-300,true,-1.41
"VGS",130232,"/Date(1701151352000)/",21000,4000,450488,9581841800,-300,true,-1.41
"VGS",130224,"/Date(1701151344000)/",21000,4000,446488,9497841800,-300,true,-1.41
"VGS",130217,"/Date(1701151337000)/",21100,200,442488,9413561800,-200,true,-0.94
"VGS",130211,"/Date(1701151331000)/",21100,4000,442288,9409341800,-200,true,-0.94
"VGS",130210,"/Date(1701151330000)/",21100,1500,438288,9324941800,-200,true,-0.94
"VGS",130202,"/Date(1701151322000)/",21100,7000,436788,9293291800,-200,true,-0.94
"VGS",130148,"/Date(1701151308000)/",21200,5000,429788,9145591800,-100,false,-0.47
"VGS",130107,"/Date(1701151267000)/",21100,1000,424788,9039591800,-200,true,-0.94
"VGS",130029,"/Date(1701151209000)/",21200,200,423788,9018491800,-100,false,-0.47
"VGS",130023,"/Date(1701151205000)/",21200,500,423588,9014251800,-100,false,-0.47
"VGS",130020,"/Date(1701151204000)/",21200,7600,423088,9003651800,-100,true,-0.47
"VGS",130014,"/Date(1701151203000)/",21200,2700,415488,8842531800,-100,true,-0.47
"VGS",130006,"/Date(1701151202000)/",21300,6300,412788,8785241800,0,false,0
"VGS",112936,"/Date(1701145776000)/",21300,100,406488,8651661800,0,false,0
"VGS",112751,"/Date(1701145671000)/",21300,1000,406388,8649531800,0,false,0
"VGS",112742,"/Date(1701145662000)/",21300,200,405388,8628231800,0,false,0
"VGS",112730,"/Date(1701145650000)/",21300,100,405188,8623971800,0,true,0
"VGS",112720,"/Date(1701145640000)/",21300,400,405088,8621841800,0,true,0
"VGS",112705,"/Date(1701145625000)/",21300,500,404688,8613321800,0,true,0
"VGS",112702,"/Date(1701145622000)/",21300,15000,404188,8602671800,0,true,0
"VGS",112411,"/Date(1701145451000)/",21300,1900,389188,8283171800,0,true,0
"VGS",112409,"/Date(1701145449000)/",21300,2100,387288,8242701800,0,false,0
"VGS",112339,"/Date(1701145419000)/",21300,400,385188,8197971800,0,false,0
"VGS",112334,"/Date(1701145414000)/",21300,1000,384788,8189451800,0,false,0
"VGS",112323,"/Date(1701145403000)/",21300,500,383788,8168151800,0,false,0
"VGS",112256,"/Date(1701145376000)/",21300,200,383288,8157501800,0,false,0
"VGS",112217,"/Date(1701145337000)/",21300,500,383088,8153241800,0,false,0
"VGS",112153,"/Date(1701145313000)/",21300,2000,382588,8142591800,0,false,0
"VGS",112004,"/Date(1701145204000)/",21200,300,380588,8099991800,-100,false,-0.47
"VGS",111955,"/Date(1701145195000)/",21200,300,380288,8093631800,-100,false,-0.47
"VGS",111951,"/Date(1701145191000)/",21200,200,379988,8087271800,-100,false,-0.47
"VGS",111911,"/Date(1701145151000)/",21200,100,379788,8083031800,-100,false,-0.47
"VGS",111900,"/Date(1701145140000)/",21200,500,379688,8080911800,-100,false,-0.47
"VGS",111859,"/Date(1701145139000)/",21200,1000,379188,8070311800,-100,false,-0.47
"VGS",111830,"/Date(1701145110000)/",21200,2000,378188,8049111800,-100,true,-0.47
"VGS",111755,"/Date(1701145075000)/",21200,200,376188,8006711800,-100,false,-0.47
"VGS",111745,"/Date(1701145065000)/",21200,100,375988,8002471800,-100,false,-0.47
"VGS",111649,"/Date(1701145009000)/",21100,10000,375888,8000351800,-200,true,-0.94
"VGS",111635,"/Date(1701144995000)/",21100,900,365888,7789351800,-200,true,-0.94
"VGS",111634,"/Date(1701144994000)/",21100,800,364988,7770361800,-200,true,-0.94
"VGS",111625,"/Date(1701144985000)/",21200,2000,364188,7753411800,-100,true,-0.47
"VGS",111613,"/Date(1701144973000)/",21200,2000,362188,7711011800,-100,true,-0.47
"VGS",111555,"/Date(1701144955000)/",21200,200,360188,7668611800,-100,true,-0.47
"VGS",111500,"/Date(1701144900000)/",21200,2000,359988,7664371800,-100,true,-0.47
"VGS",111455,"/Date(1701144895000)/",21300,3000,357988,7621971800,0,false,0
"VGS",111410,"/Date(1701144850000)/",21300,700,354988,7558071800,0,false,0
"VGS",111317,"/Date(1701144797000)/",21200,1300,354288,7543161800,-100,true,-0.47
"VGS",111310,"/Date(1701144790000)/",21200,10,352988,7515601800,-100,true,-0.47
"VGS",111306,"/Date(1701144786000)/",21200,500,352978,7515389800,-100,true,-0.47
"VGS",111254,"/Date(1701144774000)/",21200,2000,352478,7504789800,-100,true,-0.47
"VGS",111250,"/Date(1701144770000)/",21200,4000,350478,7462389800,-100,true,-0.47
"VGS",111125,"/Date(1701144685000)/",21300,40,346478,7377589800,0,false,0
"VGS",111058,"/Date(1701144658000)/",21300,100,346438,7376750800,0,false,0
"VGS",111016,"/Date(1701144616000)/",21300,300,346338,7374620800,0,true,0
"VGS",111004,"/Date(1701144604000)/",21300,3000,346038,7368230800,0,true,0
"VGS",110925,"/Date(1701144565000)/",21300,100,343038,7304330800,0,true,0
"VGS",110909,"/Date(1701144549000)/",21300,60,342938,7302200800,0,true,0
"VGS",110907,"/Date(1701144547000)/",21300,700,342878,7300942300,0,true,0
"VGS",110903,"/Date(1701144543000)/",21300,1000,342178,7286032300,0,true,0
"VGS",110859,"/Date(1701144539000)/",21300,2900,341178,7264732300,0,true,0
"VGS",110841,"/Date(1701144521000)/",21300,1000,338278,7202962300,0,true,0
"VGS",110821,"/Date(1701144501000)/",21300,200,337278,7181662300,0,true,0
"VGS",110816,"/Date(1701144496000)/",21300,300,337078,7177402300,0,true,0
"VGS",110743,"/Date(1701144463000)/",21300,400,336778,7171012300,0,true,0
"VGS",110653,"/Date(1701144413000)/",21300,100,336378,7162492300,0,true,0
"VGS",110612,"/Date(1701144372000)/",21300,400,336278,7160362300,0,true,0
"VGS",110559,"/Date(1701144359000)/",21200,253,335878,7151842300,-100,true,-0.47
"VGS",110547,"/Date(1701144347000)/",21300,800,335625,7146481700,0,false,0
"VGS",110216,"/Date(1701144136000)/",21200,40,334825,7129441700,-100,true,-0.47
"VGS",110202,"/Date(1701144122000)/",21200,7500,334785,7128593700,-100,true,-0.47
"VGS",110146,"/Date(1701144106000)/",21300,3500,327285,6969593700,0,false,0
"VGS",110021,"/Date(1701144022000)/",21300,7500,323785,6895043700,0,true,0
"VGS",105952,"/Date(1701143993000)/",21300,100,316285,6735293700,0,true,0
"VGS",105708,"/Date(1701143827000)/",21300,500,316185,6733163700,0,true,0
"VGS",105648,"/Date(1701143808000)/",21400,300,315685,6722513700,100,false,0.47
"VGS",105452,"/Date(1701143692000)/",21400,200,315385,6716093700,100,true,0.47
"VGS",105441,"/Date(1701143681000)/",21400,400,315185,6711813700,100,true,0.47
"VGS",105429,"/Date(1701143669000)/",21400,500,314785,6703253700,100,true,0.47
"VGS",105414,"/Date(1701143654000)/",21400,2100,314285,6692553700,100,true,0.47
"VGS",105319,"/Date(1701143599000)/",21400,100,312185,6647613700,100,true,0.47
"VGS",105310,"/Date(1701143589000)/",21400,10000,312085,6645473700,100,true,0.47
"VGS",105304,"/Date(1701143584000)/",21400,500,302085,6431473700,100,true,0.47
"VGS",105236,"/Date(1701143555000)/",21400,1000,301585,6420773700,100,true,0.47
"VGS",104709,"/Date(1701143229000)/",21500,500,300585,6399373700,200,false,0.94
"VGS",104601,"/Date(1701143161000)/",21500,10000,300085,6388623700,200,false,0.94
"VGS",104555,"/Date(1701143155000)/",21400,2000,290085,6173623700,100,true,0.47
"VGS",104508,"/Date(1701143108000)/",21500,1000,288085,6130823700,200,false,0.94
"VGS",104406,"/Date(1701143046000)/",21500,1000,287085,6109323700,200,false,0.94
"VGS",104329,"/Date(1701143009000)/",21500,200,286085,6087823700,200,false,0.94
"VGS",104230,"/Date(1701142950000)/",21500,5000,285885,6083523700,200,false,0.94
"VGS",104212,"/Date(1701142932000)/",21400,3500,280885,5976123700,100,false,0.47
"VGS",104200,"/Date(1701142919000)/",21400,100,277385,5901223700,100,true,0.47
"VGS",104040,"/Date(1701142840000)/",21400,1400,277285,5899083700,100,true,0.47
"VGS",103926,"/Date(1701142766000)/",21400,2500,275885,5869123700,100,false,0.47
"VGS",103918,"/Date(1701142758000)/",21400,400,273385,5815623700,100,false,0.47
"VGS",103823,"/Date(1701142703000)/",21400,2000,272985,5807063700,100,false,0.47
"VGS",103820,"/Date(1701142700000)/",21400,500,270985,5764263700,100,false,0.47
"VGS",103812,"/Date(1701142692000)/",21400,3000,270485,5753563700,100,true,0.47
"VGS",103800,"/Date(1701142680000)/",21400,1800,267485,5689363700,100,true,0.47
"VGS",103658,"/Date(1701142618000)/",21500,6000,265685,5650843700,200,true,0.94
"VGS",103657,"/Date(1701142617000)/",21500,300,259685,5521843700,200,true,0.94
"VGS",103656,"/Date(1701142616000)/",21500,1000,259385,5515393700,200,true,0.94
"VGS",103655,"/Date(1701142615000)/",21500,500,258385,5493893700,200,true,0.94
"VGS",103629,"/Date(1701142589000)/",21500,100,257885,5483143700,200,true,0.94
"VGS",103612,"/Date(1701142572000)/",21600,200,257785,5480993700,300,false,1.41
"VGS",103545,"/Date(1701142545000)/",21600,2000,257585,5476673700,300,false,1.41
"VGS",103524,"/Date(1701142524000)/",21600,600,255585,5433473700,300,false,1.41
"VGS",103444,"/Date(1701142484000)/",21600,30,254985,5420513700,300,false,1.41
"VGS",103430,"/Date(1701142470000)/",21600,300,254955,5419877700,300,true,1.41
"VGS",103423,"/Date(1701142463000)/",21500,16,254655,5413397700,200,true,0.94
"VGS",103418,"/Date(1701142458000)/",21500,3000,254639,5413060100,200,true,0.94
"VGS",103415,"/Date(1701142455000)/",21600,500,251639,5348390100,300,true,1.41
"VGS",103413,"/Date(1701142453000)/",21600,800,251139,5337590100,300,false,1.41
"VGS",103412,"/Date(1701142452000)/",21600,99,250339,5320310100,300,false,1.41
"VGS",103406,"/Date(1701142446000)/",21600,1000,250240,5318221200,300,false,1.41
"VGS",103404,"/Date(1701142444000)/",21600,3600,249240,5296621200,300,false,1.41
"VGS",103400,"/Date(1701142440000)/",21600,2000,245640,5218861200,300,false,1.41
"VGS",103359,"/Date(1701142439000)/",21500,100,243640,5175661200,200,true,0.94
"VGS",103355,"/Date(1701142435000)/",21600,1200,243540,5173511200,300,false,1.41
"VGS",103339,"/Date(1701142419000)/",21600,3000,242340,5147591200,300,false,1.41
"VGS",103338,"/Date(1701142418000)/",21500,200,239340,5082791200,200,true,0.94
"VGS",103337,"/Date(1701142417000)/",21500,300,239140,5078491200,200,true,0.94
"VGS",103330,"/Date(1701142410000)/",21500,10000,238840,5072041200,200,false,0.94
"VGS",103327,"/Date(1701142407000)/",21500,800,228840,4857041200,200,false,0.94
"VGS",103259,"/Date(1701142379000)/",21400,1500,228040,4839841200,100,false,0.47
"VGS",103255,"/Date(1701142375000)/",21400,2500,226540,4807741200,100,false,0.47
"VGS",103248,"/Date(1701142368000)/",21400,20000,224040,4754241200,100,false,0.47
"VGS",103240,"/Date(1701142360000)/",21400,100,204040,4326241200,100,false,0.47
"VGS",103232,"/Date(1701142352000)/",21300,4900,203940,4324101200,0,true,0
"VGS",103229,"/Date(1701142349000)/",21300,1000,199040,4219731200,0,false,0
"VGS",103228,"/Date(1701142348000)/",21300,500,198040,4198431200,0,false,0
"VGS",103227,"/Date(1701142347000)/",21300,3000,197540,4187781200,0,false,0
"VGS",103226,"/Date(1701142346000)/",21300,1500,194540,4123881200,0,false,0
"VGS",103225,"/Date(1701142345000)/",21300,2000,193040,4091931200,0,false,0
"VGS",103222,"/Date(1701142342000)/",21300,11000,191040,4049331200,0,false,0
"VGS",103208,"/Date(1701142328000)/",21300,1000,180040,3815031200,0,false,0
"VGS",103204,"/Date(1701142324000)/",21300,5000,179040,3793731200,0,false,0
"VGS",103156,"/Date(1701142316000)/",21300,3,174040,3687231200,0,false,0
"VGS",103153,"/Date(1701142313000)/",21300,100,174037,3687168200,0,false,0
"VGS",103137,"/Date(1701142297000)/",21300,3000,173937,3685038200,0,false,0
"VGS",103109,"/Date(1701142269000)/",21300,500,170937,3621138200,0,false,0
"VGS",103011,"/Date(1701142211000)/",21300,100,170437,3610488200,0,false,0
"VGS",102943,"/Date(1701142183000)/",21200,4100,170337,3608358200,-100,true,-0.47
"VGS",102917,"/Date(1701142157000)/",21200,300,166237,3521438200,-100,false,-0.47
"VGS",102839,"/Date(1701142119000)/",21200,1700,165937,3515078200,-100,false,-0.47
"VGS",102827,"/Date(1701142107000)/",21200,500,164237,3479038200,-100,false,-0.47
"VGS",102754,"/Date(1701142074000)/",21100,200,163737,3468438200,-200,true,-0.94
"VGS",102750,"/Date(1701142070000)/",21200,100,163537,3464218200,-100,false,-0.47
"VGS",102738,"/Date(1701142058000)/",21100,3000,163437,3462098200,-200,true,-0.94
"VGS",102733,"/Date(1701142053000)/",21100,500,160437,3398798200,-200,true,-0.94
"VGS",102455,"/Date(1701141895000)/",21100,100,159937,3388248200,-200,true,-0.94
"VGS",102418,"/Date(1701141858000)/",21100,3000,159837,3386138200,-200,true,-0.94
"VGS",102227,"/Date(1701141747000)/",21300,5000,156837,3322838200,0,false,0
"VGS",102055,"/Date(1701141655000)/",21200,200,151837,3216668200,-100,false,-0.47
"VGS",102030,"/Date(1701141630000)/",21200,500,151637,3212428200,-100,false,-0.47
"VGS",101957,"/Date(1701141597000)/",21200,100,151137,3201828200,-100,false,-0.47
"VGS",101945,"/Date(1701141585000)/",21200,400,151037,3199708200,-100,false,-0.47
"VGS",101936,"/Date(1701141576000)/",21200,300,150637,3191228200,-100,false,-0.47
"VGS",101931,"/Date(1701141571000)/",21200,5000,150337,3184868200,-100,false,-0.47
"VGS",101906,"/Date(1701141546000)/",21200,5000,145337,3078868200,-100,false,-0.47
"VGS",101904,"/Date(1701141544000)/",21100,200,140337,2972868200,-200,true,-0.94
"VGS",101902,"/Date(1701141542000)/",21200,100,140137,2968648200,-100,false,-0.47
"VGS",101858,"/Date(1701141538000)/",21100,500,140037,2966528200,-200,true,-0.94
"VGS",101842,"/Date(1701141522000)/",21200,200,139537,2955978200,-100,false,-0.47
"VGS",101800,"/Date(1701141480000)/",21200,100,139337,2951738200,-100,false,-0.47
"VGS",101749,"/Date(1701141469000)/",21200,200,139237,2949618200,-100,false,-0.47
"VGS",101658,"/Date(1701141418000)/",21100,4100,139037,2945378200,-200,false,-0.94
"VGS",101657,"/Date(1701141417000)/",21000,500,134937,2858868200,-300,true,-1.41
"VGS",101653,"/Date(1701141413000)/",21100,100,134437,2848368200,-200,false,-0.94
"VGS",101551,"/Date(1701141351000)/",21100,200,134337,2846258200,-200,false,-0.94
"VGS",101521,"/Date(1701141321000)/",21100,1000,134137,2842038200,-200,false,-0.94
"VGS",101510,"/Date(1701141310000)/",21100,100,133137,2820938200,-200,false,-0.94
"VGS",101417,"/Date(1701141257000)/",21100,9000,133037,2818828200,-200,false,-0.94
"VGS",101400,"/Date(1701141240000)/",21000,200,124037,2628928200,-300,true,-1.41
"VGS",101358,"/Date(1701141238000)/",21100,300,123837,2624728200,-200,false,-0.94
"VGS",101324,"/Date(1701141204000)/",21000,500,123537,2618398200,-300,true,-1.41
"VGS",101241,"/Date(1701141161000)/",21100,1000,123037,2607898200,-200,false,-0.94
"VGS",101238,"/Date(1701141158000)/",21100,8800,122037,2586798200,-200,true,-0.94
"VGS",101229,"/Date(1701141149000)/",21100,100,113237,2401118200,-200,true,-0.94
"VGS",101225,"/Date(1701141145000)/",21100,200,113137,2399008200,-200,true,-0.94
"VGS",101154,"/Date(1701141114000)/",21100,1900,112937,2394788200,-200,true,-0.94
"VGS",101114,"/Date(1701141074000)/",21100,800,111037,2354698200,-200,true,-0.94
"VGS",101058,"/Date(1701141058000)/",21100,1800,110237,2337818200,-200,true,-0.94
"VGS",101033,"/Date(1701141033000)/",21100,10005,108437,2299838200,-200,true,-0.94
"VGS",101024,"/Date(1701141024000)/",21100,500,98432,2088732700,-200,true,-0.94
"VGS",101022,"/Date(1701141022000)/",21100,700,97932,2078182700,-200,true,-0.94
"VGS",101007,"/Date(1701141007000)/",21100,800,97232,2063412700,-200,true,-0.94
"VGS",101006,"/Date(1701141006000)/",21100,600,96432,2046532700,-200,true,-0.94
"VGS",100951,"/Date(1701140991000)/",21100,500,95832,2033872700,-200,true,-0.94
"VGS",100950,"/Date(1701140990000)/",21200,4400,95332,2023322700,-100,false,-0.47
"VGS",100852,"/Date(1701140932000)/",21200,80,90932,1930042700,-100,false,-0.47
"VGS",100837,"/Date(1701140917000)/",21200,1600,90852,1928362700,-100,false,-0.47
"VGS",100805,"/Date(1701140885000)/",21200,1900,89252,1894442700,-100,false,-0.47
"VGS",100652,"/Date(1701140812000)/",21200,100,87352,1854162700,-100,false,-0.47
"VGS",100623,"/Date(1701140783000)/",21200,7900,87252,1852042700,-100,true,-0.47
"VGS",100611,"/Date(1701140771000)/",21200,2500,79352,1684562700,-100,false,-0.47
"VGS",100420,"/Date(1701140661000)/",21200,900,76852,1631562700,-100,false,-0.47
"VGS",100338,"/Date(1701140618000)/",21200,400,75952,1612482700,-100,true,-0.47
"VGS",100211,"/Date(1701140531000)/",21200,100,75552,1604002700,-100,false,-0.47
"VGS",100007,"/Date(1701140407000)/",21100,200,75452,1601882700,-200,true,-0.94
"VGS",95730,"/Date(1701140250000)/",21200,700,75252,1597662700,-100,false,-0.47
"VGS",95636,"/Date(1701140196000)/",21200,100,74552,1582822700,-100,false,-0.47
"VGS",95605,"/Date(1701140165000)/",21300,5000,74452,1580702700,0,false,0
"VGS",95527,"/Date(1701140127000)/",21200,2100,69452,1474292700,-100,true,-0.47
"VGS",95506,"/Date(1701140106000)/",21200,70,67352,1429772700,-100,true,-0.47
"VGS",95450,"/Date(1701140090000)/",21200,2000,67282,1428293700,-100,true,-0.47
"VGS",95215,"/Date(1701139935000)/",21300,200,65282,1385893700,0,false,0
"VGS",95052,"/Date(1701139852000)/",21200,100,65082,1381633700,-100,true,-0.47
"VGS",95050,"/Date(1701139850000)/",21200,3800,64982,1379513700,-100,true,-0.47
"VGS",95034,"/Date(1701139834000)/",21200,100,61182,1298953700,-100,false,-0.47
"VGS",95022,"/Date(1701139822000)/",21200,100,61082,1296833700,-100,false,-0.47
"VGS",95020,"/Date(1701139820000)/",21200,1000,60982,1294713700,-100,false,-0.47
"VGS",94956,"/Date(1701139796000)/",21200,200,59982,1273513700,-100,false,-0.47
"VGS",94954,"/Date(1701139794000)/",21200,200,59782,1269273700,-100,false,-0.47
"VGS",94953,"/Date(1701139793000)/",21100,200,59582,1265033700,-200,true,-0.94
"VGS",94828,"/Date(1701139708000)/",21100,30,59382,1260813700,-200,true,-0.94
"VGS",94739,"/Date(1701139659000)/",21100,4900,59352,1260183700,-200,true,-0.94
"VGS",94709,"/Date(1701139629000)/",21200,800,54452,1156793700,-100,true,-0.47
"VGS",94654,"/Date(1701139614000)/",21200,500,53652,1139833700,-100,true,-0.47
"VGS",94652,"/Date(1701139612000)/",21200,500,53152,1129233700,-100,true,-0.47
"VGS",94645,"/Date(1701139605000)/",21200,500,52652,1118633700,-100,true,-0.47
"VGS",94537,"/Date(1701139537000)/",21200,100,52152,1108033700,-100,true,-0.47
"VGS",94431,"/Date(1701139471000)/",21400,80,52052,1105913700,100,false,0.47
"VGS",94349,"/Date(1701139429000)/",21400,8,51972,1104217700,100,false,0.47
"VGS",94330,"/Date(1701139410000)/",21400,2,51964,1104048100,100,false,0.47
"VGS",94221,"/Date(1701139341000)/",21400,800,51962,1104005700,100,false,0.47
"VGS",94200,"/Date(1701139320000)/",21200,4900,51162,1086885700,-100,true,-0.47
"VGS",94031,"/Date(1701139231000)/",21200,2000,46262,983005700,-100,false,-0.47
"VGS",93929,"/Date(1701139169000)/",21200,4600,44262,940605700,-100,true,-0.47
"VGS",93928,"/Date(1701139168000)/",21200,5000,39662,843085700,-100,true,-0.47
"VGS",93840,"/Date(1701139120000)/",21200,800,34662,737085700,-100,true,-0.47
"VGS",93815,"/Date(1701139095000)/",21200,8,33862,720125700,-100,false,-0.47
"VGS",93811,"/Date(1701139091000)/",21200,9200,33854,719954500,-100,false,-0.47
"VGS",93651,"/Date(1701139011000)/",21200,400,24654,524914500,-100,true,-0.47
"VGS",93600,"/Date(1701138960000)/",21200,1500,24254,516434500,-100,true,-0.47
"VGS",93516,"/Date(1701138916000)/",21300,500,22754,484594500,0,true,0
"VGS",93446,"/Date(1701138886000)/",21300,1000,22254,473944500,0,true,0
"VGS",93438,"/Date(1701138878000)/",21300,500,21254,452644500,0,true,0
"VGS",93346,"/Date(1701138826000)/",21300,400,20754,441994500,0,true,0
"VGS",93315,"/Date(1701138795000)/",21400,2,20354,433474500,100,false,0.47
"VGS",93142,"/Date(1701138702000)/",21400,5000,20352,433431700,100,false,0.47
"VGS",92454,"/Date(1701138295000)/",21400,5000,15352,326431700,100,false,0.47
"VGS",92444,"/Date(1701138284000)/",21400,900,10352,219431700,100,false,0.47
"VGS",92402,"/Date(1701138242000)/",21400,1000,9452,200171700,100,false,0.47
"VGS",92339,"/Date(1701138219000)/",21300,1000,8452,178771700,0,true,0
"VGS",92238,"/Date(1701138158000)/",21300,200,7452,157471700,0,false,0
"VGS",92103,"/Date(1701138064000)/",21200,100,7252,153211700,-100,true,-0.47
"VGS",91832,"/Date(1701137913000)/",21200,500,7152,151091700,-100,true,-0.47
"VGS",91753,"/Date(1701137874000)/",21300,100,6652,140491700,0,true,0
"VGS",91714,"/Date(1701137835000)/",21400,2,6552,138361700,100,false,0.47
"VGS",91329,"/Date(1701137610000)/",21400,39,6550,138318900,100,false,0.47
"VGS",91255,"/Date(1701137576000)/",21400,300,6511,137484300,100,false,0.47
"VGS",91054,"/Date(1701137454000)/",21400,100,6211,131064300,100,false,0.47
"VGS",91033,"/Date(1701137433000)/",21400,200,6111,128924300,100,false,0.47
"VGS",91026,"/Date(1701137426000)/",21400,11,5911,124644300,100,false,0.47
"VGS",91013,"/Date(1701137413000)/",21400,300,5900,124410000,100,false,0.47
"VGS",90604,"/Date(1701137164000)/",21100,200,5600,118010000,-200,false,-0.94
"VGS",90457,"/Date(1701137097000)/",21100,2000,5400,113790000,-200,false,-0.94
"VGS",90437,"/Date(1701137077000)/",21100,2800,3400,71590000,-200,true,-0.94
"VGS",90224,"/Date(1701136944000)/",21100,100,600,12510000,-200,false,-0.94
"VGS",90038,"/Date(1701136809000)/",20800,500,500,10400000,-500,true,-2.35
