"Stockcode","Package","TradingDate","Price","Vol","TotalVol","TotalVal","Change","IsBuy","PerChange"
"VIB",144446,"/Date(1701157501000)/",18700,162400,1617000,29915000000,250,true,1.36
"VIB",142929,"/Date(1701156587000)/",18700,12600,1454600,26878000000,250,false,1.36
"VIB",142923,"/Date(1701156581000)/",18700,5000,1442000,26642000000,250,false,1.36
"VIB",142910,"/Date(1701156565000)/",18700,6900,1437000,26549000000,250,false,1.36
"VIB",142828,"/Date(1701156525000)/",18700,6900,1430100,26420000000,250,false,1.36
"VIB",142825,"/Date(1701156523000)/",18650,1400,1423200,26290000000,200,false,1.08
"VIB",142825,"/Date(1701156523000)/",18650,1000,1421800,26264000000,200,false,1.08
"VIB",142825,"/Date(1701156522000)/",18650,300,1420800,26246000000,200,false,1.08
"VIB",142825,"/Date(1701156522000)/",18650,2000,1420500,26240000000,200,false,1.08
"VIB",142825,"/Date(1701156522000)/",18650,100,1418500,26203000000,200,false,1.08
"VIB",142825,"/Date(1701156522000)/",18650,2500,1418400,26201000000,200,false,1.08
"VIB",142819,"/Date(1701156515000)/",18650,3700,1415900,26154000000,200,false,1.08
"VIB",142816,"/Date(1701156513000)/",18650,4200,1412200,26085000000,200,false,1.08
"VIB",142812,"/Date(1701156510000)/",18650,10000,1408000,26007000000,200,false,1.08
"VIB",142812,"/Date(1701156510000)/",18650,1000,1398000,25821000000,200,false,1.08
"VIB",142809,"/Date(1701156507000)/",18650,4000,1397000,25802000000,200,false,1.08
"VIB",142806,"/Date(1701156502000)/",18650,6900,1393000,25727000000,200,false,1.08
"VIB",142806,"/Date(1701156501000)/",18650,1000,1386100,25599000000,200,false,1.08
"VIB",142800,"/Date(1701156498000)/",18650,4100,1385100,25580000000,200,false,1.08
"VIB",142800,"/Date(1701156496000)/",18650,2600,1381000,25503000000,200,false,1.08
"VIB",142800,"/Date(1701156496000)/",18650,200,1378400,25455000000,200,false,1.08
"VIB",142800,"/Date(1701156496000)/",18650,200,1378200,25451000000,200,false,1.08
"VIB",142800,"/Date(1701156496000)/",18650,100,1378000,25448000000,200,false,1.08
"VIB",142800,"/Date(1701156496000)/",18650,600,1377900,25446000000,200,false,1.08
"VIB",142753,"/Date(1701156488000)/",18650,400,1377300,25434000000,200,false,1.08
"VIB",142753,"/Date(1701156488000)/",18650,3500,1376900,25427000000,200,false,1.08
"VIB",142744,"/Date(1701156479000)/",18650,4400,1373400,25362000000,200,false,1.08
"VIB",142734,"/Date(1701156471000)/",18600,500,1369000,25280000000,150,true,0.81
"VIB",142718,"/Date(1701156455000)/",18600,2000,1368500,25270000000,150,true,0.81
"VIB",142715,"/Date(1701156451000)/",18650,3000,1366500,25233000000,200,false,1.08
"VIB",142708,"/Date(1701156444000)/",18650,6900,1363500,25177000000,200,false,1.08
"VIB",142705,"/Date(1701156441000)/",18650,4100,1356600,25049000000,200,false,1.08
"VIB",142656,"/Date(1701156432000)/",18650,4900,1352500,24972000000,200,false,1.08
"VIB",142656,"/Date(1701156431000)/",18650,6900,1347600,24881000000,200,false,1.08
"VIB",142652,"/Date(1701156430000)/",18650,3700,1340700,24752000000,200,false,1.08
"VIB",142649,"/Date(1701156425000)/",18650,100,1337000,24683000000,200,false,1.08
"VIB",142643,"/Date(1701156419000)/",18650,4400,1336900,24681000000,200,false,1.08
"VIB",142620,"/Date(1701156396000)/",18650,3000,1332500,24599000000,200,false,1.08
"VIB",142620,"/Date(1701156396000)/",18600,100,1329500,24543000000,150,false,0.81
"VIB",142620,"/Date(1701156396000)/",18600,100,1329400,24541000000,150,false,0.81
"VIB",142620,"/Date(1701156396000)/",18600,200,1329300,24539000000,150,false,0.81
"VIB",142620,"/Date(1701156396000)/",18600,1000,1329100,24536000000,150,false,0.81
"VIB",142620,"/Date(1701156396000)/",18600,100,1328100,24517000000,150,false,0.81
"VIB",142503,"/Date(1701156319000)/",18550,200,1328000,24515000000,100,true,0.54
"VIB",142406,"/Date(1701156261000)/",18600,900,1327800,24511000000,150,false,0.81
"VIB",142406,"/Date(1701156261000)/",18600,1000,1326900,24495000000,150,false,0.81
"VIB",142406,"/Date(1701156261000)/",18600,3500,1325900,24476000000,150,false,0.81
"VIB",142344,"/Date(1701156240000)/",18600,900,1322400,24411000000,150,false,0.81
"VIB",142344,"/Date(1701156240000)/",18600,4400,1321500,24394000000,150,false,0.81
"VIB",142344,"/Date(1701156240000)/",18600,4700,1317100,24312000000,150,false,0.81
"VIB",142318,"/Date(1701156213000)/",18600,200,1312400,24225000000,150,false,0.81
"VIB",142129,"/Date(1701156107000)/",18600,1000,1312200,24221000000,150,false,0.81
"VIB",142129,"/Date(1701156106000)/",18550,2600,1311200,24203000000,100,true,0.54
"VIB",142129,"/Date(1701156106000)/",18550,1100,1308600,24155000000,100,true,0.54
"VIB",142113,"/Date(1701156089000)/",18600,4100,1307500,24134000000,150,false,0.81
"VIB",142113,"/Date(1701156089000)/",18600,100,1303400,24058000000,150,false,0.81
"VIB",142113,"/Date(1701156089000)/",18600,1000,1303300,24056000000,150,false,0.81
"VIB",142113,"/Date(1701156089000)/",18600,200,1302300,24037000000,150,false,0.81
"VIB",142110,"/Date(1701156088000)/",18550,900,1302100,24034000000,100,true,0.54
"VIB",142110,"/Date(1701156088000)/",18550,3500,1301200,24017000000,100,true,0.54
"VIB",142100,"/Date(1701156075000)/",18550,100,1297700,23952000000,100,true,0.54
"VIB",142041,"/Date(1701156057000)/",18550,1400,1297600,23950000000,100,true,0.54
"VIB",142041,"/Date(1701156057000)/",18550,1200,1296200,23924000000,100,true,0.54
"VIB",142041,"/Date(1701156057000)/",18550,400,1295000,23902000000,100,true,0.54
"VIB",141905,"/Date(1701155960000)/",18600,300,1294600,23895000000,150,false,0.81
"VIB",141827,"/Date(1701155921000)/",18600,100,1294300,23889000000,150,false,0.81
"VIB",141811,"/Date(1701155908000)/",18550,1000,1294200,23887000000,100,true,0.54
"VIB",141752,"/Date(1701155887000)/",18550,3600,1293200,23869000000,100,true,0.54
"VIB",141752,"/Date(1701155887000)/",18550,100,1289600,23802000000,100,true,0.54
"VIB",141749,"/Date(1701155886000)/",18600,200,1289500,23800000000,150,true,0.81
"VIB",141749,"/Date(1701155886000)/",18600,700,1289300,23796000000,150,true,0.81
"VIB",141749,"/Date(1701155884000)/",18650,500,1288600,23783000000,200,false,1.08
"VIB",141716,"/Date(1701155851000)/",18600,1000,1288100,23774000000,150,true,0.81
"VIB",141713,"/Date(1701155850000)/",18600,900,1287100,23755000000,150,true,0.81
"VIB",141713,"/Date(1701155850000)/",18600,4100,1286200,23739000000,150,true,0.81
"VIB",141713,"/Date(1701155848000)/",18600,6000,1282100,23662000000,150,true,0.81
"VIB",141710,"/Date(1701155847000)/",18600,1200,1276100,23551000000,150,true,0.81
"VIB",141645,"/Date(1701155810000)/",18600,500,1274900,23528000000,150,true,0.81
"VIB",141629,"/Date(1701155800000)/",18600,2000,1274400,23519000000,150,true,0.81
"VIB",141629,"/Date(1701155799000)/",18600,400,1272400,23482000000,150,true,0.81
"VIB",141622,"/Date(1701155797000)/",18600,20000,1272000,23474000000,150,true,0.81
"VIB",141550,"/Date(1701155767000)/",18600,2000,1252000,23102000000,150,true,0.81
"VIB",141534,"/Date(1701155751000)/",18600,400,1250000,23065000000,150,true,0.81
"VIB",141509,"/Date(1701155724000)/",18600,900,1249600,23058000000,150,true,0.81
"VIB",141509,"/Date(1701155724000)/",18600,100,1248700,23041000000,150,true,0.81
"VIB",141450,"/Date(1701155705000)/",18650,1000,1248600,23039000000,200,true,1.08
"VIB",141450,"/Date(1701155705000)/",18650,53600,1247600,23020000000,200,true,1.08
"VIB",141424,"/Date(1701155678000)/",18650,12500,1194000,22021000000,200,true,1.08
"VIB",141319,"/Date(1701155616000)/",18700,5100,1181500,21788000000,250,false,1.36
"VIB",141319,"/Date(1701155616000)/",18700,500,1176400,21692000000,250,false,1.36
"VIB",141319,"/Date(1701155616000)/",18700,300,1175900,21683000000,250,false,1.36
"VIB",141319,"/Date(1701155616000)/",18700,200,1175600,21677000000,250,false,1.36
"VIB",141319,"/Date(1701155616000)/",18700,300,1175400,21674000000,250,false,1.36
"VIB",141319,"/Date(1701155616000)/",18700,1300,1175100,21668000000,250,false,1.36
"VIB",141319,"/Date(1701155616000)/",18700,500,1173800,21644000000,250,false,1.36
"VIB",141319,"/Date(1701155616000)/",18700,1000,1173300,21634000000,250,false,1.36
"VIB",141319,"/Date(1701155616000)/",18700,500,1172300,21616000000,250,false,1.36
"VIB",141319,"/Date(1701155616000)/",18700,300,1171800,21606000000,250,false,1.36
"VIB",141313,"/Date(1701155610000)/",18650,7400,1171500,21601000000,200,false,1.08
"VIB",141307,"/Date(1701155602000)/",18650,10000,1164100,21463000000,200,false,1.08
"VIB",141254,"/Date(1701155588000)/",18650,100,1154100,21276000000,200,false,1.08
"VIB",141254,"/Date(1701155588000)/",18650,1000,1154000,21274000000,200,false,1.08
"VIB",141254,"/Date(1701155588000)/",18650,1000,1153000,21256000000,200,false,1.08
"VIB",141254,"/Date(1701155588000)/",18650,500,1152000,21237000000,200,false,1.08
"VIB",141219,"/Date(1701155553000)/",18650,700,1151500,21228000000,200,true,1.08
"VIB",141143,"/Date(1701155520000)/",18650,200,1150800,21215000000,200,true,1.08
"VIB",141143,"/Date(1701155519000)/",18650,100,1150600,21211000000,200,true,1.08
"VIB",141124,"/Date(1701155498000)/",18650,200,1150500,21209000000,200,false,1.08
"VIB",141124,"/Date(1701155498000)/",18650,200,1150300,21205000000,200,false,1.08
"VIB",141124,"/Date(1701155498000)/",18650,100,1150100,21202000000,200,false,1.08
"VIB",141111,"/Date(1701155487000)/",18650,900,1150000,21200000000,200,true,1.08
"VIB",141052,"/Date(1701155467000)/",18700,200,1149100,21183000000,250,false,1.36
"VIB",141052,"/Date(1701155467000)/",18700,300,1148900,21179000000,250,false,1.36
"VIB",141043,"/Date(1701155458000)/",18650,100,1148600,21174000000,200,true,1.08
"VIB",141014,"/Date(1701155429000)/",18700,700,1148500,21172000000,250,false,1.36
"VIB",141014,"/Date(1701155429000)/",18700,100,1147800,21159000000,250,false,1.36
"VIB",141014,"/Date(1701155429000)/",18700,1500,1147700,21157000000,250,false,1.36
"VIB",141014,"/Date(1701155429000)/",18700,300,1146200,21129000000,250,false,1.36
"VIB",141014,"/Date(1701155429000)/",18700,3500,1145900,21123000000,250,false,1.36
"VIB",141014,"/Date(1701155429000)/",18700,2500,1142400,21058000000,250,false,1.36
"VIB",141014,"/Date(1701155429000)/",18700,2000,1139900,21011000000,250,false,1.36
"VIB",140920,"/Date(1701155376000)/",18650,500,1137900,20974000000,200,true,1.08
"VIB",140907,"/Date(1701155362000)/",18650,1000,1137400,20964000000,200,false,1.08
"VIB",140907,"/Date(1701155362000)/",18650,1600,1136400,20946000000,200,false,1.08
"VIB",140907,"/Date(1701155362000)/",18650,100,1134800,20916000000,200,false,1.08
"VIB",140907,"/Date(1701155362000)/",18650,1500,1134700,20914000000,200,false,1.08
"VIB",140721,"/Date(1701155257000)/",18650,500,1133200,20886000000,200,false,1.08
"VIB",140636,"/Date(1701155210000)/",18650,3000,1132700,20877000000,200,false,1.08
"VIB",140627,"/Date(1701155200000)/",18650,100,1129700,20821000000,200,false,1.08
"VIB",140627,"/Date(1701155200000)/",18650,3000,1129600,20819000000,200,false,1.08
"VIB",140627,"/Date(1701155200000)/",18650,100,1126600,20763000000,200,false,1.08
"VIB",140627,"/Date(1701155200000)/",18650,400,1126500,20761000000,200,false,1.08
"VIB",140627,"/Date(1701155200000)/",18650,1000,1126100,20753000000,200,false,1.08
"VIB",140627,"/Date(1701155200000)/",18650,200,1125100,20735000000,200,false,1.08
"VIB",140627,"/Date(1701155200000)/",18650,100,1124900,20731000000,200,false,1.08
"VIB",140627,"/Date(1701155200000)/",18650,100,1124800,20729000000,200,false,1.08
"VIB",140627,"/Date(1701155200000)/",18650,2000,1124700,20727000000,200,false,1.08
"VIB",140620,"/Date(1701155195000)/",18650,3000,1122700,20690000000,200,false,1.08
"VIB",140620,"/Date(1701155195000)/",18650,2000,1119700,20634000000,200,false,1.08
"VIB",140545,"/Date(1701155161000)/",18650,3000,1117700,20597000000,200,false,1.08
"VIB",140545,"/Date(1701155161000)/",18650,100,1114700,20541000000,200,false,1.08
"VIB",140545,"/Date(1701155161000)/",18650,300,1114600,20539000000,200,false,1.08
"VIB",140545,"/Date(1701155161000)/",18650,1500,1114300,20533000000,200,false,1.08
"VIB",140545,"/Date(1701155161000)/",18650,1000,1112800,20505000000,200,false,1.08
"VIB",140545,"/Date(1701155161000)/",18600,1000,1111800,20487000000,150,false,0.81
"VIB",140542,"/Date(1701155158000)/",18600,1000,1110800,20468000000,150,false,0.81
"VIB",140539,"/Date(1701155154000)/",18600,300,1109800,20450000000,150,true,0.81
"VIB",140539,"/Date(1701155154000)/",18600,200,1109500,20444000000,150,true,0.81
"VIB",140438,"/Date(1701155094000)/",18600,100,1109300,20440000000,150,false,0.81
"VIB",140419,"/Date(1701155072000)/",18650,500,1109200,20438000000,200,false,1.08
"VIB",140315,"/Date(1701155011000)/",18650,800,1108700,20429000000,200,false,1.08
"VIB",140315,"/Date(1701155011000)/",18600,200,1107900,20414000000,150,false,0.81
"VIB",140315,"/Date(1701155011000)/",18600,3400,1107700,20410000000,150,false,0.81
"VIB",140312,"/Date(1701155008000)/",18600,1600,1104300,20347000000,150,false,0.81
"VIB",140312,"/Date(1701155008000)/",18600,5000,1102700,20317000000,150,false,0.81
"VIB",140312,"/Date(1701155008000)/",18600,700,1097700,20224000000,150,false,0.81
"VIB",140312,"/Date(1701155008000)/",18600,1000,1097000,20211000000,150,false,0.81
"VIB",140312,"/Date(1701155008000)/",18600,20000,1096000,20193000000,150,false,0.81
"VIB",140312,"/Date(1701155008000)/",18600,200,1076000,19821000000,150,false,0.81
"VIB",140312,"/Date(1701155008000)/",18600,1500,1075800,19817000000,150,false,0.81
"VIB",140312,"/Date(1701155008000)/",18600,3900,1074300,19789000000,150,false,0.81
"VIB",140306,"/Date(1701155000000)/",18600,1100,1070400,19717000000,150,false,0.81
"VIB",140306,"/Date(1701155000000)/",18600,200,1069300,19696000000,150,false,0.81
"VIB",140306,"/Date(1701155000000)/",18600,3100,1069100,19692000000,150,false,0.81
"VIB",140302,"/Date(1701154996000)/",18600,1000,1066000,19635000000,150,false,0.81
"VIB",140250,"/Date(1701154983000)/",18600,2600,1065000,19616000000,150,false,0.81
"VIB",140250,"/Date(1701154983000)/",18550,100,1062400,19568000000,100,false,0.54
"VIB",140250,"/Date(1701154983000)/",18550,200,1062300,19566000000,100,false,0.54
"VIB",140250,"/Date(1701154983000)/",18550,1700,1062100,19562000000,100,false,0.54
"VIB",140237,"/Date(1701154971000)/",18550,4600,1060400,19531000000,100,false,0.54
"VIB",140230,"/Date(1701154965000)/",18550,2600,1055800,19445000000,100,false,0.54
"VIB",140221,"/Date(1701154955000)/",18550,100,1053200,19397000000,100,false,0.54
"VIB",140149,"/Date(1701154923000)/",18500,200,1053100,19395000000,50,true,0.27
"VIB",140149,"/Date(1701154923000)/",18500,1000,1052900,19392000000,50,true,0.27
"VIB",140146,"/Date(1701154920000)/",18550,500,1051900,19373000000,100,false,0.54
"VIB",140107,"/Date(1701154881000)/",18550,500,1051400,19364000000,100,false,0.54
"VIB",140107,"/Date(1701154881000)/",18550,1500,1050900,19355000000,100,false,0.54
"VIB",140039,"/Date(1701154854000)/",18500,100,1049400,19327000000,50,true,0.27
"VIB",140039,"/Date(1701154854000)/",18500,500,1049300,19325000000,50,true,0.27
"VIB",140039,"/Date(1701154854000)/",18500,400,1048800,19316000000,50,true,0.27
"VIB",135957,"/Date(1701154811000)/",18500,100,1048400,19308000000,50,false,0.27
"VIB",135951,"/Date(1701154804000)/",18500,100,1048300,19306000000,50,false,0.27
"VIB",135919,"/Date(1701154772000)/",18500,1600,1048200,19305000000,50,true,0.27
"VIB",135919,"/Date(1701154772000)/",18500,100,1046600,19275000000,50,true,0.27
"VIB",135919,"/Date(1701154772000)/",18500,200,1046500,19273000000,50,true,0.27
"VIB",135919,"/Date(1701154772000)/",18500,1000,1046300,19269000000,50,true,0.27
"VIB",135919,"/Date(1701154772000)/",18500,10000,1045300,19251000000,50,true,0.27
"VIB",135919,"/Date(1701154772000)/",18500,100,1035300,19066000000,50,true,0.27
"VIB",135919,"/Date(1701154772000)/",18500,1900,1035200,19064000000,50,true,0.27
"VIB",135847,"/Date(1701154741000)/",18500,100,1033300,19029000000,50,true,0.27
"VIB",135840,"/Date(1701154734000)/",18550,200,1033200,19027000000,100,false,0.54
"VIB",135610,"/Date(1701154583000)/",18550,300,1033000,19023000000,100,false,0.54
"VIB",135359,"/Date(1701154452000)/",18550,100,1032700,19018000000,100,false,0.54
"VIB",135147,"/Date(1701154321000)/",18600,200,1032600,19016000000,150,false,0.81
"VIB",135115,"/Date(1701154289000)/",18550,500,1032400,19012000000,100,false,0.54
"VIB",135047,"/Date(1701154259000)/",18550,500,1031900,19003000000,100,false,0.54
"VIB",135034,"/Date(1701154246000)/",18600,900,1031400,18994000000,150,false,0.81
"VIB",134829,"/Date(1701154122000)/",18600,12200,1030500,18977000000,150,false,0.81
"VIB",134829,"/Date(1701154122000)/",18600,1000,1018300,18750000000,150,false,0.81
"VIB",134829,"/Date(1701154122000)/",18600,300,1017300,18731000000,150,false,0.81
"VIB",134829,"/Date(1701154122000)/",18600,100,1017000,18726000000,150,false,0.81
"VIB",134829,"/Date(1701154122000)/",18600,5000,1016900,18724000000,150,false,0.81
"VIB",134829,"/Date(1701154122000)/",18600,200,1011900,18631000000,150,false,0.81
"VIB",134829,"/Date(1701154122000)/",18600,1000,1011700,18627000000,150,false,0.81
"VIB",134829,"/Date(1701154122000)/",18600,15000,1010700,18609000000,150,false,0.81
"VIB",134829,"/Date(1701154122000)/",18550,4900,995700,18330000000,100,false,0.54
"VIB",134829,"/Date(1701154122000)/",18500,300,990800,18239000000,50,false,0.27
"VIB",134804,"/Date(1701154097000)/",18550,5100,990500,18233000000,100,false,0.54
"VIB",134804,"/Date(1701154097000)/",18550,500,985400,18139000000,100,false,0.54
"VIB",134804,"/Date(1701154097000)/",18550,2000,984900,18129000000,100,false,0.54
"VIB",134804,"/Date(1701154097000)/",18550,5000,982900,18092000000,100,false,0.54
"VIB",134804,"/Date(1701154097000)/",18550,3000,977900,17999000000,100,false,0.54
"VIB",134804,"/Date(1701154097000)/",18550,20000,974900,17944000000,100,false,0.54
"VIB",134804,"/Date(1701154097000)/",18550,20000,954900,17573000000,100,false,0.54
"VIB",134804,"/Date(1701154097000)/",18550,200,934900,17202000000,100,false,0.54
"VIB",134804,"/Date(1701154097000)/",18550,700,934700,17198000000,100,false,0.54
"VIB",134804,"/Date(1701154097000)/",18500,1500,934000,17185000000,50,false,0.27
"VIB",134804,"/Date(1701154097000)/",18500,2000,932500,17157000000,50,false,0.27
"VIB",134741,"/Date(1701154075000)/",18500,1000,930500,17120000000,50,false,0.27
"VIB",134618,"/Date(1701153990000)/",18500,1000,929500,17102000000,50,false,0.27
"VIB",134546,"/Date(1701153960000)/",18500,100,928500,17083000000,50,false,0.27
"VIB",134546,"/Date(1701153960000)/",18500,4500,928400,17082000000,50,false,0.27
"VIB",134546,"/Date(1701153960000)/",18500,500,923900,16998000000,50,false,0.27
"VIB",134546,"/Date(1701153960000)/",18500,100,923400,16989000000,50,false,0.27
"VIB",134546,"/Date(1701153960000)/",18500,100,923300,16987000000,50,false,0.27
"VIB",134546,"/Date(1701153960000)/",18500,200,923200,16985000000,50,false,0.27
"VIB",134546,"/Date(1701153960000)/",18500,700,923000,16982000000,50,false,0.27
"VIB",134546,"/Date(1701153960000)/",18500,47600,922300,16969000000,50,false,0.27
"VIB",134540,"/Date(1701153953000)/",18500,18000,874700,16088000000,50,true,0.27
"VIB",134502,"/Date(1701153914000)/",18550,2000,856700,15755000000,100,false,0.54
"VIB",134442,"/Date(1701153895000)/",18550,2300,854700,15718000000,100,false,0.54
"VIB",134442,"/Date(1701153895000)/",18550,1000,852400,15675000000,100,false,0.54
"VIB",134442,"/Date(1701153895000)/",18550,1000,851400,15657000000,100,false,0.54
"VIB",134442,"/Date(1701153895000)/",18550,700,850400,15638000000,100,false,0.54
"VIB",134436,"/Date(1701153889000)/",18550,100,849700,15625000000,100,false,0.54
"VIB",134420,"/Date(1701153872000)/",18550,300,849600,15623000000,100,false,0.54
"VIB",134420,"/Date(1701153872000)/",18550,1000,849300,15618000000,100,false,0.54
"VIB",134420,"/Date(1701153872000)/",18550,700,848300,15599000000,100,false,0.54
"VIB",134335,"/Date(1701153828000)/",18550,3200,847600,15586000000,100,false,0.54
"VIB",134322,"/Date(1701153814000)/",18550,100,844400,15527000000,100,false,0.54
"VIB",134319,"/Date(1701153811000)/",18500,500,844300,15525000000,50,true,0.27
"VIB",134254,"/Date(1701153785000)/",18500,500,843800,15516000000,50,true,0.27
"VIB",134219,"/Date(1701153752000)/",18550,500,843300,15507000000,100,false,0.54
"VIB",134017,"/Date(1701153631000)/",18500,100,842800,15497000000,50,true,0.27
"VIB",134001,"/Date(1701153614000)/",18500,500,842700,15495000000,50,true,0.27
"VIB",133952,"/Date(1701153603000)/",18500,7800,842200,15486000000,50,true,0.27
"VIB",133952,"/Date(1701153602000)/",18500,4700,834400,15342000000,50,true,0.27
"VIB",133929,"/Date(1701153581000)/",18500,1000,829700,15255000000,50,false,0.27
"VIB",133929,"/Date(1701153581000)/",18500,3900,828700,15236000000,50,false,0.27
"VIB",133929,"/Date(1701153581000)/",18500,400,824800,15164000000,50,false,0.27
"VIB",133822,"/Date(1701153515000)/",18500,500,824400,15157000000,50,true,0.27
"VIB",133806,"/Date(1701153498000)/",18500,100,823900,15148000000,50,true,0.27
"VIB",133803,"/Date(1701153496000)/",18550,500,823800,15146000000,100,false,0.54
"VIB",133803,"/Date(1701153496000)/",18550,2300,823300,15137000000,100,false,0.54
"VIB",133740,"/Date(1701153472000)/",18500,10000,821000,15094000000,50,false,0.27
"VIB",133740,"/Date(1701153472000)/",18500,2000,811000,14909000000,50,false,0.27
"VIB",133740,"/Date(1701153472000)/",18500,500,809000,14872000000,50,false,0.27
"VIB",133740,"/Date(1701153472000)/",18500,7400,808500,14863000000,50,false,0.27
"VIB",133731,"/Date(1701153463000)/",18500,2600,801100,14726000000,50,false,0.27
"VIB",133731,"/Date(1701153463000)/",18500,200,798500,14678000000,50,false,0.27
"VIB",133731,"/Date(1701153463000)/",18500,10000,798300,14674000000,50,false,0.27
"VIB",133731,"/Date(1701153463000)/",18500,200,788300,14489000000,50,false,0.27
"VIB",133731,"/Date(1701153463000)/",18500,100,788100,14485000000,50,false,0.27
"VIB",133731,"/Date(1701153463000)/",18500,200,788000,14483000000,50,false,0.27
"VIB",133731,"/Date(1701153463000)/",18500,200,787800,14480000000,50,false,0.27
"VIB",133731,"/Date(1701153463000)/",18500,300,787600,14476000000,50,false,0.27
"VIB",133731,"/Date(1701153463000)/",18500,1000,787300,14470000000,50,false,0.27
"VIB",133731,"/Date(1701153463000)/",18500,500,786300,14452000000,50,false,0.27
"VIB",133731,"/Date(1701153463000)/",18500,4700,785800,14443000000,50,false,0.27
"VIB",133653,"/Date(1701153424000)/",18450,100,781100,14356000000,0,false,0
"VIB",133646,"/Date(1701153417000)/",18450,800,781000,14354000000,0,false,0
"VIB",133646,"/Date(1701153417000)/",18450,200,780200,14339000000,0,false,0
"VIB",133532,"/Date(1701153344000)/",18450,100,780000,14335000000,0,false,0
"VIB",133529,"/Date(1701153342000)/",18450,9700,779900,14334000000,0,false,0
"VIB",133529,"/Date(1701153342000)/",18450,300,770200,14155000000,0,false,0
"VIB",133526,"/Date(1701153339000)/",18450,300,769900,14149000000,0,false,0
"VIB",133451,"/Date(1701153303000)/",18450,10000,769600,14144000000,0,false,0
"VIB",133445,"/Date(1701153297000)/",18450,3000,759600,13959000000,0,false,0
"VIB",133445,"/Date(1701153297000)/",18450,1400,756600,13904000000,0,false,0
"VIB",133429,"/Date(1701153281000)/",18450,2400,755200,13878000000,0,true,0
"VIB",133240,"/Date(1701153171000)/",18450,6200,752800,13834000000,0,true,0
"VIB",133159,"/Date(1701153130000)/",18450,1000,746600,13719000000,0,true,0
"VIB",133155,"/Date(1701153128000)/",18450,2800,745600,13701000000,0,true,0
"VIB",133058,"/Date(1701153070000)/",18450,2200,742800,13649000000,0,false,0
"VIB",133032,"/Date(1701153043000)/",18450,1800,740600,13608000000,0,false,0
"VIB",132922,"/Date(1701152974000)/",18450,2500,738800,13575000000,0,false,0
"VIB",132909,"/Date(1701152959000)/",18450,3500,736300,13529000000,0,true,0
"VIB",132906,"/Date(1701152959000)/",18450,6500,732800,13465000000,0,true,0
"VIB",132906,"/Date(1701152959000)/",18450,500,726300,13345000000,0,true,0
"VIB",132906,"/Date(1701152959000)/",18450,1000,725800,13335000000,0,true,0
"VIB",132844,"/Date(1701152934000)/",18450,200,724800,13317000000,0,true,0
"VIB",132746,"/Date(1701152876000)/",18450,2000,724600,13313000000,0,true,0
"VIB",132743,"/Date(1701152875000)/",18450,100,722600,13276000000,0,true,0
"VIB",132718,"/Date(1701152849000)/",18500,500,722500,13275000000,50,false,0.27
"VIB",132632,"/Date(1701152804000)/",18500,4800,722000,13265000000,50,false,0.27
"VIB",132632,"/Date(1701152804000)/",18500,100,717200,13176000000,50,false,0.27
"VIB",132632,"/Date(1701152804000)/",18500,100,717100,13175000000,50,false,0.27
"VIB",132613,"/Date(1701152784000)/",18450,500,717000,13173000000,0,true,0
"VIB",132610,"/Date(1701152779000)/",18500,100,716500,13164000000,50,false,0.27
"VIB",132610,"/Date(1701152779000)/",18500,1000,716400,13162000000,50,false,0.27
"VIB",132610,"/Date(1701152779000)/",18500,3000,715400,13143000000,50,false,0.27
"VIB",132606,"/Date(1701152777000)/",18450,300,712400,13088000000,0,true,0
"VIB",132537,"/Date(1701152748000)/",18450,400,712100,13082000000,0,true,0
"VIB",132502,"/Date(1701152712000)/",18450,2000,711700,13075000000,0,false,0
"VIB",132502,"/Date(1701152712000)/",18450,1200,709700,13038000000,0,false,0
"VIB",132502,"/Date(1701152712000)/",18450,1000,708500,13016000000,0,false,0
"VIB",132502,"/Date(1701152712000)/",18450,100,707500,12997000000,0,false,0
"VIB",132502,"/Date(1701152712000)/",18450,2000,707400,12995000000,0,false,0
"VIB",132502,"/Date(1701152712000)/",18450,300,705400,12959000000,0,false,0
"VIB",132502,"/Date(1701152712000)/",18450,25000,705100,12953000000,0,false,0
"VIB",132502,"/Date(1701152712000)/",18450,600,680100,12492000000,0,false,0
"VIB",132408,"/Date(1701152657000)/",18400,200,679500,12481000000,-50,true,-0.27
"VIB",132235,"/Date(1701152565000)/",18400,200,679300,12477000000,-50,true,-0.27
"VIB",132154,"/Date(1701152525000)/",18400,200,679100,12473000000,-50,true,-0.27
"VIB",132154,"/Date(1701152525000)/",18400,500,678900,12470000000,-50,true,-0.27
"VIB",132154,"/Date(1701152525000)/",18400,5000,678400,12460000000,-50,true,-0.27
"VIB",132154,"/Date(1701152525000)/",18400,300,673400,12368000000,-50,true,-0.27
"VIB",132154,"/Date(1701152525000)/",18400,2000,673100,12363000000,-50,true,-0.27
"VIB",132154,"/Date(1701152525000)/",18400,300,671100,12326000000,-50,true,-0.27
"VIB",132154,"/Date(1701152525000)/",18400,100,670800,12321000000,-50,true,-0.27
"VIB",132154,"/Date(1701152525000)/",18400,8000,670700,12319000000,-50,true,-0.27
"VIB",132154,"/Date(1701152525000)/",18400,7400,662700,12172000000,-50,true,-0.27
"VIB",132147,"/Date(1701152517000)/",18400,500,655300,12035000000,-50,false,-0.27
"VIB",132131,"/Date(1701152501000)/",18400,2000,654800,12026000000,-50,false,-0.27
"VIB",132005,"/Date(1701152416000)/",18350,700,652800,11989000000,-100,true,-0.54
"VIB",131936,"/Date(1701152388000)/",18350,100,652100,11977000000,-100,true,-0.54
"VIB",131745,"/Date(1701152276000)/",18350,500,652000,11975000000,-100,true,-0.54
"VIB",131745,"/Date(1701152276000)/",18350,100,651500,11966000000,-100,true,-0.54
"VIB",131745,"/Date(1701152276000)/",18350,100,651400,11964000000,-100,true,-0.54
"VIB",131745,"/Date(1701152276000)/",18350,1800,651300,11962000000,-100,true,-0.54
"VIB",131700,"/Date(1701152229000)/",18350,500,649500,11929000000,-100,true,-0.54
"VIB",131404,"/Date(1701152055000)/",18350,100,649000,11920000000,-100,true,-0.54
"VIB",131313,"/Date(1701152004000)/",18400,3000,648900,11918000000,-50,false,-0.27
"VIB",131310,"/Date(1701152001000)/",18400,2300,645900,11863000000,-50,false,-0.27
"VIB",131241,"/Date(1701151971000)/",18400,700,643600,11820000000,-50,false,-0.27
"VIB",131222,"/Date(1701151953000)/",18400,100,642900,11807000000,-50,false,-0.27
"VIB",131153,"/Date(1701151923000)/",18400,300,642800,11806000000,-50,false,-0.27
"VIB",131102,"/Date(1701151873000)/",18400,100,642500,11800000000,-50,false,-0.27
"VIB",131056,"/Date(1701151867000)/",18350,2600,642400,11798000000,-100,true,-0.54
"VIB",131056,"/Date(1701151867000)/",18350,200,639800,11751000000,-100,true,-0.54
"VIB",131056,"/Date(1701151867000)/",18350,100,639600,11747000000,-100,true,-0.54
"VIB",131050,"/Date(1701151859000)/",18350,300,639500,11745000000,-100,true,-0.54
"VIB",131046,"/Date(1701151857000)/",18350,100,639200,11740000000,-100,true,-0.54
"VIB",131046,"/Date(1701151857000)/",18350,500,639100,11738000000,-100,true,-0.54
"VIB",131046,"/Date(1701151857000)/",18350,300,638600,11729000000,-100,true,-0.54
"VIB",131046,"/Date(1701151857000)/",18350,2100,638300,11723000000,-100,true,-0.54
"VIB",130959,"/Date(1701151808000)/",18400,200,636200,11684000000,-50,false,-0.27
"VIB",130845,"/Date(1701151734000)/",18400,200,636000,11681000000,-50,false,-0.27
"VIB",130823,"/Date(1701151714000)/",18400,5000,635800,11677000000,-50,false,-0.27
"VIB",130757,"/Date(1701151686000)/",18400,2700,630800,11585000000,-50,false,-0.27
"VIB",130757,"/Date(1701151686000)/",18400,300,628100,11535000000,-50,false,-0.27
"VIB",130757,"/Date(1701151686000)/",18400,400,627800,11530000000,-50,false,-0.27
"VIB",130757,"/Date(1701151686000)/",18400,1600,627400,11523000000,-50,false,-0.27
"VIB",130647,"/Date(1701151615000)/",18350,1200,625800,11493000000,-100,true,-0.54
"VIB",130622,"/Date(1701151590000)/",18350,500,624600,11471000000,-100,true,-0.54
"VIB",130609,"/Date(1701151578000)/",18350,1200,624100,11462000000,-100,true,-0.54
"VIB",130609,"/Date(1701151578000)/",18350,1800,622900,11440000000,-100,true,-0.54
"VIB",130540,"/Date(1701151548000)/",18350,1000,621100,11407000000,-100,true,-0.54
"VIB",130531,"/Date(1701151538000)/",18350,700,620100,11389000000,-100,true,-0.54
"VIB",130452,"/Date(1701151502000)/",18350,2000,619400,11376000000,-100,true,-0.54
"VIB",130449,"/Date(1701151498000)/",18350,500,617400,11339000000,-100,true,-0.54
"VIB",130427,"/Date(1701151475000)/",18350,900,616900,11330000000,-100,true,-0.54
"VIB",130427,"/Date(1701151475000)/",18350,100,616000,11313000000,-100,true,-0.54
"VIB",130404,"/Date(1701151453000)/",18350,900,615900,11311000000,-100,true,-0.54
"VIB",130141,"/Date(1701151308000)/",18350,100,615000,11295000000,-100,true,-0.54
"VIB",130141,"/Date(1701151308000)/",18350,900,614900,11293000000,-100,true,-0.54
"VIB",130027,"/Date(1701151236000)/",18350,500,614000,11277000000,-100,true,-0.54
"VIB",130024,"/Date(1701151228000)/",18350,6000,613500,11267000000,-100,false,-0.54
"VIB",130024,"/Date(1701151228000)/",18350,2000,607500,11157000000,-100,false,-0.54
"VIB",130024,"/Date(1701151228000)/",18350,500,605500,11121000000,-100,false,-0.54
"VIB",130024,"/Date(1701151228000)/",18350,100,605000,11111000000,-100,false,-0.54
"VIB",130018,"/Date(1701151214000)/",18350,200,604900,11110000000,-100,false,-0.54
"VIB",130015,"/Date(1701151207000)/",18300,2000,604700,11106000000,-150,true,-0.81
"VIB",130015,"/Date(1701151207000)/",18350,100,602700,11069000000,-100,true,-0.54
"VIB",130015,"/Date(1701151207000)/",18350,100,602600,11068000000,-100,true,-0.54
"VIB",130005,"/Date(1701151200000)/",18350,2600,602500,11066000000,-100,true,-0.54
"VIB",130005,"/Date(1701151200000)/",18350,100,599900,11018000000,-100,true,-0.54
"VIB",130005,"/Date(1701151200000)/",18350,100,599800,11016000000,-100,true,-0.54
"VIB",130005,"/Date(1701151200000)/",18350,400,599700,11014000000,-100,true,-0.54
"VIB",112956,"/Date(1701145797000)/",18350,100,599300,11007000000,-100,true,-0.54
"VIB",112956,"/Date(1701145797000)/",18350,2000,599200,11005000000,-100,true,-0.54
"VIB",112956,"/Date(1701145797000)/",18350,1900,597200,10968000000,-100,true,-0.54
"VIB",112918,"/Date(1701145758000)/",18350,100,595300,10934000000,-100,true,-0.54
"VIB",112732,"/Date(1701145652000)/",18350,3000,595200,10932000000,-100,true,-0.54
"VIB",112700,"/Date(1701145621000)/",18400,1000,592200,10877000000,-50,false,-0.27
"VIB",112501,"/Date(1701145503000)/",18400,1000,591200,10858000000,-50,false,-0.27
"VIB",112405,"/Date(1701145448000)/",18300,1700,590200,10840000000,-150,true,-0.81
"VIB",112405,"/Date(1701145448000)/",18300,100,588500,10809000000,-150,true,-0.81
"VIB",112405,"/Date(1701145448000)/",18300,400,588400,10807000000,-150,true,-0.81
"VIB",112405,"/Date(1701145448000)/",18300,500,588000,10800000000,-150,true,-0.81
"VIB",112405,"/Date(1701145448000)/",18300,2500,587500,10790000000,-150,true,-0.81
"VIB",112405,"/Date(1701145448000)/",18350,900,585000,10745000000,-100,true,-0.54
"VIB",112405,"/Date(1701145448000)/",18350,500,584100,10728000000,-100,true,-0.54
"VIB",112405,"/Date(1701145448000)/",18350,1000,583600,10719000000,-100,true,-0.54
"VIB",112405,"/Date(1701145448000)/",18350,2400,582600,10701000000,-100,true,-0.54
"VIB",112402,"/Date(1701145444000)/",18350,100,580200,10657000000,-100,true,-0.54
"VIB",112352,"/Date(1701145437000)/",18350,1000,580100,10655000000,-100,true,-0.54
"VIB",112235,"/Date(1701145363000)/",18350,600,579100,10636000000,-100,true,-0.54
"VIB",112235,"/Date(1701145363000)/",18350,1000,578500,10625000000,-100,true,-0.54
"VIB",112235,"/Date(1701145363000)/",18350,2000,577500,10607000000,-100,true,-0.54
"VIB",112235,"/Date(1701145363000)/",18350,2900,575500,10570000000,-100,true,-0.54
"VIB",112225,"/Date(1701145354000)/",18350,7100,572600,10517000000,-100,false,-0.54
"VIB",112225,"/Date(1701145354000)/",18350,2900,565500,10387000000,-100,false,-0.54
"VIB",112136,"/Date(1701145306000)/",18300,500,562600,10334000000,-150,true,-0.81
"VIB",111825,"/Date(1701145130000)/",18300,1000,562100,10325000000,-150,true,-0.81
"VIB",111803,"/Date(1701145105000)/",18300,1000,561100,10306000000,-150,true,-0.81
"VIB",111747,"/Date(1701145090000)/",18300,600,560100,10288000000,-150,true,-0.81
"VIB",111740,"/Date(1701145084000)/",18350,100,559500,10277000000,-100,false,-0.54
"VIB",111740,"/Date(1701145084000)/",18350,500,559400,10275000000,-100,false,-0.54
"VIB",111718,"/Date(1701145062000)/",18300,400,558900,10266000000,-150,true,-0.81
"VIB",111718,"/Date(1701145062000)/",18300,1600,558500,10259000000,-150,true,-0.81
"VIB",111702,"/Date(1701145047000)/",18300,400,556900,10229000000,-150,true,-0.81
"VIB",111702,"/Date(1701145047000)/",18300,200,556500,10222000000,-150,true,-0.81
"VIB",111620,"/Date(1701145006000)/",18300,2800,556300,10218000000,-150,true,-0.81
"VIB",111620,"/Date(1701145006000)/",18300,100,553500,10167000000,-150,true,-0.81
"VIB",111620,"/Date(1701145006000)/",18300,2000,553400,10165000000,-150,true,-0.81
"VIB",111620,"/Date(1701145006000)/",18300,300,551400,10129000000,-150,true,-0.81
"VIB",111620,"/Date(1701145006000)/",18300,4800,551100,10123000000,-150,true,-0.81
"VIB",111545,"/Date(1701144969000)/",18300,200,546300,10035000000,-150,true,-0.81
"VIB",111517,"/Date(1701144939000)/",18300,5000,546100,10032000000,-150,true,-0.81
"VIB",111426,"/Date(1701144889000)/",18300,100,541100,9940000000,-150,true,-0.81
"VIB",111419,"/Date(1701144882000)/",18300,200,541000,9938000000,-150,true,-0.81
"VIB",111416,"/Date(1701144878000)/",18300,200,540800,9935000000,-150,true,-0.81
"VIB",111416,"/Date(1701144878000)/",18300,100,540600,9931000000,-150,true,-0.81
"VIB",111331,"/Date(1701144836000)/",18300,200,540500,9929000000,-150,true,-0.81
"VIB",111240,"/Date(1701144783000)/",18300,1000,540300,9926000000,-150,true,-0.81
"VIB",111240,"/Date(1701144783000)/",18300,200,539300,9907000000,-150,true,-0.81
"VIB",111240,"/Date(1701144783000)/",18300,500,539100,9904000000,-150,true,-0.81
"VIB",111240,"/Date(1701144783000)/",18300,100,538600,9894000000,-150,true,-0.81
"VIB",111240,"/Date(1701144783000)/",18300,2000,538500,9893000000,-150,true,-0.81
"VIB",111240,"/Date(1701144783000)/",18300,100,536500,9856000000,-150,true,-0.81
"VIB",111240,"/Date(1701144783000)/",18300,500,536400,9854000000,-150,true,-0.81
"VIB",111240,"/Date(1701144783000)/",18300,100,535900,9845000000,-150,true,-0.81
"VIB",111240,"/Date(1701144783000)/",18300,400,535800,9843000000,-150,true,-0.81
"VIB",111240,"/Date(1701144783000)/",18300,100,535400,9836000000,-150,true,-0.81
"VIB",111240,"/Date(1701144783000)/",18300,5000,535300,9834000000,-150,true,-0.81
"VIB",111221,"/Date(1701144765000)/",18300,1000,530300,9743000000,-150,true,-0.81
"VIB",111208,"/Date(1701144752000)/",18300,1000,529300,9724000000,-150,true,-0.81
"VIB",111208,"/Date(1701144752000)/",18300,500,528300,9706000000,-150,true,-0.81
"VIB",111208,"/Date(1701144751000)/",18300,500,527800,9697000000,-150,true,-0.81
"VIB",111208,"/Date(1701144751000)/",18300,100,527300,9688000000,-150,true,-0.81
"VIB",111208,"/Date(1701144751000)/",18300,1000,527200,9686000000,-150,true,-0.81
"VIB",111208,"/Date(1701144751000)/",18300,100,526200,9668000000,-150,true,-0.81
"VIB",111208,"/Date(1701144751000)/",18300,1000,526100,9666000000,-150,true,-0.81
"VIB",111208,"/Date(1701144751000)/",18300,300,525100,9647000000,-150,true,-0.81
"VIB",111114,"/Date(1701144697000)/",18300,9700,524800,9642000000,-150,true,-0.81
"VIB",111114,"/Date(1701144697000)/",18300,300,515100,9464000000,-150,true,-0.81
"VIB",111017,"/Date(1701144640000)/",18300,200,514800,9459000000,-150,true,-0.81
"VIB",110916,"/Date(1701144579000)/",18300,500,514600,9455000000,-150,true,-0.81
"VIB",110916,"/Date(1701144579000)/",18300,200,514100,9446000000,-150,true,-0.81
"VIB",110916,"/Date(1701144579000)/",18300,300,513900,9442000000,-150,true,-0.81
"VIB",110916,"/Date(1701144579000)/",18300,400,513600,9437000000,-150,true,-0.81
"VIB",110916,"/Date(1701144579000)/",18300,100,513200,9430000000,-150,true,-0.81
"VIB",110916,"/Date(1701144579000)/",18300,500,513100,9428000000,-150,true,-0.81
"VIB",110851,"/Date(1701144552000)/",18300,500,512600,9419000000,-150,true,-0.81
"VIB",110851,"/Date(1701144552000)/",18300,500,512100,9409000000,-150,true,-0.81
"VIB",110844,"/Date(1701144546000)/",18300,500,511600,9400000000,-150,true,-0.81
"VIB",110844,"/Date(1701144546000)/",18300,100,511100,9391000000,-150,true,-0.81
"VIB",110844,"/Date(1701144546000)/",18300,100,511000,9389000000,-150,true,-0.81
"VIB",110844,"/Date(1701144546000)/",18300,100,510900,9388000000,-150,true,-0.81
"VIB",110812,"/Date(1701144517000)/",18300,4900,510800,9386000000,-150,true,-0.81
"VIB",110812,"/Date(1701144517000)/",18300,100,505900,9296000000,-150,true,-0.81
"VIB",110812,"/Date(1701144517000)/",18300,4000,505800,9294000000,-150,true,-0.81
"VIB",110712,"/Date(1701144454000)/",18300,3000,501800,9221000000,-150,true,-0.81
"VIB",110624,"/Date(1701144406000)/",18350,600,498800,9166000000,-100,false,-0.54
"VIB",110624,"/Date(1701144406000)/",18350,400,498200,9155000000,-100,false,-0.54
"VIB",110614,"/Date(1701144397000)/",18350,500,497800,9148000000,-100,false,-0.54
"VIB",110514,"/Date(1701144336000)/",18350,500,497300,9139000000,-100,false,-0.54
"VIB",110455,"/Date(1701144318000)/",18350,500,496800,9129000000,-100,false,-0.54
"VIB",110404,"/Date(1701144267000)/",18350,100,496300,9120000000,-100,false,-0.54
"VIB",110404,"/Date(1701144267000)/",18350,1000,496200,9118000000,-100,false,-0.54
"VIB",110325,"/Date(1701144229000)/",18350,500,495200,9100000000,-100,false,-0.54
"VIB",110309,"/Date(1701144213000)/",18300,1100,494700,9091000000,-150,true,-0.81
"VIB",110309,"/Date(1701144212000)/",18300,1900,493600,9071000000,-150,true,-0.81
"VIB",110309,"/Date(1701144212000)/",18300,100,491700,9036000000,-150,true,-0.81
"VIB",110222,"/Date(1701144163000)/",18300,500,491600,9034000000,-150,true,-0.81
"VIB",110218,"/Date(1701144160000)/",18350,500,491100,9025000000,-100,false,-0.54
"VIB",110131,"/Date(1701144112000)/",18300,100,490600,9016000000,-150,true,-0.81
"VIB",110108,"/Date(1701144090000)/",18300,700,490500,9014000000,-150,true,-0.81
"VIB",110043,"/Date(1701144066000)/",18300,200,489800,9001000000,-150,true,-0.81
"VIB",105709,"/Date(1701143851000)/",18300,100,489600,8998000000,-150,true,-0.81
"VIB",105709,"/Date(1701143851000)/",18300,400,489500,8996000000,-150,true,-0.81
"VIB",105628,"/Date(1701143809000)/",18350,1000,489100,8988000000,-100,false,-0.54
"VIB",105618,"/Date(1701143799000)/",18350,1000,488100,8970000000,-100,false,-0.54
"VIB",105524,"/Date(1701143746000)/",18350,100,487100,8952000000,-100,false,-0.54
"VIB",105508,"/Date(1701143729000)/",18300,100,487000,8950000000,-150,true,-0.81
"VIB",105508,"/Date(1701143729000)/",18300,200,486900,8948000000,-150,true,-0.81
"VIB",105508,"/Date(1701143729000)/",18300,200,486700,8944000000,-150,true,-0.81
"VIB",105436,"/Date(1701143697000)/",18350,100,486500,8941000000,-100,false,-0.54
"VIB",105254,"/Date(1701143596000)/",18350,500,486400,8939000000,-100,false,-0.54
"VIB",105254,"/Date(1701143596000)/",18350,300,485900,8930000000,-100,false,-0.54
"VIB",105238,"/Date(1701143579000)/",18350,700,485600,8924000000,-100,true,-0.54
"VIB",105238,"/Date(1701143579000)/",18350,1000,484900,8911000000,-100,true,-0.54
"VIB",105238,"/Date(1701143579000)/",18350,200,483900,8893000000,-100,true,-0.54
"VIB",105238,"/Date(1701143579000)/",18350,8100,483700,8889000000,-100,true,-0.54
"VIB",105219,"/Date(1701143562000)/",18400,100,475600,8741000000,-50,false,-0.27
"VIB",104918,"/Date(1701143378000)/",18350,1900,475500,8739000000,-100,true,-0.54
"VIB",104918,"/Date(1701143378000)/",18350,100,473600,8704000000,-100,true,-0.54
"VIB",104717,"/Date(1701143256000)/",18400,400,473500,8702000000,-50,false,-0.27
"VIB",104717,"/Date(1701143256000)/",18400,800,473100,8695000000,-50,false,-0.27
"VIB",104701,"/Date(1701143243000)/",18350,1200,472300,8680000000,-100,false,-0.54
"VIB",104654,"/Date(1701143235000)/",18350,10000,471100,8658000000,-100,false,-0.54
"VIB",104642,"/Date(1701143224000)/",18350,1200,461100,8475000000,-100,false,-0.54
"VIB",104619,"/Date(1701143199000)/",18350,7000,459900,8452000000,-100,false,-0.54
"VIB",104551,"/Date(1701143170000)/",18350,1200,452900,8324000000,-100,false,-0.54
"VIB",104541,"/Date(1701143161000)/",18350,100,451700,8302000000,-100,true,-0.54
"VIB",104541,"/Date(1701143161000)/",18350,4900,451600,8300000000,-100,true,-0.54
"VIB",104532,"/Date(1701143152000)/",18350,5100,446700,8210000000,-100,false,-0.54
"VIB",104528,"/Date(1701143149000)/",18350,1200,441600,8117000000,-100,false,-0.54
"VIB",104503,"/Date(1701143123000)/",18350,1200,440400,8095000000,-100,false,-0.54
"VIB",104447,"/Date(1701143106000)/",18350,1200,439200,8073000000,-100,false,-0.54
"VIB",104431,"/Date(1701143091000)/",18350,1200,438000,8051000000,-100,false,-0.54
"VIB",104422,"/Date(1701143083000)/",18350,1000,436800,8029000000,-100,false,-0.54
"VIB",104418,"/Date(1701143080000)/",18350,5000,435800,8010000000,-100,false,-0.54
"VIB",104412,"/Date(1701143072000)/",18350,1200,430800,7919000000,-100,false,-0.54
"VIB",104337,"/Date(1701143036000)/",18350,100,429600,7896000000,-100,false,-0.54
"VIB",104334,"/Date(1701143035000)/",18350,1200,429500,7895000000,-100,false,-0.54
"VIB",104249,"/Date(1701142991000)/",18350,100,428300,7873000000,-100,false,-0.54
"VIB",104249,"/Date(1701142989000)/",18350,500,428200,7871000000,-100,false,-0.54
"VIB",104230,"/Date(1701142970000)/",18350,300,427700,7862000000,-100,false,-0.54
"VIB",104223,"/Date(1701142964000)/",18300,100,427400,7856000000,-150,true,-0.81
"VIB",104223,"/Date(1701142964000)/",18300,100,427300,7854000000,-150,true,-0.81
"VIB",104223,"/Date(1701142964000)/",18300,500,427200,7852000000,-150,true,-0.81
"VIB",104223,"/Date(1701142964000)/",18300,100,426700,7843000000,-150,true,-0.81
"VIB",104223,"/Date(1701142964000)/",18300,100,426600,7841000000,-150,true,-0.81
"VIB",104223,"/Date(1701142964000)/",18300,1000,426500,7840000000,-150,true,-0.81
"VIB",104223,"/Date(1701142964000)/",18300,300,425500,7821000000,-150,true,-0.81
"VIB",104204,"/Date(1701142944000)/",18350,5000,425200,7816000000,-100,false,-0.54
"VIB",104148,"/Date(1701142930000)/",18350,100,420200,7724000000,-100,false,-0.54
"VIB",104022,"/Date(1701142842000)/",18350,400,420100,7722000000,-100,false,-0.54
"VIB",103932,"/Date(1701142791000)/",18300,700,419700,7715000000,-150,true,-0.81
"VIB",103932,"/Date(1701142791000)/",18300,100,419000,7702000000,-150,true,-0.81
"VIB",103932,"/Date(1701142791000)/",18300,300,418900,7700000000,-150,true,-0.81
"VIB",103932,"/Date(1701142791000)/",18300,100,418600,7695000000,-150,true,-0.81
"VIB",103932,"/Date(1701142791000)/",18300,3800,418500,7693000000,-150,true,-0.81
"VIB",103903,"/Date(1701142762000)/",18350,200,414700,7623000000,-100,false,-0.54
"VIB",103828,"/Date(1701142727000)/",18350,300,414500,7620000000,-100,false,-0.54
"VIB",103730,"/Date(1701142672000)/",18300,5000,414200,7614000000,-150,true,-0.81
"VIB",103702,"/Date(1701142643000)/",18350,3000,409200,7523000000,-100,false,-0.54
"VIB",103611,"/Date(1701142589000)/",18350,100,406200,7468000000,-100,false,-0.54
"VIB",103601,"/Date(1701142581000)/",18350,1000,406100,7466000000,-100,false,-0.54
"VIB",103516,"/Date(1701142536000)/",18350,500,405100,7448000000,-100,false,-0.54
"VIB",103451,"/Date(1701142512000)/",18350,100,404600,7438000000,-100,false,-0.54
"VIB",103435,"/Date(1701142495000)/",18350,100,404500,7437000000,-100,false,-0.54
"VIB",103435,"/Date(1701142495000)/",18350,100,404400,7435000000,-100,false,-0.54
"VIB",103435,"/Date(1701142495000)/",18350,100,404300,7433000000,-100,false,-0.54
"VIB",103435,"/Date(1701142495000)/",18350,200,404200,7431000000,-100,false,-0.54
"VIB",103435,"/Date(1701142495000)/",18350,1000,404000,7427000000,-100,false,-0.54
"VIB",103435,"/Date(1701142495000)/",18350,1000,403000,7409000000,-100,false,-0.54
"VIB",103435,"/Date(1701142495000)/",18350,100,402000,7391000000,-100,false,-0.54
"VIB",103435,"/Date(1701142495000)/",18350,100,401900,7389000000,-100,false,-0.54
"VIB",103435,"/Date(1701142495000)/",18350,10000,401800,7387000000,-100,false,-0.54
"VIB",103435,"/Date(1701142495000)/",18350,1000,391800,7203000000,-100,false,-0.54
"VIB",103435,"/Date(1701142495000)/",18350,6300,390800,7185000000,-100,false,-0.54
"VIB",103412,"/Date(1701142472000)/",18350,1100,384500,7070000000,-100,true,-0.54
"VIB",103205,"/Date(1701142344000)/",18350,2600,383400,7049000000,-100,true,-0.54
"VIB",103205,"/Date(1701142344000)/",18350,2000,380800,7002000000,-100,true,-0.54
"VIB",103205,"/Date(1701142344000)/",18350,100,378800,6965000000,-100,true,-0.54
"VIB",103205,"/Date(1701142344000)/",18350,1000,378700,6963000000,-100,true,-0.54
"VIB",103205,"/Date(1701142344000)/",18350,2000,377700,6945000000,-100,true,-0.54
"VIB",103205,"/Date(1701142344000)/",18350,500,375700,6908000000,-100,true,-0.54
"VIB",103205,"/Date(1701142344000)/",18350,1000,375200,6899000000,-100,true,-0.54
"VIB",103205,"/Date(1701142344000)/",18350,500,374200,6881000000,-100,true,-0.54
"VIB",103205,"/Date(1701142344000)/",18350,10000,373700,6871000000,-100,true,-0.54
"VIB",103205,"/Date(1701142344000)/",18350,300,363700,6688000000,-100,true,-0.54
"VIB",102835,"/Date(1701142135000)/",18350,100,363400,6682000000,-100,true,-0.54
"VIB",102835,"/Date(1701142135000)/",18350,2000,363300,6680000000,-100,true,-0.54
"VIB",102835,"/Date(1701142135000)/",18350,500,361300,6644000000,-100,true,-0.54
"VIB",102835,"/Date(1701142135000)/",18350,100,360800,6635000000,-100,true,-0.54
"VIB",102835,"/Date(1701142135000)/",18350,200,360700,6633000000,-100,true,-0.54
"VIB",102835,"/Date(1701142135000)/",18350,100,360500,6629000000,-100,true,-0.54
"VIB",102835,"/Date(1701142135000)/",18350,4500,360400,6627000000,-100,true,-0.54
"VIB",102411,"/Date(1701141869000)/",18350,200,355900,6545000000,-100,true,-0.54
"VIB",102213,"/Date(1701141752000)/",18350,300,355700,6541000000,-100,true,-0.54
"VIB",101950,"/Date(1701141607000)/",18300,1200,355400,6536000000,-150,true,-0.81
"VIB",101950,"/Date(1701141607000)/",18300,300,354200,6514000000,-150,true,-0.81
"VIB",101950,"/Date(1701141607000)/",18300,100,353900,6508000000,-150,true,-0.81
"VIB",101947,"/Date(1701141607000)/",18300,500,353800,6506000000,-150,true,-0.81
"VIB",101947,"/Date(1701141607000)/",18300,500,353300,6497000000,-150,true,-0.81
"VIB",101947,"/Date(1701141607000)/",18300,700,352800,6488000000,-150,true,-0.81
"VIB",101947,"/Date(1701141607000)/",18300,500,352100,6475000000,-150,true,-0.81
"VIB",101947,"/Date(1701141607000)/",18300,1000,351600,6466000000,-150,true,-0.81
"VIB",101947,"/Date(1701141607000)/",18300,200,350600,6448000000,-150,true,-0.81
"VIB",101947,"/Date(1701141607000)/",18300,200,350400,6444000000,-150,true,-0.81
"VIB",101947,"/Date(1701141607000)/",18300,100,350200,6440000000,-150,true,-0.81
"VIB",101947,"/Date(1701141607000)/",18300,100,350100,6439000000,-150,true,-0.81
"VIB",101947,"/Date(1701141607000)/",18300,100,350000,6437000000,-150,true,-0.81
"VIB",101947,"/Date(1701141607000)/",18300,1000,349900,6435000000,-150,true,-0.81
"VIB",101947,"/Date(1701141607000)/",18300,100,348900,6417000000,-150,true,-0.81
"VIB",101947,"/Date(1701141607000)/",18300,200,348800,6415000000,-150,true,-0.81
"VIB",101947,"/Date(1701141607000)/",18300,200,348600,6411000000,-150,true,-0.81
"VIB",101947,"/Date(1701141607000)/",18300,500,348400,6407000000,-150,true,-0.81
"VIB",101947,"/Date(1701141607000)/",18300,700,347900,6398000000,-150,true,-0.81
"VIB",101947,"/Date(1701141607000)/",18300,100,347200,6385000000,-150,true,-0.81
"VIB",101947,"/Date(1701141607000)/",18300,2000,347100,6384000000,-150,true,-0.81
"VIB",101947,"/Date(1701141607000)/",18300,100,345100,6347000000,-150,true,-0.81
"VIB",101947,"/Date(1701141607000)/",18300,500,345000,6345000000,-150,true,-0.81
"VIB",101947,"/Date(1701141607000)/",18300,500,344500,6336000000,-150,true,-0.81
"VIB",101947,"/Date(1701141607000)/",18300,1000,344000,6327000000,-150,true,-0.81
"VIB",101947,"/Date(1701141607000)/",18300,500,343000,6309000000,-150,true,-0.81
"VIB",101947,"/Date(1701141607000)/",18300,3000,342500,6299000000,-150,true,-0.81
"VIB",101947,"/Date(1701141607000)/",18300,1000,339500,6245000000,-150,true,-0.81
"VIB",101947,"/Date(1701141607000)/",18300,100,338500,6226000000,-150,true,-0.81
"VIB",101947,"/Date(1701141607000)/",18300,100,338400,6224000000,-150,true,-0.81
"VIB",101947,"/Date(1701141607000)/",18300,200,338300,6223000000,-150,true,-0.81
"VIB",101947,"/Date(1701141607000)/",18300,100,338100,6219000000,-150,true,-0.81
"VIB",101947,"/Date(1701141607000)/",18300,1000,338000,6217000000,-150,true,-0.81
"VIB",101947,"/Date(1701141607000)/",18300,2000,337000,6199000000,-150,true,-0.81
"VIB",101947,"/Date(1701141607000)/",18300,400,335000,6162000000,-150,true,-0.81
"VIB",101947,"/Date(1701141607000)/",18300,100,334600,6155000000,-150,true,-0.81
"VIB",101947,"/Date(1701141607000)/",18300,1000,334500,6153000000,-150,true,-0.81
"VIB",101947,"/Date(1701141607000)/",18300,100,333500,6135000000,-150,true,-0.81
"VIB",101947,"/Date(1701141607000)/",18300,100,333400,6133000000,-150,true,-0.81
"VIB",101947,"/Date(1701141607000)/",18300,500,333300,6131000000,-150,true,-0.81
"VIB",101947,"/Date(1701141607000)/",18300,5000,332800,6122000000,-150,true,-0.81
"VIB",101947,"/Date(1701141607000)/",18350,300,327800,6030000000,-100,true,-0.54
"VIB",101947,"/Date(1701141607000)/",18350,200,327500,6025000000,-100,true,-0.54
"VIB",101947,"/Date(1701141607000)/",18350,10000,327300,6021000000,-100,true,-0.54
"VIB",101947,"/Date(1701141607000)/",18350,1000,317300,5838000000,-100,true,-0.54
"VIB",101947,"/Date(1701141607000)/",18350,10000,316300,5819000000,-100,true,-0.54
"VIB",101947,"/Date(1701141607000)/",18350,300,306300,5636000000,-100,true,-0.54
"VIB",101947,"/Date(1701141607000)/",18350,600,306000,5630000000,-100,true,-0.54
"VIB",101902,"/Date(1701141560000)/",18350,400,305400,5619000000,-100,true,-0.54
"VIB",101853,"/Date(1701141551000)/",18350,100,305000,5612000000,-100,false,-0.54
"VIB",101849,"/Date(1701141547000)/",18350,2000,304900,5610000000,-100,false,-0.54
"VIB",101830,"/Date(1701141528000)/",18350,500,302900,5574000000,-100,false,-0.54
"VIB",101824,"/Date(1701141522000)/",18350,1000,302400,5564000000,-100,false,-0.54
"VIB",101752,"/Date(1701141489000)/",18350,100,301400,5546000000,-100,false,-0.54
"VIB",101752,"/Date(1701141489000)/",18350,1000,301300,5544000000,-100,false,-0.54
"VIB",101752,"/Date(1701141489000)/",18350,10000,300300,5526000000,-100,false,-0.54
"VIB",101752,"/Date(1701141489000)/",18350,100,290300,5342000000,-100,false,-0.54
"VIB",101752,"/Date(1701141489000)/",18350,100,290200,5340000000,-100,false,-0.54
"VIB",101752,"/Date(1701141489000)/",18350,100,290100,5339000000,-100,false,-0.54
"VIB",101752,"/Date(1701141489000)/",18350,2900,290000,5337000000,-100,false,-0.54
"VIB",101752,"/Date(1701141489000)/",18350,1700,287100,5284000000,-100,false,-0.54
"VIB",101749,"/Date(1701141487000)/",18350,1000,285400,5252000000,-100,true,-0.54
"VIB",101645,"/Date(1701141423000)/",18350,100,284400,5234000000,-100,true,-0.54
"VIB",101639,"/Date(1701141418000)/",18350,7200,284300,5232000000,-100,true,-0.54
"VIB",101639,"/Date(1701141418000)/",18350,200,277100,5100000000,-100,true,-0.54
"VIB",101639,"/Date(1701141418000)/",18350,200,276900,5096000000,-100,true,-0.54
"VIB",101639,"/Date(1701141418000)/",18350,1000,276700,5093000000,-100,true,-0.54
"VIB",101639,"/Date(1701141418000)/",18350,100,275700,5074000000,-100,true,-0.54
"VIB",101639,"/Date(1701141418000)/",18350,100,275600,5073000000,-100,true,-0.54
"VIB",101639,"/Date(1701141418000)/",18350,1200,275500,5071000000,-100,true,-0.54
"VIB",101629,"/Date(1701141407000)/",18350,1800,274300,5049000000,-100,true,-0.54
"VIB",101629,"/Date(1701141407000)/",18350,3200,272500,5016000000,-100,true,-0.54
"VIB",101551,"/Date(1701141369000)/",18350,2500,269300,4957000000,-100,true,-0.54
"VIB",101548,"/Date(1701141366000)/",18350,200,266800,4911000000,-100,true,-0.54
"VIB",101535,"/Date(1701141352000)/",18350,1200,266600,4907000000,-100,true,-0.54
"VIB",101454,"/Date(1701141311000)/",18350,200,265400,4885000000,-100,true,-0.54
"VIB",101425,"/Date(1701141284000)/",18350,2700,265200,4882000000,-100,true,-0.54
"VIB",101425,"/Date(1701141284000)/",18350,200,262500,4832000000,-100,true,-0.54
"VIB",101425,"/Date(1701141284000)/",18350,500,262300,4829000000,-100,true,-0.54
"VIB",101425,"/Date(1701141284000)/",18350,600,261800,4819000000,-100,true,-0.54
"VIB",101416,"/Date(1701141272000)/",18400,700,261200,4808000000,-50,false,-0.27
"VIB",101416,"/Date(1701141272000)/",18400,500,260500,4795000000,-50,false,-0.27
"VIB",101413,"/Date(1701141270000)/",18400,500,260000,4786000000,-50,false,-0.27
"VIB",101413,"/Date(1701141270000)/",18400,500,259500,4777000000,-50,false,-0.27
"VIB",101350,"/Date(1701141248000)/",18400,1000,259000,4768000000,-50,false,-0.27
"VIB",101341,"/Date(1701141238000)/",18400,500,258000,4749000000,-50,false,-0.27
"VIB",101341,"/Date(1701141238000)/",18400,500,257500,4740000000,-50,false,-0.27
"VIB",101335,"/Date(1701141233000)/",18350,5400,257000,4731000000,-100,true,-0.54
"VIB",101256,"/Date(1701141194000)/",18350,200,251600,4632000000,-100,true,-0.54
"VIB",101256,"/Date(1701141193000)/",18350,1300,251400,4628000000,-100,true,-0.54
"VIB",101221,"/Date(1701141159000)/",18350,1000,250100,4604000000,-100,true,-0.54
"VIB",101159,"/Date(1701141137000)/",18350,11500,249100,4586000000,-100,true,-0.54
"VIB",101159,"/Date(1701141137000)/",18350,100,237600,4375000000,-100,true,-0.54
"VIB",101159,"/Date(1701141137000)/",18350,100,237500,4373000000,-100,true,-0.54
"VIB",101159,"/Date(1701141137000)/",18350,500,237400,4371000000,-100,true,-0.54
"VIB",101159,"/Date(1701141137000)/",18350,4000,236900,4362000000,-100,true,-0.54
"VIB",101159,"/Date(1701141137000)/",18350,100,232900,4289000000,-100,true,-0.54
"VIB",101159,"/Date(1701141137000)/",18350,500,232800,4287000000,-100,true,-0.54
"VIB",101159,"/Date(1701141137000)/",18350,1000,232300,4278000000,-100,true,-0.54
"VIB",101159,"/Date(1701141137000)/",18350,1000,231300,4259000000,-100,true,-0.54
"VIB",101159,"/Date(1701141137000)/",18350,2000,230300,4241000000,-100,true,-0.54
"VIB",101159,"/Date(1701141137000)/",18350,9200,228300,4204000000,-100,true,-0.54
"VIB",101127,"/Date(1701141106000)/",18350,1400,219100,4036000000,-100,true,-0.54
"VIB",101111,"/Date(1701141090000)/",18350,700,217700,4010000000,-100,true,-0.54
"VIB",101030,"/Date(1701141048000)/",18350,100,217000,3997000000,-100,true,-0.54
"VIB",101030,"/Date(1701141047000)/",18350,1000,216900,3995000000,-100,true,-0.54
"VIB",101014,"/Date(1701141031000)/",18350,100,215900,3977000000,-100,true,-0.54
"VIB",100810,"/Date(1701140909000)/",18400,100,215800,3975000000,-50,false,-0.27
"VIB",100804,"/Date(1701140901000)/",18350,200,215700,3973000000,-100,true,-0.54
"VIB",100757,"/Date(1701140894000)/",18350,1500,215500,3970000000,-100,true,-0.54
"VIB",100748,"/Date(1701140885000)/",18350,1000,214000,3942000000,-100,true,-0.54
"VIB",100713,"/Date(1701140852000)/",18350,7800,213000,3924000000,-100,true,-0.54
"VIB",100651,"/Date(1701140827000)/",18350,7000,205200,3781000000,-100,true,-0.54
"VIB",100651,"/Date(1701140826000)/",18350,300,198200,3652000000,-100,true,-0.54
"VIB",100651,"/Date(1701140826000)/",18350,700,197900,3647000000,-100,true,-0.54
"VIB",100651,"/Date(1701140826000)/",18350,100,197200,3634000000,-100,true,-0.54
"VIB",100651,"/Date(1701140826000)/",18350,2000,197100,3632000000,-100,true,-0.54
"VIB",100651,"/Date(1701140826000)/",18350,100,195100,3595000000,-100,true,-0.54
"VIB",100651,"/Date(1701140826000)/",18350,600,195000,3593000000,-100,true,-0.54
"VIB",100651,"/Date(1701140826000)/",18350,500,194400,3582000000,-100,true,-0.54
"VIB",100651,"/Date(1701140826000)/",18350,2000,193900,3573000000,-100,true,-0.54
"VIB",100651,"/Date(1701140826000)/",18350,2000,191900,3536000000,-100,true,-0.54
"VIB",100651,"/Date(1701140826000)/",18350,500,189900,3500000000,-100,true,-0.54
"VIB",100651,"/Date(1701140826000)/",18350,100,189400,3491000000,-100,true,-0.54
"VIB",100651,"/Date(1701140826000)/",18350,100,189300,3489000000,-100,true,-0.54
"VIB",100651,"/Date(1701140826000)/",18350,1000,189200,3487000000,-100,true,-0.54
"VIB",100651,"/Date(1701140826000)/",18350,1000,188200,3469000000,-100,true,-0.54
"VIB",100651,"/Date(1701140826000)/",18350,500,187200,3450000000,-100,true,-0.54
"VIB",100651,"/Date(1701140826000)/",18350,1000,186700,3441000000,-100,true,-0.54
"VIB",100651,"/Date(1701140826000)/",18350,400,185700,3423000000,-100,true,-0.54
"VIB",100651,"/Date(1701140826000)/",18350,2000,185300,3415000000,-100,true,-0.54
"VIB",100651,"/Date(1701140826000)/",18350,100,183300,3379000000,-100,true,-0.54
"VIB",100612,"/Date(1701140791000)/",18350,10000,183200,3377000000,-100,true,-0.54
"VIB",100609,"/Date(1701140786000)/",18350,300,173200,3193000000,-100,true,-0.54
"VIB",100447,"/Date(1701140704000)/",18350,700,172900,3188000000,-100,true,-0.54
"VIB",100447,"/Date(1701140704000)/",18350,300,172200,3175000000,-100,true,-0.54
"VIB",100431,"/Date(1701140686000)/",18350,200,171900,3169000000,-100,true,-0.54
"VIB",100346,"/Date(1701140643000)/",18350,200,171700,3166000000,-100,true,-0.54
"VIB",100246,"/Date(1701140584000)/",18350,1300,171500,3162000000,-100,true,-0.54
"VIB",100246,"/Date(1701140584000)/",18350,100,170200,3138000000,-100,true,-0.54
"VIB",100246,"/Date(1701140584000)/",18350,1000,170100,3136000000,-100,true,-0.54
"VIB",100246,"/Date(1701140584000)/",18350,100,169100,3118000000,-100,true,-0.54
"VIB",100208,"/Date(1701140544000)/",18400,1000,169000,3116000000,-50,false,-0.27
"VIB",100152,"/Date(1701140529000)/",18400,200,168000,3098000000,-50,false,-0.27
"VIB",100010,"/Date(1701140427000)/",18400,100,167800,3094000000,-50,false,-0.27
"VIB",100004,"/Date(1701140421000)/",18400,300,167700,3092000000,-50,false,-0.27
"VIB",95957,"/Date(1701140414000)/",18400,500,167400,3087000000,-50,false,-0.27
"VIB",95935,"/Date(1701140393000)/",18400,500,166900,3078000000,-50,false,-0.27
"VIB",95932,"/Date(1701140389000)/",18400,100,166400,3068000000,-50,false,-0.27
"VIB",95903,"/Date(1701140361000)/",18400,100,166300,3067000000,-50,false,-0.27
"VIB",95900,"/Date(1701140357000)/",18400,1000,166200,3065000000,-50,false,-0.27
"VIB",95851,"/Date(1701140348000)/",18400,1000,165200,3046000000,-50,false,-0.27
"VIB",95828,"/Date(1701140326000)/",18400,5000,164200,3028000000,-50,false,-0.27
"VIB",95822,"/Date(1701140317000)/",18400,100,159200,2936000000,-50,false,-0.27
"VIB",95806,"/Date(1701140302000)/",18400,5000,159100,2934000000,-50,true,-0.27
"VIB",95806,"/Date(1701140302000)/",18400,200,154100,2842000000,-50,true,-0.27
"VIB",95806,"/Date(1701140302000)/",18400,500,153900,2838000000,-50,true,-0.27
"VIB",95806,"/Date(1701140302000)/",18400,300,153400,2829000000,-50,true,-0.27
"VIB",95806,"/Date(1701140302000)/",18400,200,153100,2824000000,-50,true,-0.27
"VIB",95806,"/Date(1701140302000)/",18400,1000,152900,2820000000,-50,true,-0.27
"VIB",95806,"/Date(1701140302000)/",18400,400,151900,2802000000,-50,true,-0.27
"VIB",95806,"/Date(1701140302000)/",18400,200,151500,2794000000,-50,true,-0.27
"VIB",95806,"/Date(1701140302000)/",18400,200,151300,2791000000,-50,true,-0.27
"VIB",95806,"/Date(1701140302000)/",18400,1000,151100,2787000000,-50,true,-0.27
"VIB",95806,"/Date(1701140302000)/",18400,100,150100,2768000000,-50,true,-0.27
"VIB",95806,"/Date(1701140302000)/",18400,100,150000,2767000000,-50,true,-0.27
"VIB",95806,"/Date(1701140302000)/",18400,900,149900,2765000000,-50,true,-0.27
"VIB",95734,"/Date(1701140272000)/",18450,400,149000,2748000000,0,false,0
"VIB",95734,"/Date(1701140272000)/",18450,600,148600,2741000000,0,false,0
"VIB",95605,"/Date(1701140182000)/",18450,1000,148000,2730000000,0,false,0
"VIB",95517,"/Date(1701140134000)/",18450,400,147000,2711000000,0,true,0
"VIB",95446,"/Date(1701140103000)/",18450,500,146600,2704000000,0,false,0
"VIB",95446,"/Date(1701140103000)/",18450,100,146100,2695000000,0,false,0
"VIB",95329,"/Date(1701140024000)/",18450,200,146000,2693000000,0,false,0
"VIB",95144,"/Date(1701139920000)/",18450,4700,145800,2689000000,0,false,0
"VIB",95144,"/Date(1701139920000)/",18450,300,141100,2602000000,0,false,0
"VIB",95141,"/Date(1701139917000)/",18450,500,140800,2597000000,0,false,0
"VIB",95050,"/Date(1701139867000)/",18450,1000,140300,2588000000,0,false,0
"VIB",95034,"/Date(1701139850000)/",18450,100,139300,2569000000,0,false,0
"VIB",95003,"/Date(1701139819000)/",18450,1000,139200,2567000000,0,false,0
"VIB",94918,"/Date(1701139773000)/",18450,100,138200,2549000000,0,false,0
"VIB",94830,"/Date(1701139727000)/",18500,200,138100,2547000000,50,false,0.27
"VIB",94743,"/Date(1701139679000)/",18400,100,137900,2543000000,-50,false,-0.27
"VIB",94633,"/Date(1701139608000)/",18400,4000,137800,2542000000,-50,true,-0.27
"VIB",94633,"/Date(1701139608000)/",18400,500,133800,2468000000,-50,true,-0.27
"VIB",94633,"/Date(1701139608000)/",18400,1000,133300,2459000000,-50,true,-0.27
"VIB",94633,"/Date(1701139608000)/",18400,200,132300,2440000000,-50,true,-0.27
"VIB",94633,"/Date(1701139608000)/",18400,100,132100,2437000000,-50,true,-0.27
"VIB",94633,"/Date(1701139608000)/",18400,1000,132000,2435000000,-50,true,-0.27
"VIB",94633,"/Date(1701139608000)/",18400,100,131000,2416000000,-50,true,-0.27
"VIB",94633,"/Date(1701139608000)/",18400,100,130900,2415000000,-50,true,-0.27
"VIB",94633,"/Date(1701139608000)/",18400,300,130800,2413000000,-50,true,-0.27
"VIB",94633,"/Date(1701139608000)/",18400,600,130500,2407000000,-50,true,-0.27
"VIB",94633,"/Date(1701139608000)/",18400,100,129900,2396000000,-50,true,-0.27
"VIB",94633,"/Date(1701139608000)/",18400,1000,129800,2394000000,-50,true,-0.27
"VIB",94633,"/Date(1701139608000)/",18400,1000,128800,2376000000,-50,true,-0.27
"VIB",94620,"/Date(1701139594000)/",18400,200,127800,2358000000,-50,true,-0.27
"VIB",94607,"/Date(1701139584000)/",18400,3400,127600,2354000000,-50,true,-0.27
"VIB",94607,"/Date(1701139584000)/",18400,10000,124200,2291000000,-50,true,-0.27
"VIB",94607,"/Date(1701139584000)/",18400,2000,114200,2107000000,-50,true,-0.27
"VIB",94607,"/Date(1701139584000)/",18400,600,112200,2071000000,-50,true,-0.27
"VIB",94536,"/Date(1701139552000)/",18400,5000,111600,2060000000,-50,true,-0.27
"VIB",94526,"/Date(1701139541000)/",18400,100,106600,1968000000,-50,true,-0.27
"VIB",94316,"/Date(1701139412000)/",18400,200,106500,1966000000,-50,true,-0.27
"VIB",94219,"/Date(1701139353000)/",18400,2100,106300,1962000000,-50,true,-0.27
"VIB",94219,"/Date(1701139353000)/",18400,1000,104200,1923000000,-50,true,-0.27
"VIB",94219,"/Date(1701139353000)/",18400,1900,103200,1905000000,-50,true,-0.27
"VIB",94147,"/Date(1701139321000)/",18400,2000,101300,1870000000,-50,true,-0.27
"VIB",94106,"/Date(1701139282000)/",18400,100,99300,1833000000,-50,true,-0.27
"VIB",94047,"/Date(1701139260000)/",18400,1000,99200,1831000000,-50,true,-0.27
"VIB",94047,"/Date(1701139260000)/",18400,1600,98200,1813000000,-50,true,-0.27
"VIB",94047,"/Date(1701139260000)/",18400,100,96600,1784000000,-50,true,-0.27
"VIB",94047,"/Date(1701139260000)/",18400,100,96500,1782000000,-50,true,-0.27
"VIB",94047,"/Date(1701139260000)/",18400,1000,96400,1780000000,-50,true,-0.27
"VIB",94047,"/Date(1701139260000)/",18400,100,95400,1761000000,-50,true,-0.27
"VIB",94047,"/Date(1701139260000)/",18400,300,95300,1760000000,-50,true,-0.27
"VIB",94047,"/Date(1701139260000)/",18400,100,95000,1754000000,-50,true,-0.27
"VIB",94047,"/Date(1701139260000)/",18450,700,94900,1752000000,0,false,0
"VIB",94028,"/Date(1701139244000)/",18450,300,94200,1739000000,0,true,0
"VIB",94028,"/Date(1701139244000)/",18450,200,93900,1734000000,0,true,0
"VIB",94028,"/Date(1701139244000)/",18450,1000,93700,1730000000,0,true,0
"VIB",94028,"/Date(1701139244000)/",18450,500,92700,1712000000,0,true,0
"VIB",94028,"/Date(1701139244000)/",18450,500,92200,1702000000,0,true,0
"VIB",94028,"/Date(1701139244000)/",18450,200,91700,1693000000,0,true,0
"VIB",94028,"/Date(1701139244000)/",18450,100,91500,1690000000,0,true,0
"VIB",94028,"/Date(1701139244000)/",18450,1200,91400,1688000000,0,true,0
"VIB",93934,"/Date(1701139189000)/",18450,800,90200,1666000000,0,true,0
"VIB",93934,"/Date(1701139189000)/",18450,200,89400,1651000000,0,true,0
"VIB",93934,"/Date(1701139188000)/",18450,800,89200,1647000000,0,true,0
"VIB",93934,"/Date(1701139188000)/",18450,2200,88400,1632000000,0,true,0
"VIB",93855,"/Date(1701139152000)/",18450,600,86200,1592000000,0,true,0
"VIB",93849,"/Date(1701139145000)/",18450,700,85600,1581000000,0,true,0
"VIB",93742,"/Date(1701139077000)/",18450,6500,84900,1568000000,0,true,0
"VIB",93742,"/Date(1701139077000)/",18450,100,78400,1448000000,0,true,0
"VIB",93742,"/Date(1701139077000)/",18450,100,78300,1446000000,0,true,0
"VIB",93742,"/Date(1701139077000)/",18450,400,78200,1444000000,0,true,0
"VIB",93742,"/Date(1701139077000)/",18450,900,77800,1437000000,0,true,0
"VIB",93642,"/Date(1701139016000)/",18500,100,76900,1420000000,50,false,0.27
"VIB",93601,"/Date(1701138975000)/",18500,2000,76800,1418000000,50,false,0.27
"VIB",93554,"/Date(1701138970000)/",18500,100,74800,1381000000,50,false,0.27
"VIB",93516,"/Date(1701138929000)/",18500,100,74700,1379000000,50,false,0.27
"VIB",93322,"/Date(1701138815000)/",18550,100,74600,1378000000,100,false,0.54
"VIB",93253,"/Date(1701138788000)/",18550,100,74500,1376000000,100,false,0.54
"VIB",93215,"/Date(1701138748000)/",18550,2500,74400,1374000000,100,false,0.54
"VIB",93156,"/Date(1701138731000)/",18550,1000,71900,1328000000,100,false,0.54
"VIB",93137,"/Date(1701138711000)/",18550,100,70900,1309000000,100,false,0.54
"VIB",93112,"/Date(1701138687000)/",18550,800,70800,1307000000,100,false,0.54
"VIB",93112,"/Date(1701138687000)/",18550,200,70000,1292000000,100,false,0.54
"VIB",93056,"/Date(1701138669000)/",18450,700,69800,1289000000,0,true,0
"VIB",93040,"/Date(1701138654000)/",18450,3400,69100,1276000000,0,true,0
"VIB",93040,"/Date(1701138654000)/",18450,300,65700,1213000000,0,true,0
"VIB",93040,"/Date(1701138654000)/",18500,100,65400,1207000000,50,true,0.27
"VIB",93040,"/Date(1701138654000)/",18500,200,65300,1206000000,50,true,0.27
"VIB",93040,"/Date(1701138654000)/",18500,100,65100,1202000000,50,true,0.27
"VIB",93040,"/Date(1701138654000)/",18500,400,65000,1200000000,50,true,0.27
"VIB",93040,"/Date(1701138654000)/",18500,900,64600,1193000000,50,true,0.27
"VIB",93040,"/Date(1701138654000)/",18500,1000,63700,1176000000,50,true,0.27
"VIB",93040,"/Date(1701138654000)/",18500,500,62700,1157000000,50,true,0.27
"VIB",92833,"/Date(1701138527000)/",18500,100,62200,1148000000,50,false,0.27
"VIB",92833,"/Date(1701138527000)/",18500,1000,62100,1146000000,50,false,0.27
"VIB",92833,"/Date(1701138527000)/",18500,3000,61100,1128000000,50,false,0.27
"VIB",92833,"/Date(1701138527000)/",18500,2900,58100,1072000000,50,false,0.27
"VIB",92824,"/Date(1701138516000)/",18500,1000,55200,1019000000,50,true,0.27
"VIB",92714,"/Date(1701138448000)/",18500,200,54200,1000000000,50,true,0.27
"VIB",92714,"/Date(1701138448000)/",18500,4900,54000,996000000,50,true,0.27
"VIB",92658,"/Date(1701138432000)/",18500,100,49100,906000000,50,false,0.27
"VIB",92655,"/Date(1701138428000)/",18500,100,49000,904000000,50,false,0.27
"VIB",92655,"/Date(1701138428000)/",18500,900,48900,902000000,50,false,0.27
"VIB",92630,"/Date(1701138404000)/",18500,100,48000,885000000,50,false,0.27
"VIB",92617,"/Date(1701138390000)/",18500,100,47900,884000000,50,false,0.27
"VIB",92611,"/Date(1701138383000)/",18500,800,47800,882000000,50,false,0.27
"VIB",92608,"/Date(1701138382000)/",18500,300,47000,867000000,50,false,0.27
"VIB",92558,"/Date(1701138371000)/",18500,800,46700,861000000,50,false,0.27
"VIB",92558,"/Date(1701138371000)/",18500,200,45900,847000000,50,false,0.27
"VIB",92549,"/Date(1701138364000)/",18450,1000,45700,843000000,0,true,0
"VIB",92549,"/Date(1701138364000)/",18450,100,44700,824000000,0,true,0
"VIB",92520,"/Date(1701138333000)/",18500,1500,44600,823000000,50,false,0.27
"VIB",92520,"/Date(1701138333000)/",18500,100,43100,795000000,50,false,0.27
"VIB",92520,"/Date(1701138333000)/",18500,400,43000,793000000,50,false,0.27
"VIB",92335,"/Date(1701138229000)/",18450,200,42600,786000000,0,true,0
"VIB",92335,"/Date(1701138229000)/",18450,1000,42400,782000000,0,true,0
"VIB",92335,"/Date(1701138229000)/",18450,1000,41400,763000000,0,true,0
"VIB",92335,"/Date(1701138229000)/",18450,800,40400,745000000,0,true,0
"VIB",92329,"/Date(1701138222000)/",18500,1600,39600,730000000,50,false,0.27
"VIB",92329,"/Date(1701138222000)/",18500,500,38000,701000000,50,false,0.27
"VIB",92051,"/Date(1701138065000)/",18450,1000,37500,691000000,0,true,0
"VIB",92029,"/Date(1701138042000)/",18500,100,36500,673000000,50,false,0.27
"VIB",92023,"/Date(1701138035000)/",18500,800,36400,671000000,50,false,0.27
"VIB",91945,"/Date(1701137998000)/",18500,200,35600,656000000,50,false,0.27
"VIB",91907,"/Date(1701137961000)/",18450,100,35400,653000000,0,true,0
"VIB",91804,"/Date(1701137898000)/",18450,2000,35300,651000000,0,false,0
"VIB",91804,"/Date(1701137898000)/",18450,1100,33300,614000000,0,false,0
"VIB",91801,"/Date(1701137892000)/",18450,100,32200,594000000,0,false,0
"VIB",91745,"/Date(1701137878000)/",18450,2300,32100,592000000,0,false,0
"VIB",91745,"/Date(1701137878000)/",18450,2700,29800,549000000,0,false,0
"VIB",91735,"/Date(1701137870000)/",18450,200,27100,499000000,0,false,0
"VIB",91648,"/Date(1701137820000)/",18450,100,26900,496000000,0,true,0
"VIB",91648,"/Date(1701137820000)/",18450,200,26800,494000000,0,true,0
"VIB",91648,"/Date(1701137820000)/",18450,1800,26600,490000000,0,true,0
"VIB",91645,"/Date(1701137817000)/",18450,3200,24800,457000000,0,true,0
"VIB",91645,"/Date(1701137817000)/",18450,100,21600,398000000,0,true,0
"VIB",91645,"/Date(1701137817000)/",18450,200,21500,396000000,0,true,0
"VIB",91623,"/Date(1701137796000)/",18450,800,21300,392000000,0,true,0
"VIB",91623,"/Date(1701137796000)/",18450,100,20500,378000000,0,true,0
"VIB",91623,"/Date(1701137796000)/",18450,1000,20400,376000000,0,true,0
"VIB",91623,"/Date(1701137796000)/",18450,100,19400,357000000,0,true,0
"VIB",91623,"/Date(1701137796000)/",18450,1000,19300,356000000,0,true,0
"VIB",91449,"/Date(1701137701000)/",18450,18300,18300,337000000,0,false,0
