"symbol","time","price","change","vol","total","side"
"DXG","14:45:00",19.75,0.35,658000,16867800,
"DXG","14:29:58",19.7,0.3,500,16209800,"B"
"DXG","14:29:58",19.75,0.35,900,16209300,"S"
"DXG","14:29:58",19.7,0.3,500,16208400,"B"
"DXG","14:29:57",19.75,0.35,2000,16207900,"S"
"DXG","14:29:52",19.75,0.35,100,16205900,"S"
"DXG","14:29:50",19.75,0.35,300,16205800,"S"
"DXG","14:29:50",19.75,0.35,3000,16205500,"S"
"DXG","14:29:49",19.75,0.35,500,16202500,"S"
"DXG","14:29:45",19.75,0.35,2100,16202000,"S"
"DXG","14:29:44",19.75,0.35,900,16199900,"S"
"DXG","14:29:43",19.75,0.35,1000,16199000,"S"
"DXG","14:29:43",19.75,0.35,1300,16198000,"S"
"DXG","14:29:42",19.75,0.35,1300,16196700,"S"
"DXG","14:29:42",19.75,0.35,400,16195400,"S"
"DXG","14:29:40",19.75,0.35,200,16195000,"S"
"DXG","14:29:38",19.75,0.35,300,16194800,"S"
"DXG","14:29:37",19.75,0.35,200,16194500,"S"
"DXG","14:29:36",19.75,0.35,1000,16194300,"S"
"DXG","14:29:34",19.8,0.4,100,16193300,"S"
"DXG","14:29:34",19.7,0.3,27900,16193200,"B"
"DXG","14:29:34",19.75,0.35,2100,16165300,"B"
"DXG","14:29:34",19.8,0.4,1600,16163200,"S"
"DXG","14:29:33",19.75,0.35,5000,16161600,"B"
"DXG","14:29:31",19.75,0.35,100,16156600,"B"
"DXG","14:29:30",19.8,0.4,10300,16156500,"S"
"DXG","14:29:29",19.75,0.35,1800,16146200,"B"
"DXG","14:29:29",19.8,0.4,5000,16144400,"S"
"DXG","14:29:27",19.75,0.35,1700,16139400,"S"
"DXG","14:29:27",19.7,0.3,1900,16137700,"B"
"DXG","14:29:25",19.75,0.35,1500,16135800,"B"
"DXG","14:29:24",19.75,0.35,2700,16134300,"S"
"DXG","14:29:23",19.75,0.35,2000,16131600,"S"
"DXG","14:29:21",19.75,0.35,10000,16129600,"S"
"DXG","14:29:21",19.7,0.3,100,16119600,"B"
"DXG","14:29:20",19.75,0.35,1000,16119500,"S"
"DXG","14:29:19",19.75,0.35,10000,16118500,"S"
"DXG","14:29:18",19.75,0.35,1000,16108500,"S"
"DXG","14:29:16",19.7,0.3,100,16107500,"B"
"DXG","14:29:15",19.75,0.35,10000,16107400,"S"
"DXG","14:29:10",19.75,0.35,4000,16097400,"S"
"DXG","14:29:07",19.7,0.3,6100,16093400,"S"
"DXG","14:29:07",19.7,0.3,128500,16087300,"S"
"DXG","14:29:06",19.7,0.3,900,15958800,"S"
"DXG","14:29:06",19.65,0.25,1000,15957900,"B"
"DXG","14:29:05",19.7,0.3,200,15956900,"S"
"DXG","14:29:04",19.7,0.3,7400,15956700,"S"
"DXG","14:29:01",19.7,0.3,3000,15949300,"S"
"DXG","14:28:58",19.7,0.3,3000,15946300,"S"
"DXG","14:28:57",19.7,0.3,12000,15943300,"S"
"DXG","14:28:56",19.7,0.3,2100,15931300,"S"
"DXG","14:28:56",19.7,0.3,10000,15929200,"S"
"DXG","14:28:55",19.7,0.3,2000,15919200,"S"
"DXG","14:28:54",19.7,0.3,1300,15917200,"S"
"DXG","14:28:53",19.7,0.3,10000,15915900,"S"
"DXG","14:28:52",19.65,0.25,500,15905900,"B"
"DXG","14:28:51",19.65,0.25,500,15905400,"B"
"DXG","14:28:51",19.7,0.3,30000,15904900,"S"
"DXG","14:28:51",19.7,0.3,200,15874900,"S"
"DXG","14:28:49",19.7,0.3,6000,15874700,"S"
"DXG","14:28:47",19.7,0.3,1000,15868700,"S"
"DXG","14:28:45",19.7,0.3,109600,15867700,"S"
"DXG","14:28:44",19.7,0.3,2500,15758100,"S"
"DXG","14:28:42",19.65,0.25,2000,15755600,"B"
"DXG","14:28:40",19.65,0.25,200,15753600,"B"
"DXG","14:28:39",19.65,0.25,1000,15753400,"B"
"DXG","14:28:39",19.7,0.3,1000,15752400,"S"
"DXG","14:28:36",19.7,0.3,1000,15751400,"S"
"DXG","14:28:34",19.7,0.3,1000,15750400,"S"
"DXG","14:28:34",19.65,0.25,5000,15749400,"B"
"DXG","14:28:31",19.65,0.25,200,15744400,"B"
"DXG","14:28:28",19.7,0.3,3000,15744200,"S"
"DXG","14:28:27",19.65,0.25,5000,15741200,"B"
"DXG","14:28:24",19.65,0.25,29800,15736200,"S"
"DXG","14:28:23",19.6,0.2,2000,15706400,"B"
"DXG","14:28:22",19.65,0.25,11000,15704400,"S"
"DXG","14:28:21",19.65,0.25,2000,15693400,"S"
"DXG","14:28:20",19.6,0.2,1000,15691400,"B"
"DXG","14:28:18",19.65,0.25,1300,15690400,"S"
"DXG","14:28:16",19.6,0.2,100,15689100,"B"
"DXG","14:28:16",19.65,0.25,6700,15689000,"B"
"DXG","14:28:12",19.65,0.25,1300,15682300,"S"
"DXG","14:28:11",19.65,0.25,600,15681000,"S"
"DXG","14:28:09",19.65,0.25,20400,15680400,"S"
"DXG","14:28:06",19.65,0.25,7000,15660000,"S"
"DXG","14:28:04",19.6,0.2,1000,15653000,"B"
"DXG","14:28:04",19.65,0.25,700,15652000,"S"
"DXG","14:28:03",19.65,0.25,1000,15651300,"S"
"DXG","14:27:59",19.65,0.25,400,15650300,"S"
"DXG","14:27:58",19.65,0.25,2000,15649900,"S"
"DXG","14:27:56",19.65,0.25,5000,15647900,"S"
"DXG","14:27:54",19.65,0.25,2000,15642900,"S"
"DXG","14:27:53",19.65,0.25,200,15640900,"S"
"DXG","14:27:51",19.65,0.25,200,15640700,"S"
"DXG","14:27:50",19.65,0.25,200,15640500,"S"
"DXG","14:27:49",19.65,0.25,100,15640300,"S"
"DXG","14:27:48",19.65,0.25,500,15640200,"S"
"DXG","14:27:46",19.65,0.25,100,15639700,"S"
"DXG","14:27:41",19.65,0.25,1000,15639600,"S"
"DXG","14:27:40",19.65,0.25,20000,15638600,"S"
"DXG","14:27:40",19.6,0.2,80500,15618600,"S"
"DXG","14:27:39",19.6,0.2,2000,15538100,"S"
"DXG","14:27:39",19.55,0.15,100,15536100,"B"
"DXG","14:27:38",19.6,0.2,100,15536000,"S"
"DXG","14:27:38",19.6,0.2,500,15535900,"S"
"DXG","14:27:37",19.6,0.2,100,15535400,"S"
"DXG","14:27:35",19.6,0.2,5500,15535300,"S"
"DXG","14:27:32",19.6,0.2,5000,15529800,"S"
"DXG","14:27:30",19.6,0.2,1000,15524800,"S"
"DXG","14:27:29",19.6,0.2,500,15523800,"S"
"DXG","14:27:29",19.6,0.2,200,15523300,"S"
"DXG","14:27:26",19.6,0.2,200,15523100,"S"
"DXG","14:27:24",19.6,0.2,2000,15522900,"S"
"DXG","14:27:20",19.6,0.2,1500,15520900,"S"
"DXG","14:27:18",19.6,0.2,500,15519400,"S"
"DXG","14:27:14",19.6,0.2,1700,15518900,"S"
"DXG","14:27:14",19.6,0.2,700,15517200,"S"
"DXG","14:27:13",19.6,0.2,2900,15516500,"S"
"DXG","14:27:12",19.6,0.2,1000,15513600,"S"
"DXG","14:27:09",19.6,0.2,1000,15512600,"S"
"DXG","14:27:05",19.6,0.2,5000,15511600,"S"
"DXG","14:27:04",19.6,0.2,1000,15506600,"S"
"DXG","14:27:00",19.6,0.2,1000,15505600,"S"
"DXG","14:26:59",19.6,0.2,8000,15504600,"S"
"DXG","14:26:58",19.6,0.2,500,15496600,"S"
"DXG","14:26:57",19.6,0.2,500,15496100,"S"
"DXG","14:26:56",19.6,0.2,2200,15495600,"S"
"DXG","14:26:55",19.6,0.2,6200,15493400,"S"
"DXG","14:26:54",19.6,0.2,200,15487200,"S"
"DXG","14:26:53",19.6,0.2,6000,15487000,"S"
"DXG","14:26:52",19.6,0.2,1000,15481000,"S"
"DXG","14:26:52",19.6,0.2,200,15480000,"S"
"DXG","14:26:47",19.6,0.2,5400,15479800,"S"
"DXG","14:26:43",19.6,0.2,1000,15474400,"S"
"DXG","14:26:40",19.6,0.2,400,15473400,"S"
"DXG","14:26:39",19.6,0.2,500,15473000,"S"
"DXG","14:26:39",19.6,0.2,500,15472500,"S"
"DXG","14:26:34",19.6,0.2,2000,15472000,"S"
"DXG","14:26:33",19.6,0.2,1200,15470000,"S"
"DXG","14:26:31",19.6,0.2,6000,15468800,"S"
"DXG","14:26:29",19.6,0.2,500,15462800,"S"
"DXG","14:26:25",19.6,0.2,2000,15462300,"S"
"DXG","14:26:24",19.6,0.2,100,15460300,"S"
"DXG","14:26:23",19.55,0.15,400,15460200,"B"
"DXG","14:26:20",19.6,0.2,500,15459800,"S"
"DXG","14:26:18",19.6,0.2,2300,15459300,"S"
"DXG","14:26:00",19.6,0.2,100,15457000,"S"
"DXG","14:25:59",19.55,0.15,100,15456900,"B"
"DXG","14:25:57",19.55,0.15,2000,15456800,"B"
"DXG","14:25:57",19.55,0.15,100,15454800,"B"
"DXG","14:25:55",19.55,0.15,100,15454700,"B"
"DXG","14:25:48",19.55,0.15,2000,15454600,"B"
"DXG","14:25:47",19.55,0.15,800,15452600,"B"
"DXG","14:25:46",19.55,0.15,45500,15451800,"S"
"DXG","14:25:44",19.55,0.15,3000,15406300,"S"
"DXG","14:25:43",19.55,0.15,500,15403300,"S"
"DXG","14:25:42",19.55,0.15,100,15402800,"S"
"DXG","14:25:40",19.55,0.15,100,15402700,"S"
"DXG","14:25:39",19.55,0.15,100,15402600,"S"
"DXG","14:25:38",19.55,0.15,1200,15402500,"B"
"DXG","14:25:37",19.6,0.2,10100,15401300,"S"
"DXG","14:25:32",19.55,0.15,300,15391200,"B"
"DXG","14:25:28",19.6,0.2,3000,15390900,"S"
"DXG","14:25:28",19.55,0.15,1600,15387900,"B"
"DXG","14:25:26",19.55,0.15,700,15386300,"B"
"DXG","14:25:24",19.55,0.15,100,15385600,"B"
"DXG","14:25:18",19.55,0.15,100,15385500,"B"
"DXG","14:25:16",19.6,0.2,19300,15385400,"S"
"DXG","14:25:16",19.55,0.15,5700,15366100,"S"
"DXG","14:25:11",19.55,0.15,100,15360400,"S"
"DXG","14:25:08",19.5,0.1,100,15360300,"B"
"DXG","14:25:06",19.55,0.15,500,15360200,"S"
"DXG","14:25:06",19.5,0.1,2000,15359700,"B"
"DXG","14:25:05",19.55,0.15,50000,15357700,"S"
"DXG","14:25:03",19.5,0.1,100,15307700,"B"
"DXG","14:25:01",19.5,0.1,3500,15307600,"S"
"DXG","14:24:55",19.5,0.1,12000,15304100,"S"
"DXG","14:24:54",19.5,0.1,5000,15292100,"S"
"DXG","14:24:53",19.45,0.05,500,15287100,"B"
"DXG","14:24:53",19.5,0.1,5000,15286600,"S"
"DXG","14:24:48",19.5,0.1,400,15281600,"S"
"DXG","14:24:46",19.5,0.1,24000,15281200,"S"
"DXG","14:24:42",19.45,0.05,1200,15257200,"B"
"DXG","14:24:32",19.5,0.1,4000,15256000,"S"
"DXG","14:24:31",19.5,0.1,10300,15252000,"S"
"DXG","14:24:28",19.45,0.05,300,15241700,"B"
"DXG","14:24:26",19.5,0.1,5000,15241400,"S"
"DXG","14:24:25",19.5,0.1,2000,15236400,"S"
"DXG","14:24:23",19.5,0.1,500,15234400,"S"
"DXG","14:24:17",19.5,0.1,1000,15233900,"S"
"DXG","14:24:11",19.5,0.1,7000,15232900,"S"
"DXG","14:24:10",19.45,0.05,100,15225900,"B"
"DXG","14:24:03",19.45,0.05,200,15225800,"B"
"DXG","14:24:01",19.5,0.1,100,15225600,"S"
"DXG","14:23:58",19.45,0.05,1500,15225500,"B"
"DXG","14:23:52",19.45,0.05,10000,15224000,"B"
"DXG","14:23:39",19.45,0.05,4000,15214000,"S"
"DXG","14:23:38",19.45,0.05,2800,15210000,"S"
"DXG","14:23:37",19.45,0.05,5200,15207200,"S"
"DXG","14:23:36",19.4,0,200,15202000,"B"
"DXG","14:23:16",19.4,0,5000,15201800,"B"
"DXG","14:23:16",19.45,0.05,5000,15196800,"S"
"DXG","14:23:16",19.4,0,500,15191800,"B"
"DXG","14:23:10",19.45,0.05,2400,15191300,"B"
"DXG","14:23:05",19.45,0.05,18700,15188900,"S"
"DXG","14:23:04",19.4,0,4000,15170200,"B"
"DXG","14:23:02",19.45,0.05,2000,15166200,"S"
"DXG","14:22:58",19.45,0.05,3000,15164200,"S"
"DXG","14:22:57",19.45,0.05,24400,15161200,"S"
"DXG","14:22:56",19.4,0,10000,15136800,"B"
"DXG","14:22:51",19.45,0.05,15000,15126800,"S"
"DXG","14:22:47",19.45,0.05,100,15111800,"S"
"DXG","14:22:36",19.45,0.05,100,15111700,"S"
"DXG","14:22:35",19.4,0,100,15111600,"B"
"DXG","14:22:30",19.45,0.05,100,15111500,"S"
"DXG","14:22:29",19.4,0,2800,15111400,"B"
"DXG","14:22:26",19.4,0,1000,15108600,"B"
"DXG","14:22:23",19.4,0,1400,15107600,"B"
"DXG","14:22:19",19.4,0,700,15106200,"B"
"DXG","14:22:18",19.4,0,5000,15105500,"B"
"DXG","14:22:17",19.45,0.05,100,15100500,"S"
"DXG","14:22:16",19.4,0,5000,15100400,"B"
"DXG","14:22:13",19.4,0,1000,15095400,"B"
"DXG","14:22:11",19.4,0,500,15094400,"B"
"DXG","14:21:55",19.4,0,700,15093900,"B"
"DXG","14:21:52",19.45,0.05,200,15093200,"S"
"DXG","14:21:47",19.4,0,100,15093000,"B"
"DXG","14:21:46",19.4,0,100,15092900,"B"
"DXG","14:21:37",19.4,0,700,15092800,"B"
"DXG","14:21:30",19.4,0,500,15092100,"B"
"DXG","14:21:15",19.4,0,1300,15091600,"B"
"DXG","14:21:12",19.4,0,6100,15090300,"B"
"DXG","14:21:00",19.4,0,200,15084200,"B"
"DXG","14:20:55",19.4,0,500,15084000,"B"
"DXG","14:20:40",19.4,0,2300,15083500,"B"
"DXG","14:20:36",19.4,0,7600,15081200,"S"
"DXG","14:20:28",19.4,0,1100,15073600,"S"
"DXG","14:20:26",19.4,0,1600,15072500,"S"
"DXG","14:20:23",19.4,0,10000,15070900,"S"
"DXG","14:20:00",19.4,0,1000,15060900,"S"
"DXG","14:19:40",19.35,-0.05,300,15059900,"B"
"DXG","14:19:25",19.35,-0.05,500,15059600,"B"
"DXG","14:19:11",19.35,-0.05,2000,15059100,"B"
"DXG","14:19:07",19.35,-0.05,3600,15057100,"S"
"DXG","14:18:57",19.35,-0.05,5000,15053500,"S"
"DXG","14:18:56",19.35,-0.05,300,15048500,"B"
"DXG","14:18:55",19.35,-0.05,600,15048200,"B"
"DXG","14:18:54",19.35,-0.05,200,15047600,"B"
"DXG","14:18:53",19.35,-0.05,200,15047400,"B"
"DXG","14:18:49",19.35,-0.05,1000,15047200,"S"
"DXG","14:18:43",19.35,-0.05,5000,15046200,"S"
"DXG","14:18:39",19.35,-0.05,4000,15041200,"S"
"DXG","14:18:38",19.35,-0.05,1100,15037200,"B"
"DXG","14:18:37",19.35,-0.05,5000,15036100,"B"
"DXG","14:18:30",19.35,-0.05,500,15031100,"S"
"DXG","14:18:27",19.35,-0.05,3000,15030600,"S"
"DXG","14:18:21",19.35,-0.05,1500,15027600,"S"
"DXG","14:18:20",19.3,-0.1,200,15026100,"B"
"DXG","14:18:19",19.3,-0.1,500,15025900,"B"
"DXG","14:18:15",19.35,-0.05,200,15025400,"S"
"DXG","14:18:15",19.35,-0.05,100,15025200,"S"
"DXG","14:17:47",19.3,-0.1,300,15025100,"B"
"DXG","14:17:46",19.35,-0.05,4300,15024100,"S"
"DXG","14:17:44",19.35,-0.05,300,15019800,"S"
"DXG","14:17:40",19.35,-0.05,5000,15019500,"S"
"DXG","14:17:37",19.35,-0.05,200,15014500,"S"
"DXG","14:17:31",19.35,-0.05,7000,15014300,"S"
"DXG","14:17:26",19.35,-0.05,400,15007300,"S"
"DXG","14:17:24",19.3,-0.1,500,15006900,"B"
"DXG","14:17:16",19.35,-0.05,300,15006400,"S"
"DXG","14:17:03",19.3,-0.1,100,15006100,"B"
"DXG","14:17:01",19.3,-0.1,1500,15006000,"B"
"DXG","14:16:59",19.35,-0.05,2000,15004500,"S"
"DXG","14:16:58",19.35,-0.05,100,15002500,"S"
"DXG","14:16:57",19.35,-0.05,900,15002400,"S"
"DXG","14:16:52",19.35,-0.05,1000,15001500,"S"
"DXG","14:16:49",19.35,-0.05,100,15000500,"S"
"DXG","14:16:44",19.35,-0.05,100,15000400,"S"
"DXG","14:16:39",19.35,-0.05,100,15000300,"S"
"DXG","14:16:39",19.3,-0.1,3300,15000200,"B"
"DXG","14:16:38",19.3,-0.1,6700,14996900,"B"
"DXG","14:16:36",19.35,-0.05,1000,14990200,"S"
"DXG","14:16:24",19.4,0,200,14989200,"S"
"DXG","14:16:23",19.4,0,300,14989000,"S"
"DXG","14:16:20",19.35,-0.05,200,14988700,"S"
"DXG","14:16:19",19.35,-0.05,5900,14988500,"B"
"DXG","14:16:17",19.35,-0.05,100,14982600,"B"
"DXG","14:16:14",19.4,0,200,14982500,"S"
"DXG","14:16:13",19.4,0,1000,14982300,"S"
"DXG","14:16:04",19.4,0,9200,14981300,"B"
"DXG","14:16:04",19.4,0,6800,14972100,"B"
"DXG","14:16:03",19.4,0,3200,14965300,"B"
"DXG","14:16:02",19.4,0,8900,14962100,"B"
"DXG","14:16:02",19.4,0,25000,14953200,"B"
"DXG","14:16:01",19.4,0,200,14928200,"B"
"DXG","14:16:00",19.4,0,1700,14928000,"B"
"DXG","14:16:00",19.4,0,13300,14926300,"B"
"DXG","14:15:59",19.4,0,800,14913000,"B"
"DXG","14:15:59",19.4,0,100,14912200,"B"
"DXG","14:15:58",19.4,0,6000,14912100,"B"
"DXG","14:15:56",19.4,0,33000,14906100,"B"
"DXG","14:15:55",19.4,0,1000,14873100,"B"
"DXG","14:15:53",19.4,0,30000,14872100,"B"
"DXG","14:15:50",19.4,0,200,14842100,"B"
"DXG","14:15:49",19.4,0,100,14841900,"B"
"DXG","14:15:47",19.4,0,100,14841800,"B"
"DXG","14:15:45",19.4,0,100,14841700,"B"
"DXG","14:15:37",19.4,0,5000,14841600,"B"
"DXG","14:15:37",19.45,0.05,15000,14836600,"S"
"DXG","14:15:34",19.45,0.05,100,14821600,"S"
"DXG","14:15:31",19.4,0,5000,14821500,"B"
"DXG","14:15:29",19.4,0,1000,14816500,"B"
"DXG","14:15:19",19.45,0.05,200,14815500,"S"
"DXG","14:15:17",19.4,0,400,14815300,"B"
"DXG","14:15:15",19.4,0,1000,14814900,"B"
"DXG","14:15:14",19.4,0,2900,14813900,"B"
"DXG","14:15:12",19.4,0,300,14811000,"B"
"DXG","14:15:11",19.4,0,1000,14810700,"B"
"DXG","14:15:11",19.45,0.05,500,14809700,"S"
"DXG","14:15:10",19.4,0,5600,14809200,"B"
"DXG","14:15:07",19.4,0,500,14803600,"B"
"DXG","14:15:07",19.4,0,2000,14803100,"B"
"DXG","14:15:06",19.4,0,100,14801100,"B"
"DXG","14:15:06",19.4,0,2600,14801000,"B"
"DXG","14:15:02",19.4,0,200,14798400,"B"
"DXG","14:15:02",19.4,0,1000,14798200,"B"
"DXG","14:14:54",19.4,0,1000,14797200,"B"
"DXG","14:14:51",19.4,0,2000,14796200,"B"
"DXG","14:14:49",19.4,0,1000,14794200,"B"
"DXG","14:14:47",19.4,0,2000,14793200,"B"
"DXG","14:14:44",19.4,0,5100,14791200,"B"
"DXG","14:14:38",19.4,0,1000,14786100,"B"
"DXG","14:14:37",19.45,0.05,5000,14785100,"S"
"DXG","14:14:36",19.4,0,6000,14780100,"B"
"DXG","14:14:32",19.4,0,2000,14774100,"B"
"DXG","14:14:30",19.45,0.05,1000,14772100,"S"
"DXG","14:14:29",19.4,0,5000,14771100,"B"
"DXG","14:14:29",19.4,0,5000,14766100,"B"
"DXG","14:14:24",19.45,0.05,400,14761100,"S"
"DXG","14:14:22",19.45,0.05,100,14760700,"S"
"DXG","14:14:17",19.45,0.05,2000,14760600,"S"
"DXG","14:14:16",19.45,0.05,500,14758600,"S"
"DXG","14:14:14",19.45,0.05,200,14752600,"S"
"DXG","14:14:14",19.45,0.05,100,14752400,"S"
"DXG","14:14:13",19.45,0.05,1100,14752300,"S"
"DXG","14:14:12",19.45,0.05,100,14751200,"S"
"DXG","14:14:11",19.45,0.05,200,14751100,"S"
"DXG","14:14:10",19.45,0.05,100,14749400,"S"
"DXG","14:14:09",19.45,0.05,100,14749300,"S"
"DXG","14:14:08",19.45,0.05,200,14749200,"S"
"DXG","14:14:06",19.45,0.05,100,14748800,"S"
"DXG","14:14:05",19.45,0.05,100,14748700,"S"
"DXG","14:14:04",19.45,0.05,100,14748600,"S"
"DXG","14:14:03",19.45,0.05,1000,14748500,"S"
"DXG","14:14:03",19.45,0.05,100,14747500,"S"
"DXG","14:14:02",19.45,0.05,1400,14747400,"S"
"DXG","14:14:01",19.45,0.05,100,14746000,"S"
"DXG","14:14:00",19.45,0.05,100,14745900,"S"
"DXG","14:13:59",19.45,0.05,100,14745800,"S"
"DXG","14:13:58",19.45,0.05,100,14745700,"S"
"DXG","14:13:57",19.45,0.05,100,14745600,"S"
"DXG","14:13:56",19.45,0.05,100,14745500,"S"
"DXG","14:13:55",19.45,0.05,100,14745400,"S"
"DXG","14:13:54",19.45,0.05,100,14745300,"S"
"DXG","14:13:54",19.45,0.05,100,14745200,"S"
"DXG","14:13:53",19.45,0.05,100,14745100,"S"
"DXG","14:13:52",19.45,0.05,100,14745000,"S"
"DXG","14:13:51",19.45,0.05,1000,14744900,"S"
"DXG","14:13:51",19.45,0.05,100,14743900,"S"
"DXG","14:13:50",19.45,0.05,200,14743800,"S"
"DXG","14:13:48",19.45,0.05,100,14743600,"S"
"DXG","14:13:48",19.45,0.05,100,14743500,"S"
"DXG","14:13:47",19.45,0.05,100,14743400,"S"
"DXG","14:13:46",19.45,0.05,2000,14743300,"S"
"DXG","14:13:45",19.45,0.05,200,14741300,"S"
"DXG","14:13:43",19.45,0.05,100,14741100,"S"
"DXG","14:13:42",19.45,0.05,1400,14741000,"S"
"DXG","14:13:41",19.45,0.05,100,14739600,"S"
"DXG","14:13:40",19.45,0.05,200,14739500,"S"
"DXG","14:13:38",19.45,0.05,200,14739300,"S"
"DXG","14:13:37",19.45,0.05,100,14738600,"S"
"DXG","14:13:37",19.45,0.05,200,14738500,"S"
"DXG","14:13:36",19.45,0.05,100,14738300,"S"
"DXG","14:13:35",19.45,0.05,200,14738200,"S"
"DXG","14:13:34",19.45,0.05,3100,14738000,"S"
"DXG","14:13:33",19.45,0.05,100,14734900,"S"
"DXG","14:13:32",19.45,0.05,10400,14734800,"S"
"DXG","14:13:31",19.45,0.05,200,14724400,"S"
"DXG","14:13:31",19.45,0.05,300,14724200,"S"
"DXG","14:13:30",19.45,0.05,300,14723900,"S"
"DXG","14:13:29",19.45,0.05,100,14723600,"S"
"DXG","14:13:28",19.45,0.05,300,14723500,"S"
"DXG","14:13:27",19.4,0,2000,14723200,"B"
"DXG","14:13:27",19.45,0.05,200,14721200,"S"
"DXG","14:13:25",19.45,0.05,100,14721000,"S"
"DXG","14:13:24",19.45,0.05,100,14720900,"S"
"DXG","14:13:23",19.45,0.05,100,14720800,"S"
"DXG","14:13:22",19.45,0.05,30200,14720700,"S"
"DXG","14:13:21",19.45,0.05,400,14690500,"S"
"DXG","14:13:20",19.45,0.05,100,14690100,"S"
"DXG","14:13:19",19.45,0.05,100,14690000,"S"
"DXG","14:13:18",19.45,0.05,1100,14689900,"S"
"DXG","14:13:17",19.45,0.05,1000,14688800,"S"
"DXG","14:13:17",19.4,0,400,14687800,"B"
"DXG","14:13:17",19.45,0.05,100,14687400,"S"
"DXG","14:13:16",19.45,0.05,200,14687300,"S"
"DXG","14:13:14",19.45,0.05,10200,14687100,"S"
"DXG","14:13:14",19.4,0,300,14676900,"B"
"DXG","14:13:13",19.45,0.05,200,14676600,"S"
"DXG","14:13:11",19.45,0.05,100,14676400,"S"
"DXG","14:13:10",19.45,0.05,100,14676300,"S"
"DXG","14:13:09",19.45,0.05,400,14676200,"S"
"DXG","14:13:02",19.45,0.05,100,14675800,"S"
"DXG","14:12:59",19.4,0,1000,14675700,"B"
"DXG","14:12:58",19.45,0.05,2000,14674700,"S"
"DXG","14:12:57",19.45,0.05,3000,14672700,"S"
"DXG","14:12:55",19.45,0.05,1000,14669700,"S"
"DXG","14:12:53",19.45,0.05,2000,14668700,"S"
"DXG","14:12:42",19.45,0.05,1000,14666700,"S"
"DXG","14:12:41",19.4,0,5000,14665700,"B"
"DXG","14:12:39",19.4,0,2000,14660700,"B"
"DXG","14:12:35",19.45,0.05,9100,14658700,"B"
"DXG","14:12:34",19.45,0.05,1100,14649600,"B"
"DXG","14:12:28",19.45,0.05,7000,14648500,"B"
"DXG","14:12:27",19.45,0.05,1100,14641500,"B"
"DXG","14:12:25",19.45,0.05,2000,14640400,"B"
"DXG","14:12:24",19.45,0.05,2000,14638400,"B"
"DXG","14:12:23",19.45,0.05,1000,14636400,"B"
"DXG","14:12:22",19.45,0.05,5000,14635400,"B"
"DXG","14:12:19",19.45,0.05,4000,14630400,"S"
"DXG","14:12:17",19.45,0.05,8000,14626400,"B"
"DXG","14:12:16",19.45,0.05,500,14618400,"B"
"DXG","14:12:15",19.45,0.05,500,14617900,"B"
"DXG","14:12:14",19.45,0.05,600,14617400,"B"
"DXG","14:12:12",19.45,0.05,6300,14616800,"B"
"DXG","14:12:11",19.45,0.05,500,14610500,"B"
"DXG","14:12:11",19.5,0.1,100,14610000,"S"
"DXG","14:12:09",19.45,0.05,400,14609900,"B"
"DXG","14:12:08",19.5,0.1,4000,14609500,"S"
"DXG","14:12:07",19.45,0.05,5000,14605500,"B"
"DXG","14:12:07",19.45,0.05,400,14600500,"B"
"DXG","14:12:05",19.45,0.05,200,14600100,"B"
"DXG","14:12:03",19.45,0.05,100,14599900,"B"
"DXG","14:11:57",19.45,0.05,1500,14599800,"B"
"DXG","14:11:57",19.45,0.05,3000,14598300,"B"
"DXG","14:11:53",19.45,0.05,900,14595300,"B"
"DXG","14:11:51",19.5,0.1,1000,14594400,"S"
"DXG","14:11:46",19.5,0.1,8400,14593400,"S"
"DXG","14:11:45",19.45,0.05,100,14585000,"B"
"DXG","14:11:39",19.45,0.05,500,14584900,"B"
"DXG","14:11:35",19.5,0.1,200,14584400,"S"
"DXG","14:11:34",19.5,0.1,100,14584200,"S"
"DXG","14:11:31",19.5,0.1,2000,14584100,"S"
"DXG","14:11:30",19.5,0.1,20100,14582100,"S"
"DXG","14:11:29",19.5,0.1,500,14562000,"S"
"DXG","14:11:27",19.5,0.1,1000,14561500,"S"
"DXG","14:11:26",19.5,0.1,100,14560500,"S"
"DXG","14:11:24",19.5,0.1,11700,14560400,"B"
"DXG","14:11:21",19.5,0.1,500,14548700,"B"
"DXG","14:11:20",19.5,0.1,2200,14548200,"B"
"DXG","14:11:19",19.5,0.1,300,14546000,"B"
"DXG","14:11:17",19.5,0.1,1500,14545700,"B"
"DXG","14:11:16",19.5,0.1,1000,14544200,"B"
"DXG","14:11:13",19.5,0.1,1000,14543200,"B"
"DXG","14:11:08",19.5,0.1,10000,14542200,"B"
"DXG","14:11:03",19.5,0.1,900,14532200,"B"
"DXG","14:11:02",19.55,0.15,1000,14531300,"S"
"DXG","14:11:01",19.55,0.15,100,14530300,"S"
"DXG","14:11:00",19.5,0.1,200,14530200,"B"
"DXG","14:10:59",19.5,0.1,700,14530000,"B"
"DXG","14:10:58",19.55,0.15,1000,14529300,"S"
"DXG","14:10:55",19.5,0.1,400,14528300,"B"
"DXG","14:10:52",19.55,0.15,10500,14527900,"S"
"DXG","14:10:52",19.5,0.1,3500,14517400,"B"
"DXG","14:10:50",19.5,0.1,1000,14513900,"B"
"DXG","14:10:49",19.55,0.15,6700,14512900,"B"
"DXG","14:10:48",19.55,0.15,1500,14506200,"B"
"DXG","14:10:46",19.55,0.15,3500,14504700,"B"
"DXG","14:10:46",19.55,0.15,1000,14501200,"B"
"DXG","14:10:45",19.55,0.15,500,14500200,"B"
"DXG","14:10:44",19.55,0.15,3000,14499700,"B"
"DXG","14:10:39",19.55,0.15,900,14496700,"S"
"DXG","14:10:39",19.55,0.15,400,14495800,"S"
"DXG","14:10:35",19.55,0.15,24400,14495400,"B"
"DXG","14:10:35",19.55,0.15,700,14471000,"B"
"DXG","14:10:32",19.55,0.15,10000,14470300,"B"
"DXG","14:10:32",19.55,0.15,2000,14460300,"B"
"DXG","14:10:25",19.55,0.15,600,14458300,"B"
"DXG","14:10:24",19.6,0.2,1000,14457700,"S"
"DXG","14:10:21",19.6,0.2,500,14456700,"S"
"DXG","14:10:20",19.55,0.15,500,14456200,"B"
"DXG","14:10:20",19.6,0.2,500,14455700,"S"
"DXG","14:10:18",19.6,0.2,1300,14455200,"S"
"DXG","14:10:18",19.55,0.15,1500,14453900,"B"
"DXG","14:10:16",19.55,0.15,100,14452400,"B"
"DXG","14:10:09",19.6,0.2,10000,14452300,"S"
"DXG","14:10:09",19.6,0.2,10000,14442300,"S"
"DXG","14:10:06",19.6,0.2,100,14432300,"S"
"DXG","14:10:05",19.6,0.2,5600,14432200,"S"
"DXG","14:09:57",19.6,0.2,4000,14426600,"S"
"DXG","14:09:56",19.6,0.2,1100,14422600,"S"
"DXG","14:09:54",19.6,0.2,9100,14421500,"B"
"DXG","14:09:51",19.6,0.2,200,14412400,"B"
"DXG","14:09:50",19.6,0.2,14900,14412200,"B"
"DXG","14:09:50",19.6,0.2,200,14397300,"B"
"DXG","14:09:50",19.65,0.25,900,14397100,"S"
"DXG","14:09:49",19.6,0.2,5000,14396200,"B"
"DXG","14:09:48",19.6,0.2,2000,14391200,"B"
"DXG","14:09:46",19.6,0.2,5000,14389200,"B"
"DXG","14:09:45",19.6,0.2,2000,14384200,"B"
"DXG","14:09:45",19.65,0.25,300,14382200,"S"
"DXG","14:09:42",19.6,0.2,20000,14381900,"B"
"DXG","14:09:39",19.65,0.25,200,14361900,"S"
"DXG","14:09:34",19.65,0.25,1000,14361700,"S"
"DXG","14:09:33",19.65,0.25,2200,14360700,"S"
"DXG","14:09:31",19.65,0.25,200,14358500,"S"
"DXG","14:09:24",19.65,0.25,1000,14358300,"S"
"DXG","14:09:21",19.65,0.25,200,14357300,"S"
"DXG","14:09:19",19.65,0.25,1000,14357100,"S"
"DXG","14:09:13",19.65,0.25,100,14356100,"S"
"DXG","14:09:10",19.65,0.25,5000,14356000,"S"
"DXG","14:09:09",19.6,0.2,19700,14351000,"B"
"DXG","14:09:09",19.65,0.25,300,14331300,"B"
"DXG","14:09:08",19.65,0.25,1500,14331000,"B"
"DXG","14:09:07",19.65,0.25,5000,14329500,"B"
"DXG","14:09:06",19.65,0.25,5000,14324500,"B"
"DXG","14:09:04",19.65,0.25,500,14319500,"B"
"DXG","14:09:02",19.65,0.25,46400,14319000,"S"
"DXG","14:09:02",19.6,0.2,2300,14272600,"B"
"DXG","14:09:01",19.65,0.25,100,14270300,"S"
"DXG","14:08:56",19.65,0.25,2000,14270200,"S"
"DXG","14:08:56",19.6,0.2,2500,14268200,"B"
"DXG","14:08:55",19.65,0.25,300,14265700,"S"
"DXG","14:08:54",19.65,0.25,300,14265400,"S"
"DXG","14:08:53",19.6,0.2,5000,14265100,"B"
"DXG","14:08:51",19.6,0.2,100,14260100,"B"
"DXG","14:08:51",19.65,0.25,5000,14260000,"S"
"DXG","14:08:47",19.65,0.25,600,14255000,"S"
"DXG","14:08:46",19.65,0.25,2000,14254400,"S"
"DXG","14:08:46",19.6,0.2,500,14252400,"B"
"DXG","14:08:46",19.65,0.25,700,14251900,"S"
"DXG","14:08:45",19.65,0.25,38000,14251200,"S"
"DXG","14:08:42",19.65,0.25,400,14213200,"S"
"DXG","14:08:38",19.65,0.25,8300,14212800,"B"
"DXG","14:08:34",19.65,0.25,5000,14204500,"B"
"DXG","14:08:34",19.65,0.25,1000,14199500,"B"
"DXG","14:08:33",19.65,0.25,100,14198500,"B"
"DXG","14:08:32",19.65,0.25,16300,14198400,"S"
"DXG","14:08:32",19.65,0.25,10000,14182100,"S"
"DXG","14:08:31",19.65,0.25,500,14172100,"S"
"DXG","14:08:29",19.65,0.25,3000,14171600,"S"
"DXG","14:08:28",19.65,0.25,300,14168600,"S"
"DXG","14:08:27",19.65,0.25,500,14168300,"S"
"DXG","14:08:26",19.65,0.25,300,14167800,"S"
"DXG","14:08:22",19.65,0.25,200,14167500,"S"
"DXG","14:08:21",19.65,0.25,1000,14165300,"S"
"DXG","14:08:20",19.65,0.25,100,14164300,"S"
"DXG","14:08:17",19.7,0.3,1200,14164200,"S"
"DXG","14:08:17",19.65,0.25,2800,14163000,"S"
"DXG","14:08:14",19.65,0.25,200,14160200,"B"
"DXG","14:08:14",19.7,0.3,500,14160000,"S"
"DXG","14:08:14",19.65,0.25,10000,14159500,"B"
"DXG","14:08:13",19.7,0.3,500,14149500,"S"
"DXG","14:08:10",19.7,0.3,1000,14149000,"S"
"DXG","14:08:09",19.65,0.25,10000,14148000,"B"
"DXG","14:08:05",19.7,0.3,2000,14138000,"S"
"DXG","14:08:05",19.65,0.25,6600,14136000,"S"
"DXG","14:08:04",19.65,0.25,1000,14129400,"S"
"DXG","14:08:03",19.65,0.25,50200,14128400,"S"
"DXG","14:08:02",19.65,0.25,27600,14078200,"S"
"DXG","14:08:01",19.65,0.25,3000,14050600,"S"
"DXG","14:08:00",19.65,0.25,5000,14047600,"S"
"DXG","14:08:00",19.6,0.2,700,14042600,"B"
"DXG","14:07:59",19.65,0.25,200,14041900,"S"
"DXG","14:07:58",19.65,0.25,100,14041700,"S"
"DXG","14:07:57",19.65,0.25,1000,14041600,"S"
"DXG","14:07:56",19.6,0.2,500,14040600,"B"
"DXG","14:07:55",19.65,0.25,100,14040100,"S"
"DXG","14:07:52",19.65,0.25,5000,14040000,"S"
"DXG","14:07:49",19.65,0.25,5000,14035000,"S"
"DXG","14:07:49",19.65,0.25,10000,14030000,"S"
"DXG","14:07:47",19.65,0.25,2500,14020000,"S"
"DXG","14:07:45",19.65,0.25,300,14017500,"S"
"DXG","14:07:44",19.65,0.25,200,14017200,"S"
"DXG","14:07:42",19.65,0.25,1000,14017000,"S"
"DXG","14:07:39",19.65,0.25,500,14016000,"S"
"DXG","14:07:37",19.6,0.2,1100,14015500,"B"
"DXG","14:07:36",19.65,0.25,1300,14014400,"S"
"DXG","14:07:33",19.6,0.2,600,14013100,"B"
"DXG","14:07:33",19.65,0.25,3000,14012500,"S"
"DXG","14:07:31",19.6,0.2,100,14009500,"B"
"DXG","14:07:31",19.6,0.2,1000,14009400,"B"
"DXG","14:07:30",19.6,0.2,500,14008400,"B"
"DXG","14:07:28",19.6,0.2,5000,14007900,"B"
"DXG","14:07:23",19.6,0.2,200,14002900,"B"
"DXG","14:07:21",19.6,0.2,21800,14002700,"S"
"DXG","14:07:20",19.6,0.2,17700,13980900,"S"
"DXG","14:07:20",19.6,0.2,900,13963200,"S"
"DXG","14:07:19",19.6,0.2,5000,13962300,"S"
"DXG","14:07:18",19.6,0.2,300,13957300,"S"
"DXG","14:07:17",19.6,0.2,21000,13957000,"S"
"DXG","14:07:14",19.6,0.2,5000,13936000,"S"
"DXG","14:07:13",19.6,0.2,51600,13931000,"S"
"DXG","14:07:11",19.6,0.2,200,13879400,"S"
"DXG","14:07:08",19.6,0.2,500,13879200,"S"
"DXG","14:07:05",19.6,0.2,5000,13878700,"S"
"DXG","14:07:02",19.6,0.2,1200,13873700,"S"
"DXG","14:07:01",19.6,0.2,5800,13872500,"S"
"DXG","14:07:01",19.55,0.15,10000,13866700,"B"
"DXG","14:06:59",19.6,0.2,400,13856700,"S"
"DXG","14:06:59",19.6,0.2,200,13856300,"S"
"DXG","14:06:58",19.6,0.2,6000,13856100,"S"
"DXG","14:06:54",19.6,0.2,3000,13850100,"S"
"DXG","14:06:53",19.6,0.2,2000,13847100,"S"
"DXG","14:06:52",19.6,0.2,2000,13845100,"S"
"DXG","14:06:51",19.6,0.2,200,13843100,"S"
"DXG","14:06:49",19.55,0.15,500,13842900,"B"
"DXG","14:06:48",19.6,0.2,1000,13842400,"S"
"DXG","14:06:46",19.6,0.2,1000,13841400,"S"
"DXG","14:06:43",19.6,0.2,400,13840400,"S"
"DXG","14:06:39",19.6,0.2,2000,13840000,"S"
"DXG","14:06:37",19.6,0.2,200,13838000,"S"
"DXG","14:06:35",19.55,0.15,3100,13837800,"B"
"DXG","14:06:30",19.55,0.15,7000,13834700,"B"
"DXG","14:06:24",19.55,0.15,400,13827700,"B"
"DXG","14:06:21",19.55,0.15,10000,13827300,"B"
"DXG","14:06:21",19.6,0.2,3000,13817300,"S"
"DXG","14:06:20",19.55,0.15,17600,13814300,"S"
"DXG","14:06:18",19.55,0.15,2000,13796700,"S"
"DXG","14:06:17",19.55,0.15,100,13794700,"S"
"DXG","14:06:17",19.55,0.15,5000,13794600,"S"
"DXG","14:06:12",19.55,0.15,500,13789600,"S"
"DXG","14:06:12",19.55,0.15,600,13789100,"S"
"DXG","14:06:09",19.5,0.1,400,13788500,"B"
"DXG","14:06:08",19.5,0.1,200,13788100,"B"
"DXG","14:06:07",19.5,0.1,2000,13787900,"B"
"DXG","14:06:07",19.55,0.15,1000,13785900,"S"
"DXG","14:06:02",19.5,0.1,500,13784900,"B"
"DXG","14:06:01",19.55,0.15,5000,13784400,"S"
"DXG","14:06:01",19.55,0.15,300,13779400,"S"
"DXG","14:05:57",19.55,0.15,500,13779100,"S"
"DXG","14:05:56",19.55,0.15,500,13778600,"S"
"DXG","14:05:52",19.5,0.1,400,13778100,"B"
"DXG","14:05:47",19.5,0.1,200,13777700,"B"
"DXG","14:05:46",19.5,0.1,5000,13777500,"B"
"DXG","14:05:40",19.5,0.1,2000,13772500,"S"
"DXG","14:05:39",19.5,0.1,10000,13770500,"S"
"DXG","14:05:37",19.5,0.1,1500,13760500,"S"
"DXG","14:05:35",19.5,0.1,2000,13759000,"S"
"DXG","14:05:35",19.5,0.1,1000,13757000,"S"
"DXG","14:05:34",19.5,0.1,2100,13756000,"S"
"DXG","14:05:32",19.5,0.1,100,13753900,"S"
"DXG","14:05:31",19.45,0.05,500,13753800,"B"
"DXG","14:05:30",19.5,0.1,47700,13753300,"S"
"DXG","14:05:29",19.5,0.1,152300,13705600,"S"
"DXG","14:05:28",19.5,0.1,1000,13553300,"S"
"DXG","14:05:26",19.5,0.1,1100,13552300,"S"
"DXG","14:05:26",19.5,0.1,1700,13551200,"S"
"DXG","14:05:22",19.5,0.1,10000,13549500,"S"
"DXG","14:05:21",19.45,0.05,5000,13539500,"B"
"DXG","14:05:14",19.45,0.05,100,13534500,"B"
"DXG","14:05:13",19.45,0.05,100,13534400,"B"
"DXG","14:05:11",19.45,0.05,11800,13534300,"S"
"DXG","14:05:11",19.45,0.05,23500,13522500,"S"
"DXG","14:05:10",19.45,0.05,10000,13498900,"S"
"DXG","14:05:06",19.45,0.05,200,13488900,"S"
"DXG","14:05:05",19.45,0.05,500,13488700,"S"
"DXG","14:05:04",19.45,0.05,200,13488200,"S"
"DXG","14:05:03",19.45,0.05,100,13488000,"S"
"DXG","14:04:59",19.45,0.05,600,13487900,"S"
"DXG","14:04:57",19.4,0,200,13487300,"B"
"DXG","14:04:51",19.4,0,3200,13487100,"S"
"DXG","14:04:50",19.4,0,400,13483900,"S"
"DXG","14:04:48",19.4,0,21100,13483500,"S"
"DXG","14:04:46",19.4,0,200,13462400,"S"
"DXG","14:04:45",19.4,0,5500,13462200,"S"
"DXG","14:04:45",19.4,0,2500,13456700,"S"
"DXG","14:04:43",19.4,0,20000,13454200,"S"
"DXG","14:04:39",19.4,0,3500,13434200,"S"
"DXG","14:04:34",19.4,0,1000,13430700,"S"
"DXG","14:04:32",19.4,0,1100,13429700,"S"
"DXG","14:04:31",19.35,-0.05,2000,13428600,"B"
"DXG","14:04:30",19.4,0,3400,13426600,"S"
"DXG","14:04:29",19.4,0,200,13423200,"S"
"DXG","14:04:27",19.4,0,38700,13423000,"S"
"DXG","14:04:26",19.4,0,1300,13384300,"S"
"DXG","14:04:25",19.4,0,200,13383000,"S"
"DXG","14:04:24",19.4,0,2500,13382800,"S"
"DXG","14:04:21",19.4,0,1000,13380300,"S"
"DXG","14:04:20",19.4,0,1000,13379300,"S"
"DXG","14:04:19",19.4,0,200,13378300,"S"
"DXG","14:04:08",19.4,0,100,13378100,"S"
"DXG","14:04:04",19.35,-0.05,500,13378000,"B"
"DXG","14:04:03",19.4,0,10000,13377500,"S"
"DXG","14:03:58",19.4,0,1000,13367500,"S"
"DXG","14:03:54",19.35,-0.05,10000,13366500,"S"
"DXG","14:03:53",19.35,-0.05,500,13356500,"S"
"DXG","14:03:47",19.35,-0.05,500,13356000,"S"
"DXG","14:03:46",19.35,-0.05,200,13355500,"S"
"DXG","14:03:46",19.35,-0.05,1000,13355300,"S"
"DXG","14:03:43",19.35,-0.05,1100,13354300,"S"
"DXG","14:03:41",19.35,-0.05,1000,13353200,"S"
"DXG","14:03:37",19.35,-0.05,500,13352200,"S"
"DXG","14:03:35",19.35,-0.05,2500,13351700,"S"
"DXG","14:03:32",19.3,-0.1,200,13349200,"B"
"DXG","14:03:32",19.35,-0.05,1000,13349000,"S"
"DXG","14:03:30",19.35,-0.05,1000,13348000,"S"
"DXG","14:03:30",19.35,-0.05,400,13347000,"S"
"DXG","14:03:27",19.35,-0.05,200,13346600,"S"
"DXG","14:03:25",19.35,-0.05,100,13346400,"S"
"DXG","14:03:23",19.35,-0.05,500,13346300,"S"
"DXG","14:03:22",19.35,-0.05,500,13345800,"S"
"DXG","14:03:20",19.35,-0.05,1000,13345300,"S"
"DXG","14:03:19",19.35,-0.05,2500,13344300,"S"
"DXG","14:03:19",19.35,-0.05,100,13341800,"S"
"DXG","14:03:18",19.35,-0.05,1000,13341700,"S"
"DXG","14:03:16",19.35,-0.05,5000,13340700,"S"
"DXG","14:03:13",19.35,-0.05,600,13335700,"S"
"DXG","14:03:13",19.3,-0.1,1500,13335100,"B"
"DXG","14:03:11",19.35,-0.05,300,13333600,"S"
"DXG","14:03:10",19.35,-0.05,100,13333300,"S"
"DXG","14:03:04",19.35,-0.05,100,13333200,"S"
"DXG","14:02:56",19.3,-0.1,1000,13333100,"B"
"DXG","14:02:53",19.3,-0.1,17100,13332100,"S"
"DXG","14:02:52",19.3,-0.1,2200,13315000,"S"
"DXG","14:02:49",19.3,-0.1,20000,13312800,"S"
"DXG","14:02:42",19.25,-0.15,6800,13292800,"S"
"DXG","14:02:41",19.25,-0.15,2700,13286000,"S"
"DXG","14:02:39",19.25,-0.15,5000,13283300,"S"
"DXG","14:02:38",19.25,-0.15,100,13278300,"S"
"DXG","14:02:37",19.25,-0.15,10000,13278200,"S"
"DXG","14:02:27",19.2,-0.2,500,13268200,"B"
"DXG","14:02:24",19.25,-0.15,3400,13267700,"S"
"DXG","14:02:20",19.25,-0.15,100,13264300,"S"
"DXG","14:02:08",19.2,-0.2,2000,13264200,"B"
"DXG","14:02:02",19.25,-0.15,100,13262200,"S"
"DXG","14:01:56",19.2,-0.2,1000,13262100,"B"
"DXG","14:01:48",19.25,-0.15,300,13261100,"S"
"DXG","14:01:35",19.25,-0.15,10000,13260800,"S"
"DXG","14:01:23",19.25,-0.15,200,13250800,"S"
"DXG","14:01:17",19.25,-0.15,200,13250600,"S"
"DXG","14:01:06",19.25,-0.15,21000,13250400,"S"
"DXG","14:00:59",19.25,-0.15,500,13229400,"B"
"DXG","14:00:52",19.25,-0.15,600,13228900,"B"
"DXG","14:00:47",19.25,-0.15,2100,13228300,"S"
"DXG","14:00:43",19.2,-0.2,500,13226200,"B"
"DXG","14:00:43",19.25,-0.15,200,13225700,"S"
"DXG","14:00:36",19.2,-0.2,3600,13225500,"B"
"DXG","14:00:32",19.2,-0.2,8000,13221900,"B"
"DXG","14:00:26",19.25,-0.15,4000,13213900,"S"
"DXG","14:00:18",19.25,-0.15,100,13209900,"S"
"DXG","14:00:10",19.25,-0.15,500,13209800,"S"
"DXG","14:00:00",19.2,-0.2,500,13209300,"B"
"DXG","13:59:56",19.2,-0.2,100,13208800,"B"
"DXG","13:59:55",19.2,-0.2,2000,13208700,"B"
"DXG","13:59:53",19.2,-0.2,5000,13206700,"B"
"DXG","13:59:50",19.2,-0.2,500,13201700,"B"
"DXG","13:59:47",19.2,-0.2,5000,13201200,"B"
"DXG","13:59:45",19.2,-0.2,400,13196200,"B"
"DXG","13:59:42",19.2,-0.2,500,13195800,"B"
"DXG","13:59:39",19.2,-0.2,300,13195300,"B"
"DXG","13:59:33",19.2,-0.2,100,13195000,"B"
"DXG","13:59:33",19.2,-0.2,2000,13194900,"B"
"DXG","13:59:24",19.2,-0.2,700,13192900,"B"
"DXG","13:59:21",19.2,-0.2,5000,13192200,"B"
"DXG","13:59:19",19.2,-0.2,1000,13187200,"B"
"DXG","13:59:09",19.25,-0.15,22000,13186200,"B"
"DXG","13:58:45",19.25,-0.15,400,13164200,"B"
"DXG","13:58:30",19.25,-0.15,5000,13163800,"B"
"DXG","13:58:25",19.3,-0.1,2500,13158800,"B"
"DXG","13:58:17",19.3,-0.1,200,13156300,"B"
"DXG","13:58:12",19.3,-0.1,100,13156100,"B"
"DXG","13:58:12",19.35,-0.05,800,13156000,"S"
"DXG","13:58:10",19.35,-0.05,100,13155200,"S"
"DXG","13:58:09",19.25,-0.15,300,13155100,"B"
"DXG","13:58:09",19.3,-0.1,2300,13154800,"B"
"DXG","13:58:05",19.3,-0.1,47000,13152500,"B"
"DXG","13:58:00",19.3,-0.1,5000,13105500,"B"
"DXG","13:57:59",19.3,-0.1,400,13100500,"B"
"DXG","13:57:49",19.3,-0.1,100,13100100,"B"
"DXG","13:57:48",19.35,-0.05,2000,13100000,"S"
"DXG","13:57:47",19.35,-0.05,10000,13098000,"S"
"DXG","13:57:46",19.35,-0.05,3000,13088000,"S"
"DXG","13:57:45",19.35,-0.05,100,13085000,"S"
"DXG","13:57:42",19.3,-0.1,100,13084900,"B"
"DXG","13:57:39",19.35,-0.05,800,13084800,"S"
"DXG","13:57:31",19.3,-0.1,100,13084000,"B"
"DXG","13:57:28",19.35,-0.05,300,13083900,"S"
"DXG","13:57:27",19.35,-0.05,500,13083600,"S"
"DXG","13:57:24",19.3,-0.1,200,13083100,"B"
"DXG","13:57:23",19.35,-0.05,100,13082900,"S"
"DXG","13:57:21",19.35,-0.05,100,13082800,"S"
"DXG","13:57:18",19.35,-0.05,500,13082700,"S"
"DXG","13:57:17",19.35,-0.05,1000,13082200,"B"
"DXG","13:57:16",19.35,-0.05,100,13081200,"B"
"DXG","13:57:13",19.4,0,800,13081100,"S"
"DXG","13:57:12",19.35,-0.05,100,13080300,"B"
"DXG","13:57:07",19.35,-0.05,5000,13080200,"B"
"DXG","13:57:06",19.4,0,200,13075200,"S"
"DXG","13:57:04",19.4,0,100,13075000,"S"
"DXG","13:57:04",19.35,-0.05,500,13074900,"B"
"DXG","13:57:02",19.4,0,10000,13074400,"S"
"DXG","13:57:00",19.35,-0.05,300,13064400,"B"
"DXG","13:57:00",19.35,-0.05,100,13064100,"B"
"DXG","13:56:55",19.35,-0.05,1000,13064000,"B"
"DXG","13:56:54",19.35,-0.05,22000,13063000,"B"
"DXG","13:56:53",19.35,-0.05,100,13041000,"B"
"DXG","13:56:48",19.35,-0.05,100,13040900,"B"
"DXG","13:56:46",19.35,-0.05,900,13040800,"B"
"DXG","13:56:45",19.4,0,2000,13039900,"S"
"DXG","13:56:44",19.4,0,1000,13037900,"S"
"DXG","13:56:41",19.4,0,1000,13036900,"S"
"DXG","13:56:40",19.4,0,100,13035900,"S"
"DXG","13:56:31",19.4,0,100,13035800,"S"
"DXG","13:56:30",19.35,-0.05,10000,13035700,"B"
"DXG","13:56:27",19.4,0,3000,13025700,"S"
"DXG","13:56:26",19.4,0,17000,13022700,"S"
"DXG","13:56:22",19.35,-0.05,200,13005700,"B"
"DXG","13:56:20",19.4,0,800,13005500,"S"
"DXG","13:56:19",19.4,0,4800,13004700,"S"
"DXG","13:56:16",19.4,0,1000,12999900,"S"
"DXG","13:56:11",19.4,0,3500,12998900,"S"
"DXG","13:56:07",19.4,0,2000,12995400,"S"
"DXG","13:56:07",19.35,-0.05,300,12993400,"B"
"DXG","13:56:05",19.4,0,100,12993100,"S"
"DXG","13:56:04",19.4,0,2500,12993000,"S"
"DXG","13:56:04",19.4,0,7100,12990500,"S"
"DXG","13:56:02",19.35,-0.05,5000,12983400,"B"
"DXG","13:55:55",19.4,0,900,12978400,"S"
"DXG","13:55:55",19.4,0,100,12977500,"S"
"DXG","13:55:54",19.4,0,500,12977400,"S"
"DXG","13:55:52",19.4,0,500,12976900,"S"
"DXG","13:55:50",19.4,0,1000,12976400,"S"
"DXG","13:55:47",19.4,0,1000,12975400,"S"
"DXG","13:55:45",19.4,0,4200,12974400,"S"
"DXG","13:55:44",19.4,0,1000,12970200,"S"
"DXG","13:55:39",19.4,0,15000,12969200,"S"
"DXG","13:55:38",19.4,0,15000,12954200,"S"
"DXG","13:55:34",19.4,0,100,12939200,"S"
"DXG","13:55:32",19.4,0,200,12939100,"S"
"DXG","13:55:28",19.4,0,500,12938900,"S"
"DXG","13:55:26",19.4,0,1600,12938400,"S"
"DXG","13:55:18",19.4,0,2000,12936800,"S"
"DXG","13:55:04",19.35,-0.05,100,12934800,"B"
"DXG","13:55:02",19.35,-0.05,1000,12934700,"B"
"DXG","13:54:59",19.35,-0.05,300,12933700,"B"
"DXG","13:54:57",19.35,-0.05,100,12933400,"B"
"DXG","13:54:45",19.35,-0.05,500,12933300,"S"
"DXG","13:54:42",19.35,-0.05,200,12932800,"S"
"DXG","13:54:42",19.35,-0.05,10000,12932600,"S"
"DXG","13:54:30",19.35,-0.05,3000,12922600,"S"
"DXG","13:54:28",19.35,-0.05,5000,12919600,"S"
"DXG","13:54:25",19.35,-0.05,2500,12914600,"B"
"DXG","13:54:21",19.35,-0.05,1000,12912100,"B"
"DXG","13:54:13",19.35,-0.05,400,12911100,"S"
"DXG","13:54:13",19.35,-0.05,300,12910700,"S"
"DXG","13:54:10",19.35,-0.05,500,12910400,"S"
"DXG","13:54:09",19.35,-0.05,5000,12909900,"S"
"DXG","13:54:08",19.35,-0.05,2000,12904900,"S"
"DXG","13:54:02",19.35,-0.05,100,12902900,"S"
"DXG","13:54:01",19.35,-0.05,100,12902800,"S"
"DXG","13:53:56",19.35,-0.05,15000,12902700,"S"
"DXG","13:53:56",19.35,-0.05,5000,12887700,"S"
"DXG","13:53:55",19.35,-0.05,500,12882700,"S"
"DXG","13:53:52",19.3,-0.1,9000,12882200,"B"
"DXG","13:53:51",19.35,-0.05,200,12873200,"S"
"DXG","13:53:40",19.35,-0.05,2000,12873000,"S"
"DXG","13:53:34",19.35,-0.05,100,12871000,"S"
"DXG","13:53:31",19.35,-0.05,300,12870900,"S"
"DXG","13:53:28",19.35,-0.05,9500,12870600,"S"
"DXG","13:53:25",19.35,-0.05,1000,12861100,"S"
"DXG","13:53:22",19.35,-0.05,900,12860100,"B"
"DXG","13:53:21",19.35,-0.05,100,12859200,"S"
"DXG","13:53:17",19.35,-0.05,1000,12859100,"S"
"DXG","13:53:15",19.3,-0.1,2000,12858100,"B"
"DXG","13:53:14",19.35,-0.05,1800,12856100,"S"
"DXG","13:53:12",19.35,-0.05,100,12854300,"S"
"DXG","13:53:07",19.35,-0.05,25300,12854200,"B"
"DXG","13:53:04",19.4,0,1000,12828900,"S"
"DXG","13:53:01",19.4,0,200,12827900,"S"
"DXG","13:52:57",19.4,0,500,12827700,"S"
"DXG","13:52:56",19.4,0,100,12827200,"S"
"DXG","13:52:48",19.4,0,500,12827100,"S"
"DXG","13:52:41",19.4,0,1000,12826600,"S"
"DXG","13:52:40",19.35,-0.05,1000,12825600,"B"
"DXG","13:52:35",19.4,0,1000,12824600,"S"
"DXG","13:52:30",19.35,-0.05,3800,12823600,"B"
"DXG","13:52:26",19.4,0,500,12819800,"S"
"DXG","13:52:22",19.35,-0.05,1000,12819300,"B"
"DXG","13:52:11",19.35,-0.05,400,12818300,"S"
"DXG","13:52:07",19.35,-0.05,1100,12817900,"S"
"DXG","13:52:05",19.35,-0.05,3000,12816800,"S"
"DXG","13:52:00",19.35,-0.05,10100,12813800,"S"
"DXG","13:51:59",19.35,-0.05,300,12803700,"S"
"DXG","13:51:54",19.35,-0.05,1100,12803400,"S"
"DXG","13:51:51",19.35,-0.05,1000,12802300,"S"
"DXG","13:51:45",19.35,-0.05,1000,12801300,"S"
"DXG","13:51:35",19.35,-0.05,3000,12800300,"S"
"DXG","13:51:32",19.35,-0.05,100,12797300,"S"
"DXG","13:51:28",19.35,-0.05,500,12797200,"S"
"DXG","13:51:24",19.3,-0.1,100,12796700,"B"
"DXG","13:51:17",19.3,-0.1,5100,12796600,"S"
"DXG","13:51:15",19.3,-0.1,15000,12791500,"S"
"DXG","13:51:12",19.3,-0.1,1500,12776500,"S"
"DXG","13:51:11",19.3,-0.1,100,12775000,"S"
"DXG","13:51:09",19.3,-0.1,300,12774900,"S"
"DXG","13:51:09",19.3,-0.1,1700,12774600,"S"
"DXG","13:51:06",19.3,-0.1,600,12772900,"S"
"DXG","13:51:02",19.3,-0.1,2000,12772300,"S"
"DXG","13:51:01",19.3,-0.1,100,12770300,"S"
"DXG","13:51:00",19.3,-0.1,3000,12770200,"S"
"DXG","13:50:59",19.25,-0.15,1100,12767200,"B"
"DXG","13:50:56",19.3,-0.1,400,12766100,"S"
"DXG","13:50:54",19.3,-0.1,1000,12765700,"S"
"DXG","13:50:52",19.25,-0.15,1300,12764700,"B"
"DXG","13:50:51",19.25,-0.15,500,12763400,"B"
"DXG","13:50:51",19.3,-0.1,100,12762900,"S"
"DXG","13:50:50",19.3,-0.1,10000,12762800,"S"
"DXG","13:50:48",19.3,-0.1,100,12752800,"S"
"DXG","13:50:44",19.3,-0.1,100,12752700,"S"
"DXG","13:50:42",19.3,-0.1,500,12752600,"S"
"DXG","13:50:38",19.3,-0.1,1200,12752100,"S"
"DXG","13:50:20",19.3,-0.1,500,12750900,"S"
"DXG","13:50:18",19.3,-0.1,3000,12750400,"S"
"DXG","13:50:15",19.3,-0.1,100,12747400,"S"
"DXG","13:50:09",19.25,-0.15,2500,12747300,"B"
"DXG","13:49:52",19.3,-0.1,1000,12744800,"S"
"DXG","13:49:40",19.2,-0.2,500,12743800,"B"
"DXG","13:49:38",19.25,-0.15,5800,12743300,"S"
"DXG","13:49:37",19.2,-0.2,500,12737500,"B"
"DXG","13:49:29",19.2,-0.2,500,12737000,"B"
"DXG","13:49:23",19.2,-0.2,100,12736500,"B"
"DXG","13:49:10",19.2,-0.2,100,12736400,"B"
"DXG","13:49:08",19.2,-0.2,1700,12736300,"B"
"DXG","13:48:45",19.2,-0.2,12300,12734600,"B"
"DXG","13:48:26",19.2,-0.2,10000,12722300,"B"
"DXG","13:48:25",19.2,-0.2,2000,12712300,"B"
"DXG","13:48:24",19.2,-0.2,2200,12710300,"B"
"DXG","13:48:21",19.2,-0.2,600,12708100,"S"
"DXG","13:48:20",19.2,-0.2,1500,12707500,"S"
"DXG","13:48:19",19.2,-0.2,500,12706000,"S"
"DXG","13:48:17",19.2,-0.2,500,12705500,"S"
"DXG","13:48:14",19.2,-0.2,100,12705000,"S"
"DXG","13:48:10",19.2,-0.2,4700,12704900,"S"
"DXG","13:48:02",19.2,-0.2,1000,12700200,"S"
"DXG","13:47:59",19.15,-0.25,200,12699200,"B"
"DXG","13:47:54",19.2,-0.2,100,12699000,"S"
"DXG","13:47:48",19.2,-0.2,200,12698900,"S"
"DXG","13:47:47",19.2,-0.2,100,12698700,"S"
"DXG","13:47:44",19.2,-0.2,3000,12698600,"S"
"DXG","13:47:40",19.2,-0.2,500,12695600,"S"
"DXG","13:47:37",19.2,-0.2,1000,12695100,"S"
"DXG","13:47:33",19.2,-0.2,200,12694100,"S"
"DXG","13:47:27",19.2,-0.2,6600,12693900,"S"
"DXG","13:47:23",19.2,-0.2,1000,12687300,"S"
"DXG","13:47:21",19.2,-0.2,300,12686300,"B"
"DXG","13:47:17",19.15,-0.25,2000,12686000,"B"
"DXG","13:47:16",19.15,-0.25,600,12684000,"B"
"DXG","13:47:11",19.2,-0.2,900,12683400,"S"
"DXG","13:47:09",19.2,-0.2,100,12682500,"B"
"DXG","13:47:03",19.15,-0.25,200,12682400,"B"
"DXG","13:47:03",19.2,-0.2,5000,12682200,"S"
"DXG","13:47:02",19.15,-0.25,100,12677200,"B"
"DXG","13:46:59",19.15,-0.25,100,12677100,"B"
"DXG","13:46:58",19.15,-0.25,100,12677000,"B"
"DXG","13:46:56",19.2,-0.2,36200,12676900,"S"
"DXG","13:46:55",19.15,-0.25,3000,12640700,"B"
"DXG","13:46:49",19.15,-0.25,2200,12637700,"B"
"DXG","13:46:37",19.15,-0.25,43100,12635500,"B"
"DXG","13:46:37",19.15,-0.25,6900,12592400,"B"
"DXG","13:46:37",19.2,-0.2,200,12585500,"S"
"DXG","13:46:36",19.2,-0.2,600,12585300,"S"
"DXG","13:46:33",19.2,-0.2,300,12584700,"S"
"DXG","13:46:29",19.2,-0.2,200,12584400,"S"
"DXG","13:46:25",19.2,-0.2,20600,12584200,"S"
"DXG","13:46:18",19.2,-0.2,12900,12563600,"S"
"DXG","13:46:13",19.2,-0.2,100,12550700,"S"
"DXG","13:46:11",19.2,-0.2,500,12550600,"S"
"DXG","13:46:09",19.2,-0.2,400,12550100,"S"
"DXG","13:46:04",19.2,-0.2,4700,12549700,"B"
"DXG","13:46:03",19.2,-0.2,5000,12545000,"B"
"DXG","13:46:02",19.2,-0.2,4000,12540000,"B"
"DXG","13:46:00",19.2,-0.2,100,12536000,"B"
"DXG","13:46:00",19.2,-0.2,100,12535900,"B"
"DXG","13:45:59",19.2,-0.2,100,12535800,"B"
"DXG","13:45:57",19.2,-0.2,1100,12535700,"B"
"DXG","13:45:56",19.2,-0.2,400,12534600,"B"
"DXG","13:45:56",19.2,-0.2,1000,12534200,"B"
"DXG","13:45:50",19.2,-0.2,2000,12533200,"B"
"DXG","13:45:48",19.2,-0.2,300,12531200,"B"
"DXG","13:45:47",19.2,-0.2,9000,12530900,"B"
"DXG","13:45:44",19.2,-0.2,11000,12521900,"B"
"DXG","13:45:25",19.2,-0.2,300,12510900,"B"
"DXG","13:45:24",19.25,-0.15,500,12510600,"S"
"DXG","13:45:09",19.25,-0.15,100,12510100,"S"
"DXG","13:45:07",19.25,-0.15,100,12510000,"S"
"DXG","13:45:02",19.25,-0.15,1000,12509900,"B"
"DXG","13:44:58",19.3,-0.1,1000,12508900,"S"
"DXG","13:44:55",19.25,-0.15,10000,12507900,"B"
"DXG","13:44:51",19.25,-0.15,1000,12497900,"B"
"DXG","13:44:43",19.25,-0.15,200,12496900,"B"
"DXG","13:44:38",19.3,-0.1,400,12496700,"S"
"DXG","13:44:37",19.3,-0.1,200,12496300,"S"
"DXG","13:44:32",19.3,-0.1,100,12496100,"S"
"DXG","13:44:24",19.3,-0.1,900,12496000,"S"
"DXG","13:44:19",19.3,-0.1,300,12495100,"S"
"DXG","13:44:18",19.3,-0.1,900,12494800,"S"
"DXG","13:44:07",19.3,-0.1,1000,12493900,"S"
"DXG","13:44:04",19.3,-0.1,19000,12492900,"S"
"DXG","13:44:01",19.25,-0.15,500,12473900,"B"
"DXG","13:43:56",19.25,-0.15,100,12473400,"B"
"DXG","13:43:52",19.25,-0.15,1400,12473300,"B"
"DXG","13:43:48",19.3,-0.1,1000,12471900,"S"
"DXG","13:43:47",19.25,-0.15,100,12470900,"S"
"DXG","13:43:38",19.2,-0.2,5900,12470800,"B"
"DXG","13:43:38",19.25,-0.15,100,12464900,"B"
"DXG","13:43:32",19.25,-0.15,10300,12464800,"S"
"DXG","13:43:31",19.2,-0.2,500,12454500,"B"
"DXG","13:43:27",19.2,-0.2,500,12454000,"B"
"DXG","13:43:22",19.2,-0.2,11700,12453500,"S"
"DXG","13:43:17",19.2,-0.2,100,12441800,"S"
"DXG","13:43:10",19.2,-0.2,18200,12441700,"B"
"DXG","13:43:04",19.25,-0.15,2200,12423500,"S"
"DXG","13:43:00",19.2,-0.2,100,12421300,"B"
"DXG","13:43:00",19.25,-0.15,500,12421200,"S"
"DXG","13:42:54",19.25,-0.15,2000,12420700,"S"
"DXG","13:42:52",19.25,-0.15,20100,12418700,"B"
"DXG","13:42:50",19.25,-0.15,1300,12398600,"B"
"DXG","13:42:49",19.3,-0.1,600,12397300,"S"
"DXG","13:42:45",19.3,-0.1,100,12396700,"S"
"DXG","13:42:42",19.3,-0.1,4000,12396600,"S"
"DXG","13:42:41",19.3,-0.1,3900,12392600,"B"
"DXG","13:42:40",19.3,-0.1,7900,12388700,"B"
"DXG","13:42:39",19.3,-0.1,100,12380800,"B"
"DXG","13:42:37",19.3,-0.1,800,12380700,"B"
"DXG","13:42:36",19.3,-0.1,2100,12379900,"B"
"DXG","13:42:34",19.35,-0.05,400,12377800,"S"
"DXG","13:42:33",19.35,-0.05,1000,12377400,"S"
"DXG","13:42:31",19.3,-0.1,20000,12376400,"B"
"DXG","13:42:29",19.35,-0.05,300,12356400,"S"
"DXG","13:42:18",19.35,-0.05,500,12356100,"S"
"DXG","13:42:13",19.35,-0.05,1500,12355600,"S"
"DXG","13:42:12",19.35,-0.05,1300,12354100,"S"
"DXG","13:42:09",19.35,-0.05,500,12352800,"S"
"DXG","13:42:06",19.3,-0.1,100,12352300,"B"
"DXG","13:42:05",19.35,-0.05,4400,12352200,"S"
"DXG","13:42:04",19.35,-0.05,800,12347800,"S"
"DXG","13:41:54",19.35,-0.05,100,12347000,"S"
"DXG","13:41:46",19.3,-0.1,500,12346900,"B"
"DXG","13:41:41",19.35,-0.05,1000,12346400,"S"
"DXG","13:41:41",19.35,-0.05,2600,12345400,"S"
"DXG","13:41:39",19.35,-0.05,3000,12342800,"S"
"DXG","13:41:35",19.35,-0.05,11000,12339800,"S"
"DXG","13:41:33",19.35,-0.05,500,12328800,"S"
"DXG","13:41:32",19.3,-0.1,500,12328300,"B"
"DXG","13:41:25",19.35,-0.05,2000,12327800,"S"
"DXG","13:41:24",19.35,-0.05,900,12325800,"B"
"DXG","13:41:23",19.35,-0.05,100,12324900,"B"
"DXG","13:41:22",19.35,-0.05,100,12324800,"B"
"DXG","13:41:20",19.35,-0.05,5000,12324700,"B"
"DXG","13:41:19",19.35,-0.05,100,12319700,"B"
"DXG","13:41:17",19.35,-0.05,10200,12319600,"B"
"DXG","13:41:16",19.35,-0.05,100,12309400,"B"
"DXG","13:41:14",19.35,-0.05,32300,12309300,"B"
"DXG","13:41:12",19.35,-0.05,400,12277000,"B"
"DXG","13:41:10",19.35,-0.05,100,12276600,"B"
"DXG","13:41:09",19.35,-0.05,100,12276500,"B"
"DXG","13:41:08",19.35,-0.05,3000,12276400,"B"
"DXG","13:41:06",19.35,-0.05,20000,12273400,"S"
"DXG","13:41:06",19.3,-0.1,2200,12253400,"S"
"DXG","13:41:04",19.3,-0.1,500,12251200,"S"
"DXG","13:41:04",19.3,-0.1,500,12250700,"S"
"DXG","13:41:00",19.3,-0.1,200,12250200,"S"
"DXG","13:40:59",19.3,-0.1,13400,12250000,"B"
"DXG","13:40:58",19.3,-0.1,9800,12236600,"B"
"DXG","13:40:58",19.35,-0.05,1700,12226800,"B"
"DXG","13:40:57",19.35,-0.05,400,12225100,"B"
"DXG","13:40:57",19.35,-0.05,41000,12224700,"S"
"DXG","13:40:54",19.35,-0.05,1500,12183700,"S"
"DXG","13:40:48",19.35,-0.05,3000,12182200,"S"
"DXG","13:40:47",19.3,-0.1,100,12179200,"B"
"DXG","13:40:47",19.35,-0.05,1000,12179100,"S"
"DXG","13:40:46",19.35,-0.05,100,12178100,"S"
"DXG","13:40:44",19.35,-0.05,200,12178000,"S"
"DXG","13:40:43",19.35,-0.05,300,12177800,"S"
"DXG","13:40:41",19.35,-0.05,1000,12177500,"S"
"DXG","13:40:39",19.35,-0.05,24900,12176500,"B"
"DXG","13:40:33",19.4,0,100,12151600,"S"
"DXG","13:40:29",19.35,-0.05,500,12151500,"B"
"DXG","13:40:28",19.4,0,1500,12151000,"S"
"DXG","13:40:28",19.35,-0.05,300,12149500,"B"
"DXG","13:40:22",19.35,-0.05,100,12149200,"B"
"DXG","13:40:21",19.35,-0.05,3000,12149100,"B"
"DXG","13:40:12",19.35,-0.05,200,12146100,"B"
"DXG","13:40:11",19.35,-0.05,1000,12145900,"B"
"DXG","13:40:09",19.35,-0.05,5000,12144900,"B"
"DXG","13:40:08",19.4,0,15000,12139900,"S"
"DXG","13:40:05",19.4,0,500,12124900,"S"
"DXG","13:40:02",19.4,0,100,12124400,"S"
"DXG","13:40:01",19.4,0,200,12124300,"S"
"DXG","13:39:59",19.4,0,200,12124100,"S"
"DXG","13:39:57",19.35,-0.05,100,12122900,"B"
"DXG","13:39:56",19.4,0,400,12120800,"S"
"DXG","13:39:52",19.35,-0.05,200,12120400,"B"
"DXG","13:39:49",19.4,0,500,12120200,"S"
"DXG","13:39:48",19.4,0,500,12119700,"S"
"DXG","13:39:47",19.4,0,2500,12119200,"S"
"DXG","13:39:46",19.4,0,500,12116700,"S"
"DXG","13:39:44",19.4,0,1000,12116200,"S"
"DXG","13:39:38",19.4,0,2000,12115200,"S"
"DXG","13:39:37",19.4,0,6000,12113200,"S"
"DXG","13:39:34",19.4,0,200,12107200,"S"
"DXG","13:39:31",19.4,0,18100,12107000,"S"
"DXG","13:39:31",19.4,0,3000,12088900,"S"
"DXG","13:39:31",19.35,-0.05,1000,12085900,"B"
"DXG","13:39:31",19.4,0,5000,12084900,"S"
"DXG","13:39:29",19.4,0,100,12079900,"S"
"DXG","13:39:27",19.4,0,7100,12079800,"S"
"DXG","13:39:27",19.4,0,5000,12072700,"S"
"DXG","13:39:23",19.4,0,3000,12067700,"S"
"DXG","13:39:22",19.4,0,1200,12064700,"S"
"DXG","13:39:18",19.4,0,4000,12063500,"S"
"DXG","13:39:17",19.35,-0.05,10000,12059500,"B"
"DXG","13:39:17",19.4,0,1000,12049500,"S"
"DXG","13:39:04",19.4,0,200,12048500,"S"
"DXG","13:39:01",19.4,0,6000,12048300,"S"
"DXG","13:39:00",19.35,-0.05,300,12042300,"B"
"DXG","13:38:59",19.4,0,400,12042000,"S"
"DXG","13:38:56",19.35,-0.05,700,12041600,"B"
"DXG","13:38:49",19.4,0,100,12040900,"S"
"DXG","13:38:48",19.4,0,1900,12040800,"S"
"DXG","13:38:41",19.35,-0.05,3100,12038900,"S"
"DXG","13:38:40",19.35,-0.05,1000,12035800,"S"
"DXG","13:38:40",19.3,-0.1,300,12034800,"B"
"DXG","13:38:38",19.3,-0.1,4000,12034500,"B"
"DXG","13:38:37",19.35,-0.05,5000,12030500,"S"
"DXG","13:38:36",19.3,-0.1,5000,12025500,"B"
"DXG","13:38:35",19.35,-0.05,4000,12020500,"S"
"DXG","13:38:35",19.35,-0.05,11500,12016500,"S"
"DXG","13:38:33",19.35,-0.05,200,12005000,"S"
"DXG","13:38:29",19.35,-0.05,600,12004800,"S"
"DXG","13:38:27",19.35,-0.05,12000,12004200,"B"
"DXG","13:38:22",19.35,-0.05,1000,11992200,"S"
"DXG","13:38:22",19.35,-0.05,500,11991200,"S"
"DXG","13:38:20",19.35,-0.05,100,11990700,"S"
"DXG","13:38:19",19.35,-0.05,500,11990600,"S"
"DXG","13:38:19",19.35,-0.05,12300,11990100,"S"
"DXG","13:38:17",19.35,-0.05,800,11977800,"S"
"DXG","13:38:16",19.35,-0.05,400,11977000,"S"
"DXG","13:38:16",19.35,-0.05,100,11976600,"S"
"DXG","13:38:12",19.35,-0.05,9000,11976500,"S"
"DXG","13:38:10",19.35,-0.05,200,11967500,"S"
"DXG","13:38:03",19.35,-0.05,9100,11967300,"S"
"DXG","13:38:03",19.3,-0.1,900,11958200,"S"
"DXG","13:38:02",19.3,-0.1,5000,11957300,"S"
"DXG","13:38:01",19.3,-0.1,5000,11952300,"S"
"DXG","13:38:00",19.3,-0.1,4000,11947300,"S"
"DXG","13:38:00",19.3,-0.1,500,11943300,"S"
"DXG","13:37:59",19.3,-0.1,8000,11942800,"S"
"DXG","13:37:59",19.3,-0.1,5000,11934800,"S"
"DXG","13:37:58",19.3,-0.1,1000,11929800,"S"
"DXG","13:37:57",19.3,-0.1,3000,11928800,"S"
"DXG","13:37:56",19.3,-0.1,1000,11925800,"S"
"DXG","13:37:54",19.3,-0.1,100,11924800,"S"
"DXG","13:37:53",19.3,-0.1,1000,11924700,"S"
"DXG","13:37:52",19.3,-0.1,300,11923700,"S"
"DXG","13:37:51",19.3,-0.1,20000,11923400,"S"
"DXG","13:37:50",19.3,-0.1,1300,11903400,"S"
"DXG","13:37:46",19.3,-0.1,2000,11902100,"S"
"DXG","13:37:45",19.3,-0.1,400,11900100,"S"
"DXG","13:37:41",19.3,-0.1,10800,11899700,"S"
"DXG","13:37:38",19.3,-0.1,800,11888900,"S"
"DXG","13:37:35",19.3,-0.1,400,11888100,"S"
"DXG","13:37:33",19.3,-0.1,100,11887700,"S"
"DXG","13:37:25",19.25,-0.15,400,11887600,"B"
"DXG","13:37:24",19.3,-0.1,2400,11887200,"S"
"DXG","13:37:24",19.3,-0.1,500,11884800,"S"
"DXG","13:37:22",19.25,-0.15,8700,11884300,"S"
"DXG","13:37:20",19.25,-0.15,700,11875600,"S"
"DXG","13:37:19",19.25,-0.15,2000,11874900,"S"
"DXG","13:37:17",19.25,-0.15,10000,11872900,"S"
"DXG","13:37:15",19.25,-0.15,200,11862900,"S"
"DXG","13:37:14",19.25,-0.15,6000,11862700,"S"
"DXG","13:37:12",19.25,-0.15,200,11856700,"S"
"DXG","13:37:11",19.25,-0.15,300,11856500,"S"
"DXG","13:37:07",19.25,-0.15,500,11856200,"S"
"DXG","13:36:56",19.25,-0.15,3000,11855700,"S"
"DXG","13:36:49",19.2,-0.2,4300,11852700,"B"
"DXG","13:36:47",19.2,-0.2,500,11848400,"S"
"DXG","13:36:46",19.2,-0.2,500,11847900,"S"
"DXG","13:36:45",19.2,-0.2,1000,11847400,"S"
"DXG","13:36:44",19.2,-0.2,1800,11846400,"S"
"DXG","13:36:44",19.2,-0.2,1200,11844600,"S"
"DXG","13:36:43",19.2,-0.2,300,11843400,"S"
"DXG","13:36:43",19.15,-0.25,1100,11843100,"B"
"DXG","13:36:42",19.2,-0.2,500,11842000,"S"
"DXG","13:36:40",19.2,-0.2,2000,11841500,"S"
"DXG","13:36:38",19.2,-0.2,100,11839500,"S"
"DXG","13:36:37",19.2,-0.2,100,11839400,"S"
"DXG","13:36:36",19.2,-0.2,2000,11839300,"S"
"DXG","13:36:36",19.2,-0.2,20000,11837300,"S"
"DXG","13:36:34",19.2,-0.2,1000,11817300,"S"
"DXG","13:36:34",19.2,-0.2,4000,11816300,"S"
"DXG","13:36:30",19.2,-0.2,500,11812300,"S"
"DXG","13:36:29",19.2,-0.2,400,11811800,"S"
"DXG","13:36:26",19.2,-0.2,4300,11811400,"S"
"DXG","13:36:25",19.2,-0.2,1200,11807100,"S"
"DXG","13:36:24",19.2,-0.2,300,11805900,"S"
"DXG","13:36:22",19.2,-0.2,5000,11805600,"S"
"DXG","13:36:21",19.2,-0.2,100,11800600,"S"
"DXG","13:36:19",19.2,-0.2,1500,11800500,"S"
"DXG","13:36:18",19.2,-0.2,1000,11799000,"S"
"DXG","13:36:13",19.2,-0.2,1800,11798000,"S"
"DXG","13:36:13",19.2,-0.2,100,11796200,"S"
"DXG","13:36:12",19.2,-0.2,2000,11796100,"S"
"DXG","13:36:11",19.2,-0.2,1000,11794100,"S"
"DXG","13:36:09",19.2,-0.2,200,11793100,"S"
"DXG","13:36:08",19.2,-0.2,100,11792900,"S"
"DXG","13:36:05",19.2,-0.2,7000,11792800,"S"
"DXG","13:36:05",19.15,-0.25,200,11785800,"B"
"DXG","13:36:02",19.2,-0.2,100,11785600,"S"
"DXG","13:36:01",19.2,-0.2,2600,11785500,"S"
"DXG","13:35:59",19.2,-0.2,5000,11782900,"S"
"DXG","13:35:55",19.2,-0.2,600,11777900,"S"
"DXG","13:35:53",19.2,-0.2,2000,11777300,"S"
"DXG","13:35:52",19.2,-0.2,200,11775300,"S"
"DXG","13:35:51",19.15,-0.25,300,11775100,"B"
"DXG","13:35:47",19.2,-0.2,600,11774800,"S"
"DXG","13:35:46",19.2,-0.2,300,11774200,"S"
"DXG","13:35:27",19.15,-0.25,66100,11773900,"S"
"DXG","13:35:25",19.15,-0.25,3200,11707800,"S"
"DXG","13:35:25",19.15,-0.25,100,11704600,"S"
"DXG","13:35:23",19.15,-0.25,100,11704500,"S"
"DXG","13:35:20",19.15,-0.25,3000,11704400,"S"
"DXG","13:35:18",19.15,-0.25,10200,11701400,"S"
"DXG","13:35:15",19.15,-0.25,100,11691200,"S"
"DXG","13:35:11",19.15,-0.25,41000,11691100,"S"
"DXG","13:35:02",19.15,-0.25,200,11650100,"S"
"DXG","13:34:56",19.1,-0.3,5000,11649900,"B"
"DXG","13:34:49",19.15,-0.25,2000,11644900,"S"
"DXG","13:34:48",19.15,-0.25,400,11642900,"S"
"DXG","13:34:36",19.15,-0.25,10000,11642500,"S"
"DXG","13:34:28",19.1,-0.3,500,11632500,"B"
"DXG","13:34:26",19.15,-0.25,300,11632000,"S"
"DXG","13:34:23",19.15,-0.25,5000,11631700,"S"
"DXG","13:34:14",19.15,-0.25,5000,11626700,"S"
"DXG","13:34:04",19.15,-0.25,10000,11621700,"S"
"DXG","13:33:52",19.15,-0.25,700,11611700,"S"
"DXG","13:33:49",19.15,-0.25,4000,11611000,"S"
"DXG","13:33:48",19.15,-0.25,200,11607000,"S"
"DXG","13:33:43",19.15,-0.25,500,11606800,"S"
"DXG","13:33:41",19.15,-0.25,500,11606300,"S"
"DXG","13:33:21",19.1,-0.3,100,11605800,"B"
"DXG","13:33:20",19.1,-0.3,400,11605700,"B"
"DXG","13:33:12",19.1,-0.3,100,11605300,"B"
"DXG","13:33:06",19.1,-0.3,500,11605200,"B"
"DXG","13:33:05",19.1,-0.3,2500,11604700,"S"
"DXG","13:33:00",19.1,-0.3,10000,11602200,"S"
"DXG","13:32:56",19.1,-0.3,1000,11592200,"S"
"DXG","13:32:54",19.1,-0.3,100,11591200,"S"
"DXG","13:32:53",19.1,-0.3,1000,11591100,"S"
"DXG","13:32:52",19.1,-0.3,18900,11590100,"B"
"DXG","13:32:46",19.1,-0.3,500,11571200,"B"
"DXG","13:32:39",19.1,-0.3,500,11570700,"B"
"DXG","13:32:38",19.1,-0.3,1000,11570200,"B"
"DXG","13:32:37",19.1,-0.3,400,11569200,"B"
"DXG","13:32:35",19.1,-0.3,3700,11568800,"B"
"DXG","13:32:33",19.1,-0.3,5000,11565100,"B"
"DXG","13:32:31",19.1,-0.3,4500,11560100,"B"
"DXG","13:32:24",19.1,-0.3,500,11555600,"B"
"DXG","13:32:18",19.1,-0.3,2000,11555100,"B"
"DXG","13:32:16",19.1,-0.3,10000,11551700,"B"
"DXG","13:32:14",19.1,-0.3,300,11541700,"B"
"DXG","13:32:06",19.1,-0.3,3000,11541400,"B"
"DXG","13:32:03",19.15,-0.25,500,11538400,"S"
"DXG","13:32:00",19.1,-0.3,3600,11537900,"B"
"DXG","13:31:54",19.1,-0.3,2000,11534300,"B"
"DXG","13:31:50",19.15,-0.25,100,11532300,"S"
"DXG","13:31:49",19.1,-0.3,2000,11532200,"B"
"DXG","13:31:21",19.15,-0.25,100,11530200,"S"
"DXG","13:31:18",19.1,-0.3,100,11530100,"B"
"DXG","13:31:09",19.15,-0.25,100,11530000,"S"
"DXG","13:31:08",19.15,-0.25,200,11529900,"S"
"DXG","13:30:53",19.15,-0.25,500,11529700,"S"
"DXG","13:30:52",19.1,-0.3,3000,11529200,"B"
"DXG","13:30:49",19.15,-0.25,10000,11526200,"S"
"DXG","13:30:41",19.15,-0.25,10100,11516200,"S"
"DXG","13:30:37",19.15,-0.25,100,11506100,"S"
"DXG","13:30:26",19.15,-0.25,500,11506000,"S"
"DXG","13:30:18",19.1,-0.3,2100,11505500,"B"
"DXG","13:30:18",19.15,-0.25,3200,11503400,"B"
"DXG","13:30:17",19.15,-0.25,10000,11500200,"B"
"DXG","13:30:13",19.15,-0.25,30000,11490200,"B"
"DXG","13:30:11",19.15,-0.25,6800,11460200,"S"
"DXG","13:30:11",19.1,-0.3,100,11453400,"B"
"DXG","13:30:10",19.15,-0.25,300,11453300,"S"
"DXG","13:30:09",19.15,-0.25,10000,11453000,"S"
"DXG","13:30:08",19.15,-0.25,400,11443000,"S"
"DXG","13:30:08",19.1,-0.3,2500,11442600,"B"
"DXG","13:30:07",19.1,-0.3,2500,11440100,"B"
"DXG","13:30:03",19.1,-0.3,100,11437600,"B"
"DXG","13:30:02",19.1,-0.3,100,11437500,"B"
"DXG","13:30:00",19.1,-0.3,100,11437400,"B"
"DXG","13:29:59",19.1,-0.3,1300,11437300,"B"
"DXG","13:29:52",19.1,-0.3,2000,11436000,"B"
"DXG","13:29:50",19.15,-0.25,1000,11434000,"S"
"DXG","13:29:47",19.15,-0.25,200,11433000,"S"
"DXG","13:29:41",19.15,-0.25,10000,11432800,"S"
"DXG","13:29:41",19.1,-0.3,500,11422800,"B"
"DXG","13:29:36",19.15,-0.25,500,11422300,"S"
"DXG","13:29:33",19.1,-0.3,400,11421800,"B"
"DXG","13:29:33",19.1,-0.3,600,11421400,"B"
"DXG","13:29:23",19.1,-0.3,9600,11420800,"B"
"DXG","13:29:22",19.15,-0.25,4100,11411200,"B"
"DXG","13:29:20",19.15,-0.25,600,11407100,"B"
"DXG","13:29:19",19.15,-0.25,2800,11406500,"S"
"DXG","13:29:19",19.15,-0.25,1200,11403700,"B"
"DXG","13:29:16",19.15,-0.25,100,11402500,"B"
"DXG","13:29:16",19.15,-0.25,500,11402400,"B"
"DXG","13:29:15",19.15,-0.25,500,11401900,"B"
"DXG","13:29:14",19.15,-0.25,400,11401400,"B"
"DXG","13:29:13",19.15,-0.25,200,11401000,"B"
"DXG","13:29:12",19.15,-0.25,1000,11400800,"B"
"DXG","13:29:10",19.15,-0.25,100,11399800,"B"
"DXG","13:29:09",19.15,-0.25,2000,11399700,"B"
"DXG","13:29:07",19.15,-0.25,1000,11397700,"B"
"DXG","13:29:07",19.15,-0.25,500,11396700,"B"
"DXG","13:29:06",19.15,-0.25,500,11396200,"B"
"DXG","13:28:59",19.15,-0.25,2000,11395700,"B"
"DXG","13:28:57",19.15,-0.25,500,11393700,"B"
"DXG","13:28:55",19.15,-0.25,100,11393200,"B"
"DXG","13:28:54",19.15,-0.25,100,11393100,"B"
"DXG","13:28:52",19.15,-0.25,2000,11393000,"B"
"DXG","13:28:48",19.15,-0.25,2000,11391000,"B"
"DXG","13:28:46",19.15,-0.25,100,11389000,"B"
"DXG","13:28:45",19.15,-0.25,200,11388900,"B"
"DXG","13:28:43",19.2,-0.2,5400,11388700,"S"
"DXG","13:28:39",19.2,-0.2,2600,11383300,"S"
"DXG","13:28:38",19.15,-0.25,100,11373300,"B"
"DXG","13:28:35",19.15,-0.25,10000,11373200,"B"
"DXG","13:28:27",19.15,-0.25,700,11363200,"B"
"DXG","13:28:24",19.2,-0.2,1200,11362500,"S"
"DXG","13:28:17",19.2,-0.2,100,11361300,"S"
"DXG","13:28:15",19.2,-0.2,20000,11361200,"S"
"DXG","13:28:09",19.2,-0.2,500,11341200,"S"
"DXG","13:28:08",19.2,-0.2,7000,11340700,"S"
"DXG","13:28:05",19.2,-0.2,15800,11333700,"B"
"DXG","13:28:03",19.2,-0.2,300,11317900,"B"
"DXG","13:28:01",19.25,-0.15,1000,11317600,"S"
"DXG","13:27:57",19.2,-0.2,100,11315600,"B"
"DXG","13:27:54",19.2,-0.2,500,11315500,"B"
"DXG","13:27:49",19.2,-0.2,100,11315000,"B"
"DXG","13:27:49",19.2,-0.2,700,11314900,"B"
"DXG","13:27:48",19.2,-0.2,400,11314200,"B"
"DXG","13:27:43",19.2,-0.2,1200,11313800,"B"
"DXG","13:27:42",19.2,-0.2,7500,11312600,"B"
"DXG","13:27:41",19.2,-0.2,300,11305100,"B"
"DXG","13:27:37",19.2,-0.2,400,11304800,"B"
"DXG","13:27:36",19.2,-0.2,11000,11304400,"B"
"DXG","13:27:33",19.2,-0.2,1000,11293400,"B"
"DXG","13:27:32",19.2,-0.2,2000,11292400,"B"
"DXG","13:27:32",19.2,-0.2,3300,11290400,"S"
"DXG","13:27:29",19.2,-0.2,10000,11287100,"S"
"DXG","13:27:26",19.2,-0.2,100,11277100,"S"
"DXG","13:27:26",19.15,-0.25,1000,11277000,"B"
"DXG","13:27:25",19.2,-0.2,1200,11276000,"S"
"DXG","13:27:25",19.2,-0.2,12400,11274800,"S"
"DXG","13:27:23",19.2,-0.2,1000,11262400,"S"
"DXG","13:27:14",19.2,-0.2,1000,11261400,"S"
"DXG","13:27:14",19.2,-0.2,5000,11260400,"S"
"DXG","13:27:13",19.2,-0.2,1000,11255400,"S"
"DXG","13:27:12",19.2,-0.2,300,11254400,"S"
"DXG","13:27:11",19.15,-0.25,10000,11254100,"B"
"DXG","13:27:10",19.2,-0.2,300,11244100,"S"
"DXG","13:27:06",19.2,-0.2,2000,11243800,"S"
"DXG","13:27:06",19.15,-0.25,3000,11241800,"B"
"DXG","13:27:04",19.2,-0.2,1000,11238800,"S"
"DXG","13:27:03",19.2,-0.2,500,11237800,"S"
"DXG","13:27:02",19.2,-0.2,10000,11237300,"S"
"DXG","13:26:59",19.2,-0.2,1000,11227300,"S"
"DXG","13:26:57",19.2,-0.2,1000,11226300,"S"
"DXG","13:26:56",19.2,-0.2,10100,11225300,"S"
"DXG","13:26:54",19.2,-0.2,6600,11215200,"B"
"DXG","13:26:53",19.2,-0.2,300,11208600,"B"
"DXG","13:26:52",19.2,-0.2,3000,11208300,"B"
"DXG","13:26:51",19.25,-0.15,800,11205300,"S"
"DXG","13:26:51",19.2,-0.2,100,11204500,"B"
"DXG","13:26:51",19.2,-0.2,15000,11204400,"B"
"DXG","13:26:48",19.2,-0.2,20500,11189400,"B"
"DXG","13:26:47",19.2,-0.2,100,11168900,"B"
"DXG","13:26:45",19.25,-0.15,1500,11168800,"S"
"DXG","13:26:45",19.25,-0.15,500,11167300,"S"
"DXG","13:26:40",19.25,-0.15,100,11166800,"S"
"DXG","13:26:37",19.25,-0.15,1000,11166700,"S"
"DXG","13:26:36",19.2,-0.2,500,11165700,"B"
"DXG","13:26:36",19.25,-0.15,400,11165200,"S"
"DXG","13:26:32",19.25,-0.15,8700,11164800,"S"
"DXG","13:26:29",19.25,-0.15,1000,11156100,"S"
"DXG","13:26:28",19.25,-0.15,100,11155100,"S"
"DXG","13:26:25",19.25,-0.15,100,11155000,"S"
"DXG","13:26:25",19.25,-0.15,200,11154900,"B"
"DXG","13:26:24",19.3,-0.1,100,11154700,"S"
"DXG","13:26:24",19.25,-0.15,600,11154600,"S"
"DXG","13:26:21",19.25,-0.15,500,11154000,"B"
"DXG","13:26:20",19.25,-0.15,19500,11153500,"S"
"DXG","13:26:18",19.25,-0.15,100,11134000,"S"
"DXG","13:26:17",19.25,-0.15,12000,11133900,"S"
"DXG","13:26:17",19.25,-0.15,1000,11121900,"S"
"DXG","13:26:15",19.25,-0.15,5000,11120900,"S"
"DXG","13:26:14",19.25,-0.15,1000,11115900,"S"
"DXG","13:26:13",19.25,-0.15,2900,11114900,"B"
"DXG","13:26:09",19.25,-0.15,400,11112000,"S"
"DXG","13:26:08",19.25,-0.15,1000,11111600,"S"
"DXG","13:26:07",19.25,-0.15,1000,11110600,"S"
"DXG","13:26:05",19.25,-0.15,27600,11109600,"B"
"DXG","13:26:05",19.3,-0.1,5000,11082000,"S"
"DXG","13:26:01",19.25,-0.15,100,11077000,"B"
"DXG","13:25:49",19.25,-0.15,200,11076900,"B"
"DXG","13:25:44",19.25,-0.15,6600,11076700,"S"
"DXG","13:25:43",19.25,-0.15,3000,11070100,"S"
"DXG","13:25:40",19.25,-0.15,100,11067100,"S"
"DXG","13:25:39",19.25,-0.15,10000,11067000,"S"
"DXG","13:25:32",19.25,-0.15,20000,11057000,"S"
"DXG","13:25:30",19.25,-0.15,2000,11037000,"S"
"DXG","13:25:26",19.2,-0.2,800,11035000,"B"
"DXG","13:25:25",19.2,-0.2,500,11034200,"B"
"DXG","13:25:18",19.2,-0.2,2500,11033700,"B"
"DXG","13:25:16",19.2,-0.2,1000,11031200,"S"
"DXG","13:25:15",19.2,-0.2,100,11030200,"S"
"DXG","13:25:14",19.2,-0.2,1000,11030100,"S"
"DXG","13:25:14",19.2,-0.2,900,11029100,"B"
"DXG","13:25:10",19.2,-0.2,1900,11028200,"S"
"DXG","13:25:07",19.2,-0.2,3300,11026300,"S"
"DXG","13:25:05",19.2,-0.2,600,11023000,"S"
"DXG","13:25:05",19.2,-0.2,200,11022400,"S"
"DXG","13:25:02",19.2,-0.2,1000,11022200,"S"
"DXG","13:25:01",19.2,-0.2,20000,11021200,"S"
"DXG","13:24:56",19.2,-0.2,1000,11001200,"S"
"DXG","13:24:56",19.2,-0.2,5100,11000200,"S"
"DXG","13:24:53",19.2,-0.2,2000,10995100,"S"
"DXG","13:24:52",19.2,-0.2,22000,10993100,"S"
"DXG","13:24:50",19.2,-0.2,1500,10971100,"S"
"DXG","13:24:50",19.2,-0.2,10000,10969600,"S"
"DXG","13:24:48",19.2,-0.2,500,10959600,"S"
"DXG","13:24:46",19.2,-0.2,100,10959100,"S"
"DXG","13:24:36",19.2,-0.2,100,10959000,"S"
"DXG","13:24:34",19.2,-0.2,500,10958900,"S"
"DXG","13:24:32",19.2,-0.2,4000,10958400,"S"
"DXG","13:24:32",19.2,-0.2,1000,10954400,"S"
"DXG","13:24:30",19.2,-0.2,5000,10953400,"S"
"DXG","13:24:28",19.2,-0.2,300,10948400,"S"
"DXG","13:24:27",19.15,-0.25,500,10948100,"B"
"DXG","13:24:23",19.2,-0.2,1000,10947600,"S"
"DXG","13:24:21",19.2,-0.2,2000,10946600,"S"
"DXG","13:24:17",19.2,-0.2,4000,10944600,"S"
"DXG","13:24:15",19.15,-0.25,500,10940600,"B"
"DXG","13:24:14",19.15,-0.25,5300,10940100,"S"
"DXG","13:24:12",19.15,-0.25,3500,10934800,"S"
"DXG","13:24:11",19.15,-0.25,25200,10931300,"B"
"DXG","13:24:09",19.2,-0.2,1600,10906100,"S"
"DXG","13:24:06",19.15,-0.25,200,10904500,"B"
"DXG","13:24:03",19.15,-0.25,500,10904300,"B"
"DXG","13:24:02",19.15,-0.25,3800,10903800,"B"
"DXG","13:23:57",19.15,-0.25,100,10900000,"B"
"DXG","13:23:57",19.2,-0.2,10000,10899900,"S"
"DXG","13:23:52",19.2,-0.2,800,10889900,"S"
"DXG","13:23:52",19.15,-0.25,4200,10889100,"S"
"DXG","13:23:51",19.15,-0.25,300,10884900,"S"
"DXG","13:23:50",19.15,-0.25,27800,10884600,"B"
"DXG","13:23:49",19.15,-0.25,4200,10856800,"S"
"DXG","13:23:45",19.15,-0.25,4000,10852600,"S"
"DXG","13:23:43",19.15,-0.25,17000,10848600,"B"
"DXG","13:23:40",19.15,-0.25,23100,10831600,"S"
"DXG","13:23:38",19.15,-0.25,5200,10808500,"B"
"DXG","13:23:34",19.15,-0.25,5300,10803300,"S"
"DXG","13:23:33",19.15,-0.25,500,10798000,"S"
"DXG","13:23:31",19.15,-0.25,500,10797500,"S"
"DXG","13:23:29",19.15,-0.25,8700,10797000,"S"
"DXG","13:23:28",19.15,-0.25,9800,10788300,"S"
"DXG","13:23:26",19.15,-0.25,100,10778500,"S"
"DXG","13:23:25",19.15,-0.25,1900,10778400,"S"
"DXG","13:23:23",19.1,-0.3,1000,10776500,"B"
"DXG","13:23:22",19.15,-0.25,4400,10775500,"S"
"DXG","13:23:19",19.15,-0.25,10000,10771100,"S"
"DXG","13:23:18",19.15,-0.25,500,10761100,"S"
"DXG","13:23:15",19.15,-0.25,300,10760600,"S"
"DXG","13:23:10",19.15,-0.25,20000,10760300,"S"
"DXG","13:23:06",19.1,-0.3,300,10740300,"B"
"DXG","13:23:06",19.15,-0.25,600,10740000,"S"
"DXG","13:22:56",19.1,-0.3,1000,10739400,"B"
"DXG","13:22:54",19.1,-0.3,300,10738400,"B"
"DXG","13:22:50",19.1,-0.3,18100,10738100,"S"
"DXG","13:22:50",19.05,-0.35,400,10720000,"B"
"DXG","13:22:49",19.1,-0.3,2700,10719600,"S"
"DXG","13:22:47",19.1,-0.3,1800,10716900,"S"
"DXG","13:22:47",19.1,-0.3,500,10715100,"S"
"DXG","13:22:46",19.1,-0.3,1500,10714600,"S"
"DXG","13:22:45",19.1,-0.3,10500,10713100,"S"
"DXG","13:22:43",19.1,-0.3,1000,10702600,"S"
"DXG","13:22:41",19.1,-0.3,100,10701600,"S"
"DXG","13:22:41",19.1,-0.3,300,10701500,"S"
"DXG","13:22:37",19.1,-0.3,20000,10701200,"S"
"DXG","13:22:35",19.05,-0.35,5000,10681200,"B"
"DXG","13:22:31",19.1,-0.3,5000,10676200,"S"
"DXG","13:22:27",19.1,-0.3,1000,10671200,"S"
"DXG","13:22:25",19.05,-0.35,5000,10670200,"B"
"DXG","13:22:21",19.1,-0.3,600,10665200,"S"
"DXG","13:22:17",19.1,-0.3,1000,10664600,"S"
"DXG","13:22:14",19.05,-0.35,5000,10663600,"B"
"DXG","13:22:14",19.1,-0.3,5000,10658600,"S"
"DXG","13:22:12",19.1,-0.3,9000,10653600,"S"
"DXG","13:22:10",19.1,-0.3,3000,10644600,"S"
"DXG","13:22:09",19.1,-0.3,10000,10641600,"S"
"DXG","13:22:08",19.1,-0.3,10000,10631600,"S"
"DXG","13:22:07",19.1,-0.3,400,10621600,"S"
"DXG","13:22:07",19.1,-0.3,500,10621200,"S"
"DXG","13:22:06",19.1,-0.3,5000,10620700,"S"
"DXG","13:22:05",19.1,-0.3,100,10615700,"S"
"DXG","13:22:04",19.1,-0.3,4200,10615600,"S"
"DXG","13:22:01",19.1,-0.3,5900,10611400,"S"
"DXG","13:21:59",19.1,-0.3,2000,10605500,"S"
"DXG","13:21:56",19.1,-0.3,5000,10603500,"S"
"DXG","13:21:53",19.1,-0.3,5000,10598500,"S"
"DXG","13:21:50",19.1,-0.3,2600,10593500,"S"
"DXG","13:21:40",19.05,-0.35,6200,10590900,"S"
"DXG","13:21:40",19.05,-0.35,100,10584700,"S"
"DXG","13:21:39",19.05,-0.35,100,10584600,"S"
"DXG","13:21:38",19.05,-0.35,300,10584500,"S"
"DXG","13:21:37",19,-0.4,10000,10584200,"B"
"DXG","13:21:36",19.05,-0.35,1000,10574200,"S"
"DXG","13:21:36",19.05,-0.35,200,10573200,"S"
"DXG","13:21:35",19.05,-0.35,1000,10573000,"S"
"DXG","13:21:34",19.05,-0.35,12100,10572000,"S"
"DXG","13:21:33",19.05,-0.35,10000,10559900,"S"
"DXG","13:21:31",19.05,-0.35,300,10549900,"S"
"DXG","13:21:29",19.05,-0.35,100,10549600,"S"
"DXG","13:21:26",19.05,-0.35,2000,10549500,"S"
"DXG","13:21:23",19.05,-0.35,2500,10547500,"S"
"DXG","13:21:22",19.05,-0.35,1000,10545000,"S"
"DXG","13:21:17",19.05,-0.35,5000,10544000,"S"
"DXG","13:21:15",19.05,-0.35,1200,10539000,"S"
"DXG","13:21:07",19.05,-0.35,1100,10537800,"S"
"DXG","13:20:54",19.05,-0.35,700,10536700,"S"
"DXG","13:20:47",19.05,-0.35,100,10536000,"S"
"DXG","13:20:46",19.05,-0.35,1000,10535900,"S"
"DXG","13:20:45",19.05,-0.35,200,10534900,"S"
"DXG","13:20:39",19,-0.4,300,10534700,"B"
"DXG","13:20:32",19,-0.4,15200,10534400,"B"
"DXG","13:20:27",19,-0.4,2000,10519200,"B"
"DXG","13:20:16",19,-0.4,2300,10517200,"S"
"DXG","13:20:15",19,-0.4,500,10514900,"S"
"DXG","13:20:15",19,-0.4,300,10514400,"S"
"DXG","13:20:14",19,-0.4,200,10514100,"S"
"DXG","13:20:12",19,-0.4,500,10513900,"S"
"DXG","13:20:11",19,-0.4,100,10513400,"S"
"DXG","13:20:09",19,-0.4,1100,10513300,"B"
"DXG","13:20:07",19,-0.4,100,10512200,"S"
"DXG","13:20:06",19,-0.4,4500,10512100,"S"
"DXG","13:20:05",19,-0.4,900,10507600,"S"
"DXG","13:20:03",19,-0.4,500,10506700,"S"
"DXG","13:20:01",19,-0.4,100,10506200,"S"
"DXG","13:19:48",19,-0.4,200,10506100,"S"
"DXG","13:19:47",19,-0.4,11900,10505900,"B"
"DXG","13:19:45",19,-0.4,20000,10494000,"B"
"DXG","13:19:35",19,-0.4,100,10474000,"B"
"DXG","13:19:24",19,-0.4,200,10473900,"S"
"DXG","13:19:23",19,-0.4,9600,10473700,"S"
"DXG","13:19:22",19,-0.4,10600,10464100,"S"
"DXG","13:19:21",19,-0.4,1000,10453500,"S"
"DXG","13:19:21",18.95,-0.45,3700,10452500,"B"
"DXG","13:19:20",18.95,-0.45,16300,10448800,"B"
"DXG","13:19:20",19,-0.4,9400,10432500,"S"
"DXG","13:19:20",19,-0.4,10600,10423100,"S"
"DXG","13:19:19",19,-0.4,10000,10412500,"S"
"DXG","13:19:17",18.95,-0.45,1000,10402500,"B"
"DXG","13:19:15",19,-0.4,2200,10401500,"S"
"DXG","13:19:12",19,-0.4,113700,10399300,"S"
"DXG","13:19:10",19,-0.4,17800,10285600,"S"
"DXG","13:19:09",19,-0.4,12200,10267800,"S"
"DXG","13:18:54",18.95,-0.45,5000,10255600,"B"
"DXG","13:18:52",18.95,-0.45,5000,10250600,"B"
"DXG","13:18:48",19,-0.4,5000,10245600,"S"
"DXG","13:18:47",19,-0.4,4400,10240600,"S"
"DXG","13:18:41",18.95,-0.45,10000,10236200,"B"
"DXG","13:18:40",19,-0.4,2000,10226200,"S"
"DXG","13:18:39",18.95,-0.45,500,10224200,"B"
"DXG","13:18:38",19,-0.4,300,10223700,"S"
"DXG","13:18:30",19,-0.4,100,10223400,"S"
"DXG","13:18:25",19,-0.4,10000,10223300,"S"
"DXG","13:18:22",18.95,-0.45,800,10213300,"B"
"DXG","13:18:18",18.95,-0.45,4000,10212500,"B"
"DXG","13:18:17",18.95,-0.45,200,10208500,"B"
"DXG","13:18:05",18.95,-0.45,4000,10208300,"B"
"DXG","13:18:00",18.95,-0.45,10000,10204300,"B"
"DXG","13:17:59",18.95,-0.45,10000,10194300,"B"
"DXG","13:17:58",19,-0.4,500,10184300,"S"
"DXG","13:17:56",18.95,-0.45,100,10183800,"B"
"DXG","13:17:52",18.95,-0.45,1500,10183700,"B"
"DXG","13:17:49",19,-0.4,500,10182200,"S"
"DXG","13:17:48",19,-0.4,500,10181700,"S"
"DXG","13:17:46",19,-0.4,100,10181200,"S"
"DXG","13:17:39",19,-0.4,800,10181100,"S"
"DXG","13:17:22",18.95,-0.45,5000,10180300,"B"
"DXG","13:17:19",18.95,-0.45,5000,10175300,"B"
"DXG","13:17:07",18.95,-0.45,4000,10170300,"B"
"DXG","13:16:59",18.95,-0.45,4200,10166300,"S"
"DXG","13:16:58",18.95,-0.45,100,10162100,"S"
"DXG","13:16:50",18.95,-0.45,2600,10162000,"S"
"DXG","13:16:49",18.95,-0.45,2900,10159400,"S"
"DXG","13:16:48",18.95,-0.45,200,10156500,"S"
"DXG","13:16:46",18.95,-0.45,1000,10156300,"S"
"DXG","13:16:39",18.95,-0.45,500,10155300,"S"
"DXG","13:16:32",18.95,-0.45,500,10154800,"S"
"DXG","13:16:31",18.95,-0.45,500,10154300,"S"
"DXG","13:16:29",18.95,-0.45,2000,10153800,"S"
"DXG","13:16:24",18.95,-0.45,500,10151800,"S"
"DXG","13:16:21",18.95,-0.45,10000,10151300,"S"
"DXG","13:16:18",18.95,-0.45,5000,10141300,"S"
"DXG","13:16:17",18.95,-0.45,200,10136300,"S"
"DXG","13:16:14",18.95,-0.45,10000,10136100,"S"
"DXG","13:16:08",18.9,-0.5,200,10126100,"B"
"DXG","13:16:07",18.95,-0.45,100,10125900,"S"
"DXG","13:16:06",18.95,-0.45,200,10125800,"S"
"DXG","13:16:02",18.95,-0.45,500,10125600,"S"
"DXG","13:15:59",18.95,-0.45,5000,10125100,"S"
"DXG","13:15:57",18.95,-0.45,25000,10120100,"S"
"DXG","13:15:50",18.95,-0.45,5000,10095100,"S"
"DXG","13:15:48",18.95,-0.45,5100,10090100,"S"
"DXG","13:15:37",18.95,-0.45,6700,10085000,"B"
"DXG","13:15:35",18.95,-0.45,10200,10078300,"B"
"DXG","13:15:32",18.95,-0.45,2500,10068100,"B"
"DXG","13:15:30",18.95,-0.45,600,10065600,"B"
"DXG","13:15:29",18.95,-0.45,1000,10065000,"B"
"DXG","13:15:27",18.95,-0.45,2000,10064000,"B"
"DXG","13:15:24",18.95,-0.45,100,10062000,"B"
"DXG","13:15:18",18.95,-0.45,10000,10061900,"B"
"DXG","13:15:15",18.95,-0.45,500,10051900,"B"
"DXG","13:15:09",19,-0.4,1000,10051400,"S"
"DXG","13:15:02",18.95,-0.45,200,10050400,"B"
"DXG","13:14:42",18.95,-0.45,1000,10050200,"B"
"DXG","13:14:31",18.95,-0.45,200,10049200,"B"
"DXG","13:14:30",18.95,-0.45,4000,10049000,"B"
"DXG","13:14:28",18.95,-0.45,100,10045000,"B"
"DXG","13:14:14",19,-0.4,1000,10044900,"S"
"DXG","13:14:07",19,-0.4,500,10043900,"S"
"DXG","13:14:06",18.95,-0.45,500,10043400,"B"
"DXG","13:13:59",19,-0.4,500,10042900,"S"
"DXG","13:13:57",18.95,-0.45,700,10042400,"B"
"DXG","13:13:48",19,-0.4,1500,10041700,"S"
"DXG","13:13:45",18.95,-0.45,100,10040200,"B"
"DXG","13:13:43",18.95,-0.45,400,10040100,"B"
"DXG","13:13:33",19,-0.4,1000,10039700,"S"
"DXG","13:13:30",19,-0.4,12500,10038700,"S"
"DXG","13:13:28",18.95,-0.45,1200,10026200,"B"
"DXG","13:13:26",18.95,-0.45,700,10025000,"B"
"DXG","13:13:15",18.95,-0.45,1200,10024300,"S"
"DXG","13:13:14",18.95,-0.45,3800,10023100,"B"
"DXG","13:13:13",18.95,-0.45,100,10019300,"B"
"DXG","13:13:12",18.95,-0.45,2800,10019200,"S"
"DXG","13:13:10",18.95,-0.45,500,10016400,"S"
"DXG","13:13:09",18.95,-0.45,11000,10015900,"S"
"DXG","13:13:07",18.95,-0.45,5500,10004900,"S"
"DXG","13:13:06",18.95,-0.45,5500,9999400,"S"
"DXG","13:13:04",18.95,-0.45,51700,9993900,"S"
"DXG","13:13:03",18.95,-0.45,1000,9942200,"S"
"DXG","13:13:02",18.95,-0.45,100,9941200,"S"
"DXG","13:13:01",18.95,-0.45,300,9941100,"S"
"DXG","13:12:56",18.95,-0.45,400,9940800,"S"
"DXG","13:12:55",18.95,-0.45,500,9940400,"S"
"DXG","13:12:51",18.95,-0.45,400,9939900,"S"
"DXG","13:12:50",18.95,-0.45,1000,9939500,"S"
"DXG","13:12:49",18.95,-0.45,200,9938500,"S"
"DXG","13:12:46",18.95,-0.45,3000,9938300,"S"
"DXG","13:12:44",18.95,-0.45,200,9935300,"S"
"DXG","13:12:40",18.95,-0.45,1000,9935100,"S"
"DXG","13:12:37",18.95,-0.45,2000,9934100,"S"
"DXG","13:12:36",18.95,-0.45,5000,9932100,"S"
"DXG","13:12:35",18.9,-0.5,100,9927100,"B"
"DXG","13:12:30",18.95,-0.45,300,9927000,"S"
"DXG","13:12:24",18.95,-0.45,100,9926700,"S"
"DXG","13:12:24",18.95,-0.45,600,9926600,"S"
"DXG","13:12:14",18.9,-0.5,1100,9926000,"B"
"DXG","13:12:13",18.9,-0.5,3000,9924900,"B"
"DXG","13:12:09",18.95,-0.45,1000,9921900,"S"
"DXG","13:12:06",18.95,-0.45,100,9920900,"S"
"DXG","13:12:05",18.95,-0.45,100,9920800,"S"
"DXG","13:12:02",18.9,-0.5,5000,9920700,"B"
"DXG","13:12:00",18.95,-0.45,100,9915700,"S"
"DXG","13:11:54",18.95,-0.45,10000,9915600,"S"
"DXG","13:11:51",18.95,-0.45,2000,9905600,"S"
"DXG","13:11:48",18.95,-0.45,200,9903600,"S"
"DXG","13:11:43",18.95,-0.45,100,9903400,"S"
"DXG","13:11:29",18.95,-0.45,2500,9903300,"S"
"DXG","13:11:27",18.9,-0.5,900,9900800,"B"
"DXG","13:11:25",18.9,-0.5,2300,9899900,"B"
"DXG","13:11:23",18.9,-0.5,500,9897600,"B"
"DXG","13:11:12",18.9,-0.5,10000,9897100,"B"
"DXG","13:11:04",18.9,-0.5,5000,9887100,"B"
"DXG","13:11:02",18.9,-0.5,100,9882100,"B"
"DXG","13:10:52",18.9,-0.5,5000,9882000,"B"
"DXG","13:10:47",18.9,-0.5,15000,9877000,"B"
"DXG","13:10:32",18.95,-0.45,1500,9862000,"S"
"DXG","13:10:26",18.95,-0.45,3000,9860500,"S"
"DXG","13:10:14",18.9,-0.5,1000,9857500,"B"
"DXG","13:10:14",18.95,-0.45,500,9856500,"S"
"DXG","13:10:10",18.95,-0.45,1000,9856000,"S"
"DXG","13:10:10",18.9,-0.5,500,9855000,"B"
"DXG","13:10:05",18.9,-0.5,500,9854500,"B"
"DXG","13:10:03",18.95,-0.45,5300,9854000,"S"
"DXG","13:09:59",18.9,-0.5,5000,9848700,"B"
"DXG","13:09:58",18.95,-0.45,100,9843700,"S"
"DXG","13:09:58",18.95,-0.45,3000,9843600,"S"
"DXG","13:09:57",18.95,-0.45,500,9840600,"S"
"DXG","13:09:55",18.95,-0.45,500,9840100,"S"
"DXG","13:09:52",18.95,-0.45,100,9839600,"S"
"DXG","13:09:50",18.95,-0.45,8200,9839500,"B"
"DXG","13:09:43",18.95,-0.45,5100,9831300,"B"
"DXG","13:09:43",18.95,-0.45,1200,9826200,"B"
"DXG","13:09:41",19,-0.4,10000,9825000,"S"
"DXG","13:09:38",19,-0.4,1000,9815000,"S"
"DXG","13:09:27",18.95,-0.45,9800,9814000,"S"
"DXG","13:09:25",18.95,-0.45,100,9804200,"S"
"DXG","13:09:15",18.95,-0.45,5000,9804100,"S"
"DXG","13:09:15",18.9,-0.5,10000,9799100,"B"
"DXG","13:09:14",18.95,-0.45,1000,9789100,"S"
"DXG","13:09:11",18.95,-0.45,500,9788100,"S"
"DXG","13:09:10",18.95,-0.45,600,9787600,"S"
"DXG","13:09:09",18.95,-0.45,1400,9787000,"S"
"DXG","13:09:06",18.95,-0.45,1000,9785600,"S"
"DXG","13:09:04",18.95,-0.45,100,9784600,"S"
"DXG","13:08:59",18.95,-0.45,100,9784500,"S"
"DXG","13:08:53",18.95,-0.45,500,9784400,"S"
"DXG","13:08:46",18.95,-0.45,400,9783900,"B"
"DXG","13:08:43",18.95,-0.45,3600,9783500,"B"
"DXG","13:08:43",18.95,-0.45,1400,9779900,"B"
"DXG","13:08:41",18.95,-0.45,5000,9778500,"B"
"DXG","13:08:37",18.95,-0.45,9400,9773500,"B"
"DXG","13:08:34",18.95,-0.45,10000,9764100,"B"
"DXG","13:08:27",19,-0.4,5000,9754100,"S"
"DXG","13:08:22",19,-0.4,3000,9749100,"S"
"DXG","13:08:21",19,-0.4,1500,9746100,"S"
"DXG","13:08:19",18.95,-0.45,4000,9744600,"B"
"DXG","13:08:18",18.95,-0.45,3000,9740600,"B"
"DXG","13:08:17",19,-0.4,1500,9737600,"S"
"DXG","13:08:11",19,-0.4,500,9736100,"S"
"DXG","13:08:09",19,-0.4,1000,9735600,"S"
"DXG","13:08:05",18.95,-0.45,500,9734600,"B"
"DXG","13:08:05",19,-0.4,500,9734100,"S"
"DXG","13:08:04",19,-0.4,5000,9733600,"S"
"DXG","13:07:58",19,-0.4,200,9728600,"S"
"DXG","13:07:55",18.95,-0.45,5000,9728400,"B"
"DXG","13:07:49",19,-0.4,1000,9723400,"S"
"DXG","13:07:47",19,-0.4,500,9722400,"S"
"DXG","13:07:43",19,-0.4,600,9721900,"S"
"DXG","13:07:41",18.95,-0.45,100,9721300,"B"
"DXG","13:07:39",19,-0.4,2000,9721200,"S"
"DXG","13:07:38",18.95,-0.45,300,9719200,"B"
"DXG","13:07:37",18.95,-0.45,6200,9718900,"S"
"DXG","13:07:36",18.95,-0.45,10000,9712700,"S"
"DXG","13:07:34",18.95,-0.45,1200,9702700,"S"
"DXG","13:07:33",18.95,-0.45,4500,9701500,"S"
"DXG","13:07:32",18.95,-0.45,6000,9697000,"S"
"DXG","13:07:30",18.95,-0.45,2000,9691000,"S"
"DXG","13:07:25",18.95,-0.45,100,9689000,"S"
"DXG","13:07:24",18.95,-0.45,2000,9688900,"S"
"DXG","13:07:21",18.95,-0.45,300,9686900,"S"
"DXG","13:07:20",18.95,-0.45,1000,9686600,"S"
"DXG","13:07:15",18.9,-0.5,200,9685600,"B"
"DXG","13:07:12",18.95,-0.45,7000,9685400,"S"
"DXG","13:07:11",18.95,-0.45,2000,9678400,"S"
"DXG","13:07:09",18.95,-0.45,1000,9676400,"S"
"DXG","13:07:06",18.95,-0.45,400,9675400,"S"
"DXG","13:07:02",18.95,-0.45,1000,9675000,"S"
"DXG","13:07:00",18.95,-0.45,1000,9674000,"S"
"DXG","13:06:59",18.9,-0.5,1000,9673000,"B"
"DXG","13:06:56",18.95,-0.45,2000,9672000,"S"
"DXG","13:06:56",18.9,-0.5,1500,9670000,"B"
"DXG","13:06:53",18.95,-0.45,2000,9668500,"S"
"DXG","13:06:49",18.95,-0.45,500,9666500,"S"
"DXG","13:06:47",18.95,-0.45,500,9666000,"S"
"DXG","13:06:41",18.95,-0.45,5000,9665500,"S"
"DXG","13:06:41",18.95,-0.45,500,9660500,"S"
"DXG","13:06:38",18.95,-0.45,2000,9660000,"S"
"DXG","13:06:28",18.95,-0.45,1000,9658000,"S"
"DXG","13:06:03",18.9,-0.5,2000,9657000,"B"
"DXG","13:05:51",18.9,-0.5,300,9655000,"B"
"DXG","13:05:50",18.9,-0.5,13200,9654700,"S"
"DXG","13:05:49",18.9,-0.5,500,9641500,"S"
"DXG","13:05:48",18.9,-0.5,21300,9641000,"S"
"DXG","13:05:46",18.9,-0.5,300,9619700,"S"
"DXG","13:05:43",18.9,-0.5,10500,9619400,"S"
"DXG","13:05:41",18.9,-0.5,1100,9608900,"S"
"DXG","13:05:40",18.9,-0.5,200,9607800,"S"
"DXG","13:05:37",18.9,-0.5,11000,9607600,"S"
"DXG","13:05:33",18.9,-0.5,100,9596600,"S"
"DXG","13:05:30",18.9,-0.5,2000,9596500,"S"
"DXG","13:05:29",18.85,-0.55,200,9594500,"B"
"DXG","13:05:28",18.9,-0.5,200,9594300,"S"
"DXG","13:05:27",18.85,-0.55,200,9594100,"B"
"DXG","13:05:27",18.9,-0.5,100,9593900,"S"
"DXG","13:05:24",18.9,-0.5,400,9593800,"S"
"DXG","13:05:18",18.9,-0.5,2700,9593400,"S"
"DXG","13:05:18",18.85,-0.55,500,9590700,"B"
"DXG","13:05:08",18.85,-0.55,100,9590200,"B"
"DXG","13:05:06",18.85,-0.55,11000,9590100,"S"
"DXG","13:05:05",18.85,-0.55,54300,9579100,"S"
"DXG","13:05:03",18.85,-0.55,1000,9524800,"S"
"DXG","13:05:00",18.85,-0.55,2000,9523800,"S"
"DXG","13:04:51",18.85,-0.55,600,9521800,"S"
"DXG","13:04:46",18.8,-0.6,300,9521200,"B"
"DXG","13:04:44",18.8,-0.6,100,9520900,"B"
"DXG","13:04:41",18.8,-0.6,900,9520800,"B"
"DXG","13:04:41",18.85,-0.55,100,9519900,"S"
"DXG","13:04:39",18.8,-0.6,1000,9519800,"B"
"DXG","13:04:36",18.8,-0.6,50000,9518800,"B"
"DXG","13:04:35",18.85,-0.55,100,9468800,"S"
"DXG","13:04:35",18.85,-0.55,2900,9468700,"S"
"DXG","13:04:31",18.8,-0.6,200,9465800,"B"
"DXG","13:04:28",18.85,-0.55,30000,9465600,"S"
"DXG","13:04:22",18.85,-0.55,10000,9435600,"S"
"DXG","13:04:14",18.85,-0.55,500,9425600,"S"
"DXG","13:04:14",18.85,-0.55,3000,9425100,"S"
"DXG","13:04:04",18.85,-0.55,100,9422100,"S"
"DXG","13:04:04",18.8,-0.6,2000,9422000,"B"
"DXG","13:03:57",18.8,-0.6,6000,9420000,"B"
"DXG","13:03:55",18.8,-0.6,500,9414000,"B"
"DXG","13:03:53",18.85,-0.55,2000,9413500,"S"
"DXG","13:03:45",18.8,-0.6,3000,9411500,"B"
"DXG","13:03:45",18.85,-0.55,100,9408500,"S"
"DXG","13:03:43",18.8,-0.6,500,9408400,"B"
"DXG","13:03:37",18.8,-0.6,1000,9407900,"B"
"DXG","13:03:30",18.8,-0.6,100,9406900,"B"
"DXG","13:03:25",18.8,-0.6,2200,9406800,"B"
"DXG","13:03:15",18.8,-0.6,1100,9404600,"B"
"DXG","13:03:13",18.8,-0.6,5000,9403500,"B"
"DXG","13:03:12",18.85,-0.55,500,9398500,"S"
"DXG","13:03:08",18.85,-0.55,100,9398000,"S"
"DXG","13:03:05",18.8,-0.6,1000,9397900,"B"
"DXG","13:03:02",18.8,-0.6,1000,9396900,"B"
"DXG","13:02:50",18.85,-0.55,700,9395900,"S"
"DXG","13:02:46",18.8,-0.6,200,9395200,"B"
"DXG","13:02:44",18.8,-0.6,600,9395000,"B"
"DXG","13:02:41",18.8,-0.6,200,9394400,"B"
"DXG","13:02:41",18.85,-0.55,30000,9394200,"S"
"DXG","13:02:39",18.8,-0.6,2200,9364200,"B"
"DXG","13:02:37",18.85,-0.55,100,9362000,"S"
"DXG","13:02:34",18.8,-0.6,2600,9361900,"B"
"DXG","13:02:28",18.85,-0.55,400,9359300,"S"
"DXG","13:02:24",18.8,-0.6,500,9358900,"B"
"DXG","13:02:23",18.8,-0.6,10000,9358400,"B"
"DXG","13:02:22",18.85,-0.55,100,9348400,"S"
"DXG","13:02:22",18.8,-0.6,15000,9348300,"B"
"DXG","13:02:20",18.8,-0.6,3000,9333300,"B"
"DXG","13:02:16",18.8,-0.6,300,9330300,"B"
"DXG","13:02:14",18.8,-0.6,200,9330000,"B"
"DXG","13:02:11",18.8,-0.6,24000,9329800,"B"
"DXG","13:02:06",18.8,-0.6,100,9305800,"B"
"DXG","13:02:01",18.8,-0.6,100,9305700,"B"
"DXG","13:01:58",18.8,-0.6,11400,9305600,"S"
"DXG","13:01:58",18.75,-0.65,300,9294200,"B"
"DXG","13:01:55",18.8,-0.6,7000,9293900,"S"
"DXG","13:01:51",18.75,-0.65,100,9286900,"B"
"DXG","13:01:46",18.8,-0.6,100000,9286800,"S"
"DXG","13:01:41",18.75,-0.65,300,9186800,"B"
"DXG","13:01:39",18.75,-0.65,3000,9186500,"B"
"DXG","13:01:39",18.75,-0.65,200,9183500,"B"
"DXG","13:01:31",18.8,-0.6,100,9183300,"S"
"DXG","13:01:29",18.75,-0.65,200,9183200,"B"
"DXG","13:01:14",18.75,-0.65,16200,9183000,"S"
"DXG","13:01:12",18.7,-0.7,5000,9166800,"B"
"DXG","13:01:12",18.75,-0.65,2000,9161800,"S"
"DXG","13:01:09",18.75,-0.65,100,9159800,"S"
"DXG","13:01:02",18.75,-0.65,20700,9159700,"B"
"DXG","13:00:58",18.75,-0.65,25000,9139000,"B"
"DXG","13:00:56",18.75,-0.65,600,9114000,"B"
"DXG","13:00:29",18.75,-0.65,1500,9113400,"B"
"DXG","13:00:28",18.8,-0.6,200,9111900,"S"
"DXG","13:00:28",18.8,-0.6,1000,9111700,"S"
"DXG","13:00:27",18.8,-0.6,1500,9110700,"S"
"DXG","13:00:26",18.8,-0.6,10000,9109200,"S"
"DXG","13:00:26",18.75,-0.65,24400,9099200,"B"
"DXG","13:00:25",18.8,-0.6,1500,9074800,"S"
"DXG","13:00:23",18.8,-0.6,2000,9073300,"S"
"DXG","13:00:23",18.75,-0.65,500,9071300,"B"
"DXG","13:00:21",18.8,-0.6,300,9070800,"S"
"DXG","13:00:20",18.8,-0.6,200,9070500,"S"
"DXG","13:00:19",18.8,-0.6,1000,9070300,"S"
"DXG","13:00:18",18.8,-0.6,100,9069300,"S"
"DXG","13:00:17",18.8,-0.6,25100,9069200,"S"
"DXG","13:00:17",18.8,-0.6,1000,9044100,"S"
"DXG","13:00:16",18.8,-0.6,200,9043100,"S"
"DXG","13:00:15",18.8,-0.6,500,9042900,"S"
"DXG","13:00:14",18.8,-0.6,2100,9042400,"S"
"DXG","13:00:13",18.8,-0.6,100,9040300,"S"
"DXG","13:00:11",18.8,-0.6,200,9040200,"S"
"DXG","13:00:09",18.8,-0.6,700,9040000,"S"
"DXG","13:00:09",18.8,-0.6,100,9039300,"S"
"DXG","13:00:08",18.75,-0.65,100,9039200,"B"
"DXG","13:00:07",18.8,-0.6,300,9039100,"S"
"DXG","13:00:06",18.8,-0.6,500,9038800,"S"
"DXG","13:00:05",18.8,-0.6,5100,9038300,"S"
"DXG","13:00:05",18.8,-0.6,5000,9033200,"S"
"DXG","13:00:05",18.75,-0.65,30000,9028200,"B"
"DXG","13:00:04",18.8,-0.6,1000,8998200,"S"
"DXG","13:00:03",18.8,-0.6,300,8997200,"S"
"DXG","13:00:03",18.8,-0.6,600,8996900,"S"
"DXG","13:00:02",18.75,-0.65,200,8996300,"B"
"DXG","13:00:02",18.8,-0.6,300,8996100,"S"
"DXG","13:00:01",18.8,-0.6,15300,8995800,"S"
"DXG","13:00:01",18.75,-0.65,200,8980500,"B"
"DXG","13:00:01",18.8,-0.6,5400,8980300,"S"
"DXG","13:00:00",18.8,-0.6,1100,8974900,"S"
"DXG","13:00:00",18.75,-0.65,14700,8973800,"B"
"DXG","13:00:00",18.8,-0.6,3300,8959100,"B"
"DXG","13:00:00",18.85,-0.55,100,8955800,"S"
"DXG","13:00:00",18.8,-0.6,1000,8955700,"B"
"DXG","13:00:00",18.85,-0.55,500,8954700,"S"
"DXG","13:00:00",18.8,-0.6,11900,8954200,"B"
"DXG","13:00:00",18.85,-0.55,400,8942300,"S"
"DXG","13:00:00",18.8,-0.6,9300,8941900,"B"
"DXG","13:00:00",18.85,-0.55,2800,8932600,"S"
"DXG","13:00:00",18.8,-0.6,1000,8929800,"B"
"DXG","11:29:56",18.85,-0.55,100,8928800,"S"
"DXG","11:29:55",18.85,-0.55,100,8928700,"S"
"DXG","11:29:53",18.8,-0.6,8000,8928600,"B"
"DXG","11:29:50",18.85,-0.55,9000,8920600,"S"
"DXG","11:29:50",18.8,-0.6,1000,8911600,"B"
"DXG","11:29:48",18.8,-0.6,100,8910600,"B"
"DXG","11:29:40",18.8,-0.6,2000,8910500,"B"
"DXG","11:29:38",18.8,-0.6,61000,8908500,"B"
"DXG","11:29:36",18.8,-0.6,20000,8847500,"B"
"DXG","11:29:33",18.85,-0.55,400,8827500,"S"
"DXG","11:29:31",18.8,-0.6,1000,8827100,"B"
"DXG","11:29:30",18.85,-0.55,100,8826100,"S"
"DXG","11:29:17",18.8,-0.6,1500,8826000,"B"
"DXG","11:29:16",18.8,-0.6,3500,8824500,"B"
"DXG","11:29:16",18.85,-0.55,300,8821000,"S"
"DXG","11:29:08",18.8,-0.6,6300,8820700,"B"
"DXG","11:29:07",18.85,-0.55,1000,8814400,"S"
"DXG","11:29:05",18.85,-0.55,5000,8813400,"S"
"DXG","11:29:04",18.85,-0.55,100,8808400,"S"
"DXG","11:28:58",18.85,-0.55,1000,8808300,"S"
"DXG","11:28:56",18.85,-0.55,1000,8807300,"S"
"DXG","11:28:52",18.85,-0.55,500,8806300,"S"
"DXG","11:28:51",18.85,-0.55,5000,8805800,"S"
"DXG","11:28:42",18.8,-0.6,200,8800800,"B"
"DXG","11:28:36",18.85,-0.55,500,8800600,"S"
"DXG","11:28:30",18.8,-0.6,1000,8800100,"B"
"DXG","11:28:30",18.85,-0.55,100,8799100,"S"
"DXG","11:28:24",18.8,-0.6,1000,8799000,"B"
"DXG","11:28:24",18.85,-0.55,700,8798000,"S"
"DXG","11:28:21",18.85,-0.55,1000,8797300,"S"
"DXG","11:28:18",18.85,-0.55,3000,8796300,"S"
"DXG","11:28:11",18.85,-0.55,100,8793300,"S"
"DXG","11:28:04",18.85,-0.55,1000,8793200,"B"
"DXG","11:28:02",18.9,-0.5,500,8792200,"S"
"DXG","11:27:57",18.8,-0.6,1700,8791700,"B"
"DXG","11:27:57",18.85,-0.55,300,8790000,"B"
"DXG","11:27:55",18.85,-0.55,200,8789700,"B"
"DXG","11:27:54",18.85,-0.55,1000,8789500,"S"
"DXG","11:27:50",18.85,-0.55,4000,8788500,"S"
"DXG","11:27:45",18.85,-0.55,1000,8784500,"S"
"DXG","11:27:44",18.85,-0.55,1000,8783500,"S"
"DXG","11:27:42",18.8,-0.6,100,8782500,"B"
"DXG","11:27:41",18.85,-0.55,200,8782400,"S"
"DXG","11:27:37",18.85,-0.55,9200,8782200,"S"
"DXG","11:27:37",18.85,-0.55,5800,8773000,"S"
"DXG","11:27:31",18.85,-0.55,3000,8767200,"S"
"DXG","11:27:23",18.85,-0.55,800,8764200,"S"
"DXG","11:27:18",18.85,-0.55,1000,8763400,"S"
"DXG","11:27:14",18.8,-0.6,5000,8762400,"B"
"DXG","11:27:12",18.85,-0.55,400,8757400,"S"
"DXG","11:27:05",18.8,-0.6,2000,8757000,"B"
"DXG","11:27:02",18.85,-0.55,1000,8755000,"S"
"DXG","11:27:01",18.85,-0.55,100,8754000,"S"
"DXG","11:26:59",18.85,-0.55,1400,8753900,"S"
"DXG","11:26:48",18.85,-0.55,500,8752500,"S"
"DXG","11:26:47",18.85,-0.55,300,8752000,"S"
"DXG","11:26:45",18.85,-0.55,700,8751700,"B"
"DXG","11:26:44",18.9,-0.5,200,8751000,"S"
"DXG","11:26:38",18.85,-0.55,500,8750800,"B"
"DXG","11:26:25",18.85,-0.55,100,8750300,"S"
"DXG","11:26:24",18.85,-0.55,200,8750200,"S"
"DXG","11:26:19",18.85,-0.55,5000,8740300,"B"
"DXG","11:26:06",18.85,-0.55,7000,8735300,"B"
"DXG","11:26:03",18.85,-0.55,500,8728300,"B"
"DXG","11:26:00",18.85,-0.55,200,8727800,"B"
"DXG","11:25:53",18.85,-0.55,8800,8727600,"S"
"DXG","11:25:52",18.85,-0.55,100,8718800,"S"
"DXG","11:25:49",18.85,-0.55,100,8718700,"S"
"DXG","11:25:47",18.85,-0.55,3000,8718600,"S"
"DXG","11:25:46",18.8,-0.6,400,8715600,"B"
"DXG","11:25:46",18.85,-0.55,1000,8715200,"S"
"DXG","11:25:43",18.85,-0.55,500,8714200,"S"
"DXG","11:25:42",18.85,-0.55,1000,8713700,"S"
"DXG","11:25:41",18.85,-0.55,1000,8712700,"S"
"DXG","11:25:38",18.85,-0.55,300,8711700,"S"
"DXG","11:25:36",18.85,-0.55,4000,8711400,"S"
"DXG","11:25:31",18.85,-0.55,1000,8707400,"S"
"DXG","11:25:30",18.85,-0.55,300,8706400,"S"
"DXG","11:25:30",18.8,-0.6,1700,8706100,"B"
"DXG","11:25:30",18.85,-0.55,500,8704400,"S"
"DXG","11:25:25",18.85,-0.55,200,8703900,"S"
"DXG","11:25:24",18.85,-0.55,200,8703700,"S"
"DXG","11:25:22",18.85,-0.55,300,8703500,"S"
"DXG","11:25:18",18.85,-0.55,2100,8703200,"S"
"DXG","11:25:15",18.85,-0.55,400,8701100,"S"
"DXG","11:25:12",18.85,-0.55,3500,8700700,"S"
"DXG","11:25:11",18.85,-0.55,100,8697200,"S"
"DXG","11:25:07",18.85,-0.55,6400,8697100,"B"
"DXG","11:24:55",18.85,-0.55,1000,8690700,"B"
"DXG","11:24:48",18.85,-0.55,500,8689700,"B"
"DXG","11:24:47",18.9,-0.5,200,8689200,"S"
"DXG","11:24:42",18.9,-0.5,1400,8689000,"S"
"DXG","11:24:42",18.9,-0.5,3600,8687600,"S"
"DXG","11:24:39",18.85,-0.55,10000,8684000,"B"
"DXG","11:24:36",18.85,-0.55,5000,8674000,"B"
"DXG","11:24:36",18.9,-0.5,200,8669000,"S"
"DXG","11:24:33",18.85,-0.55,100,8668800,"B"
"DXG","11:24:24",18.85,-0.55,300,8668700,"B"
"DXG","11:24:18",18.85,-0.55,200,8668400,"B"
"DXG","11:24:16",18.85,-0.55,1500,8668200,"B"
"DXG","11:24:15",18.85,-0.55,200,8666700,"B"
"DXG","11:24:08",18.85,-0.55,100,8666500,"B"
"DXG","11:24:07",18.9,-0.5,500,8666400,"S"
"DXG","11:23:55",18.85,-0.55,3000,8665900,"B"
"DXG","11:23:52",18.9,-0.5,600,8662900,"S"
"DXG","11:23:51",18.9,-0.5,300,8662300,"S"
"DXG","11:23:46",18.85,-0.55,100,8662000,"B"
"DXG","11:23:43",18.85,-0.55,100,8661900,"B"
"DXG","11:23:43",18.85,-0.55,4900,8661800,"B"
"DXG","11:23:39",18.85,-0.55,2000,8656900,"B"
"DXG","11:23:33",18.9,-0.5,100,8654900,"S"
"DXG","11:23:20",18.9,-0.5,200,8654800,"S"
"DXG","11:23:19",18.85,-0.55,500,8654600,"B"
"DXG","11:23:09",18.85,-0.55,1100,8654100,"S"
"DXG","11:23:08",18.85,-0.55,1000,8653000,"S"
"DXG","11:23:07",18.85,-0.55,500,8652000,"S"
"DXG","11:23:07",18.8,-0.6,3000,8651500,"B"
"DXG","11:23:05",18.85,-0.55,100,8648500,"S"
"DXG","11:23:05",18.85,-0.55,1000,8648400,"S"
"DXG","11:23:01",18.85,-0.55,2000,8647400,"S"
"DXG","11:22:59",18.85,-0.55,1000,8645400,"S"
"DXG","11:22:55",18.85,-0.55,10000,8644400,"S"
"DXG","11:22:54",18.85,-0.55,100,8634400,"S"
"DXG","11:22:54",18.8,-0.6,100,8634300,"B"
"DXG","11:22:53",18.85,-0.55,200,8634200,"S"
"DXG","11:22:53",18.8,-0.6,400,8634000,"B"
"DXG","11:22:53",18.85,-0.55,1000,8633600,"S"
"DXG","11:22:50",18.85,-0.55,100,8632600,"S"
"DXG","11:22:45",18.85,-0.55,1000,8632500,"S"
"DXG","11:22:44",18.85,-0.55,3000,8631500,"S"
"DXG","11:22:41",18.8,-0.6,1000,8628500,"B"
"DXG","11:22:37",18.85,-0.55,4000,8627500,"B"
"DXG","11:22:33",18.85,-0.55,18000,8623500,"S"
"DXG","11:22:31",18.85,-0.55,2000,8605500,"S"
"DXG","11:22:29",18.85,-0.55,300,8603500,"S"
"DXG","11:22:25",18.85,-0.55,30000,8603200,"S"
"DXG","11:22:23",18.85,-0.55,1000,8573200,"S"
"DXG","11:22:19",18.85,-0.55,200,8572200,"S"
"DXG","11:22:19",18.8,-0.6,5000,8572000,"B"
"DXG","11:22:14",18.85,-0.55,10000,8567000,"S"
"DXG","11:22:11",18.85,-0.55,2400,8557000,"S"
"DXG","11:22:09",18.85,-0.55,2000,8554600,"S"
"DXG","11:21:53",18.85,-0.55,1000,8552600,"S"
"DXG","11:21:49",18.85,-0.55,1100,8551600,"S"
"DXG","11:21:46",18.85,-0.55,300,8550500,"S"
"DXG","11:21:44",18.85,-0.55,500,8550200,"S"
"DXG","11:21:39",18.85,-0.55,1000,8549700,"S"
"DXG","11:21:37",18.85,-0.55,10100,8548700,"S"
"DXG","11:21:36",18.85,-0.55,200,8538600,"S"
"DXG","11:21:33",18.85,-0.55,4200,8538400,"S"
"DXG","11:21:15",18.85,-0.55,500,8534200,"S"
"DXG","11:21:10",18.85,-0.55,5000,8533700,"S"
"DXG","11:21:10",18.85,-0.55,400,8528700,"S"
"DXG","11:21:08",18.85,-0.55,3000,8528300,"S"
"DXG","11:20:59",18.85,-0.55,500,8525300,"S"
"DXG","11:20:55",18.85,-0.55,200,8524800,"S"
"DXG","11:20:52",18.85,-0.55,1500,8524600,"S"
"DXG","11:20:48",18.85,-0.55,100,8523100,"S"
"DXG","11:20:44",18.85,-0.55,5000,8523000,"S"
"DXG","11:20:41",18.85,-0.55,5000,8518000,"S"
"DXG","11:20:40",18.85,-0.55,500,8513000,"S"
"DXG","11:20:40",18.85,-0.55,1000,8512500,"S"
"DXG","11:20:36",18.85,-0.55,100,8511500,"B"
"DXG","11:20:35",18.9,-0.5,100,8511400,"S"
"DXG","11:20:29",18.9,-0.5,100,8511300,"S"
"DXG","11:20:29",18.85,-0.55,100,8511200,"S"
"DXG","11:20:29",18.85,-0.55,4900,8511100,"B"
"DXG","11:20:20",18.9,-0.5,200,8506200,"S"
"DXG","11:20:15",18.85,-0.55,500,8506000,"B"
"DXG","11:20:10",18.85,-0.55,4100,8505500,"S"
"DXG","11:20:09",18.85,-0.55,100,8501400,"S"
"DXG","11:20:08",18.85,-0.55,200,8501300,"S"
"DXG","11:20:07",18.85,-0.55,300,8501100,"S"
"DXG","11:20:03",18.85,-0.55,1100,8500800,"S"
"DXG","11:20:02",18.85,-0.55,3000,8499700,"S"
"DXG","11:20:01",18.85,-0.55,1500,8496700,"S"
"DXG","11:20:01",18.85,-0.55,300,8495200,"S"
"DXG","11:19:58",18.85,-0.55,2000,8494900,"S"
"DXG","11:19:57",18.8,-0.6,5000,8492900,"B"
"DXG","11:19:55",18.85,-0.55,500,8487900,"S"
"DXG","11:19:53",18.85,-0.55,400,8487400,"S"
"DXG","11:19:53",18.85,-0.55,500,8487000,"S"
"DXG","11:19:48",18.85,-0.55,100,8486500,"S"
"DXG","11:19:47",18.85,-0.55,600,8486400,"S"
"DXG","11:19:46",18.8,-0.6,200,8485800,"B"
"DXG","11:19:45",18.85,-0.55,100,8485600,"S"
"DXG","11:19:43",18.85,-0.55,500,8485500,"S"
"DXG","11:19:41",18.85,-0.55,500,8485000,"S"
"DXG","11:19:40",18.85,-0.55,200,8484500,"S"
"DXG","11:19:37",18.85,-0.55,1000,8484300,"S"
"DXG","11:19:35",18.85,-0.55,200,8483300,"S"
"DXG","11:19:29",18.85,-0.55,400,8483100,"S"
"DXG","11:19:23",18.85,-0.55,10000,8482700,"S"
"DXG","11:19:19",18.8,-0.6,100,8472700,"B"
"DXG","11:19:13",18.8,-0.6,1500,8472600,"B"
"DXG","11:19:02",18.8,-0.6,1300,8471100,"S"
"DXG","11:19:01",18.8,-0.6,30400,8469800,"S"
"DXG","11:19:00",18.8,-0.6,10000,8439400,"S"
"DXG","11:18:55",18.75,-0.65,40000,8429400,"B"
"DXG","11:18:55",18.8,-0.6,200,8389400,"S"
"DXG","11:18:53",18.8,-0.6,5200,8389200,"S"
"DXG","11:18:51",18.8,-0.6,5000,8384000,"S"
"DXG","11:18:50",18.8,-0.6,600,8379000,"S"
"DXG","11:18:48",18.75,-0.65,5000,8378400,"B"
"DXG","11:18:47",18.75,-0.65,2300,8373400,"B"
"DXG","11:18:46",18.8,-0.6,7700,8371100,"S"
"DXG","11:18:44",18.8,-0.6,100,8363400,"S"
"DXG","11:18:43",18.8,-0.6,2000,8363300,"S"
"DXG","11:18:40",18.8,-0.6,1000,8361300,"S"
"DXG","11:18:35",18.75,-0.65,200,8360300,"B"
"DXG","11:18:34",18.8,-0.6,1000,8360100,"S"
"DXG","11:18:31",18.75,-0.65,10000,8359100,"B"
"DXG","11:18:30",18.8,-0.6,5000,8349100,"S"
"DXG","11:18:27",18.8,-0.6,2000,8344100,"S"
"DXG","11:18:26",18.8,-0.6,100,8342100,"S"
"DXG","11:18:23",18.8,-0.6,500,8342000,"S"
"DXG","11:18:22",18.8,-0.6,1000,8341500,"S"
"DXG","11:18:21",18.8,-0.6,1100,8340500,"S"
"DXG","11:18:16",18.8,-0.6,5000,8339400,"S"
"DXG","11:18:16",18.75,-0.65,2000,8334400,"B"
"DXG","11:18:14",18.8,-0.6,100,8332400,"S"
"DXG","11:18:09",18.8,-0.6,100,8332300,"S"
"DXG","11:18:07",18.75,-0.65,3000,8332200,"B"
"DXG","11:18:05",18.8,-0.6,200,8329200,"S"
"DXG","11:18:01",18.8,-0.6,100,8329000,"S"
"DXG","11:17:56",18.8,-0.6,300,8328900,"S"
"DXG","11:17:56",18.75,-0.65,3900,8328600,"B"
"DXG","11:17:55",18.75,-0.65,15100,8324700,"B"
"DXG","11:17:52",18.75,-0.65,21000,8309600,"B"
"DXG","11:17:42",18.75,-0.65,500,8288600,"B"
"DXG","11:17:42",18.8,-0.6,100,8288100,"S"
"DXG","11:17:41",18.75,-0.65,1000,8288000,"B"
"DXG","11:17:39",18.75,-0.65,300,8287000,"B"
"DXG","11:17:39",18.75,-0.65,3000,8286700,"B"
"DXG","11:17:38",18.75,-0.65,100,8283700,"B"
"DXG","11:17:38",18.8,-0.6,100,8283600,"S"
"DXG","11:17:31",18.75,-0.65,4000,8283500,"B"
"DXG","11:17:31",18.8,-0.6,10000,8279500,"S"
"DXG","11:17:27",18.8,-0.6,100,8269500,"S"
"DXG","11:17:19",18.8,-0.6,100,8269400,"S"
"DXG","11:17:15",18.8,-0.6,500,8269300,"S"
"DXG","11:17:14",18.8,-0.6,500,8268800,"S"
"DXG","11:17:12",18.75,-0.65,5000,8268300,"B"
"DXG","11:17:10",18.8,-0.6,100,8263300,"S"
"DXG","11:17:05",18.8,-0.6,100,8263200,"S"
"DXG","11:17:03",18.8,-0.6,1200,8263100,"S"
"DXG","11:17:02",18.8,-0.6,5000,8261900,"S"
"DXG","11:16:59",18.75,-0.65,600,8256900,"B"
"DXG","11:16:56",18.75,-0.65,1900,8256300,"B"
"DXG","11:16:49",18.8,-0.6,100,8254400,"S"
"DXG","11:16:44",18.75,-0.65,9400,8254300,"S"
"DXG","11:16:44",18.75,-0.65,200,8244900,"S"
"DXG","11:16:43",18.7,-0.7,14500,8244700,"B"
"DXG","11:16:41",18.75,-0.65,200,8230200,"S"
"DXG","11:16:39",18.75,-0.65,500,8230000,"S"
"DXG","11:16:37",18.75,-0.65,25000,8229500,"S"
"DXG","11:16:32",18.7,-0.7,2800,8204500,"B"
"DXG","11:16:32",18.75,-0.65,11900,8201700,"S"
"DXG","11:16:28",18.75,-0.65,100,8189800,"S"
"DXG","11:16:18",18.7,-0.7,2200,8189700,"B"
"DXG","11:16:14",18.7,-0.7,500,8187500,"B"
"DXG","11:16:09",18.7,-0.7,2000,8187000,"B"
"DXG","11:16:05",18.7,-0.7,1000,8185000,"B"
"DXG","11:16:04",18.7,-0.7,400,8184000,"S"
"DXG","11:16:03",18.7,-0.7,1000,8183600,"S"
"DXG","11:16:02",18.7,-0.7,100,8182600,"S"
"DXG","11:16:02",18.65,-0.75,200,8182500,"B"
"DXG","11:16:01",18.7,-0.7,100,8182300,"S"
"DXG","11:16:00",18.7,-0.7,500,8182200,"S"
"DXG","11:15:59",18.7,-0.7,500,8181700,"S"
"DXG","11:15:59",18.7,-0.7,100,8181200,"S"
"DXG","11:15:58",18.7,-0.7,1000,8181100,"S"
"DXG","11:15:57",18.7,-0.7,1100,8180100,"S"
"DXG","11:15:56",18.7,-0.7,100,8179000,"S"
"DXG","11:15:54",18.7,-0.7,2000,8178900,"S"
"DXG","11:15:53",18.7,-0.7,300,8176900,"S"
"DXG","11:15:47",18.65,-0.75,3100,8176600,"B"
"DXG","11:15:41",18.7,-0.7,1000,8173500,"S"
"DXG","11:15:40",18.7,-0.7,200,8172500,"S"
"DXG","11:15:37",18.7,-0.7,8200,8172300,"B"
"DXG","11:15:36",18.7,-0.7,21800,8164100,"S"
"DXG","11:15:34",18.7,-0.7,100,8142300,"S"
"DXG","11:15:34",18.7,-0.7,100,8142200,"S"
"DXG","11:15:32",18.7,-0.7,100,8142100,"S"
"DXG","11:15:31",18.7,-0.7,100,8142000,"S"
"DXG","11:15:30",18.7,-0.7,500,8141900,"S"
"DXG","11:15:30",18.7,-0.7,100,8141400,"S"
"DXG","11:15:25",18.7,-0.7,200,8141300,"S"
"DXG","11:15:24",18.7,-0.7,11000,8141100,"S"
"DXG","11:15:22",18.65,-0.75,5900,8130100,"B"
"DXG","11:15:22",18.7,-0.7,500,8124200,"S"
"DXG","11:15:21",18.7,-0.7,2100,8123700,"S"
"DXG","11:15:20",18.7,-0.7,1000,8121600,"S"
"DXG","11:15:20",18.7,-0.7,200,8120600,"S"
"DXG","11:15:19",18.7,-0.7,100,8120400,"S"
"DXG","11:15:19",18.7,-0.7,1000,8120300,"S"
"DXG","11:15:18",18.7,-0.7,100,8119300,"S"
"DXG","11:15:15",18.7,-0.7,2000,8119200,"S"
"DXG","11:15:14",18.7,-0.7,100,8117200,"S"
"DXG","11:15:14",18.65,-0.75,1000,8117100,"B"
"DXG","11:15:11",18.7,-0.7,1800,8116100,"S"
"DXG","11:15:10",18.7,-0.7,1000,8114300,"S"
"DXG","11:15:10",18.7,-0.7,100,8113300,"S"
