"symbol","time","price","change","vol","total","side"
"HAX","14:45:00",13.8,0.05,9000,197500,
"HAX","14:29:35",13.75,0,8300,188500,"S"
"HAX","14:29:35",13.7,-0.05,3300,180200,"S"
"HAX","14:29:14",13.7,-0.05,1700,176900,"B"
"HAX","14:28:37",13.75,0,200,175200,"S"
"HAX","14:23:45",13.7,-0.05,200,175000,"B"
"HAX","14:22:59",13.7,-0.05,200,174800,"S"
"HAX","14:22:59",13.65,-0.1,3400,174600,"S"
"HAX","14:22:43",13.6,-0.15,1000,171200,"B"
"HAX","14:19:24",13.5,-0.25,2900,170200,"B"
"HAX","14:19:24",13.55,-0.2,6800,167300,"B"
"HAX","14:19:23",13.55,-0.2,300,160500,"B"
"HAX","14:17:08",13.55,-0.2,2700,160200,"B"
"HAX","14:17:08",13.6,-0.15,8600,157500,"B"
"HAX","14:16:17",13.65,-0.1,1000,148900,"S"
"HAX","14:15:50",13.65,-0.1,4000,147900,"B"
"HAX","14:15:49",13.65,-0.1,2400,143900,"B"
"HAX","14:15:06",13.7,-0.05,600,141500,"B"
"HAX","14:14:09",13.7,-0.05,700,140900,"S"
"HAX","14:13:44",13.7,-0.05,300,140200,"B"
"HAX","14:12:34",13.7,-0.05,6000,139900,"B"
"HAX","14:11:34",13.7,-0.05,500,133900,"B"
"HAX","14:08:26",13.7,-0.05,600,133400,"S"
"HAX","14:08:22",13.7,-0.05,5000,132800,"S"
"HAX","14:07:03",13.7,-0.05,400,127800,"S"
"HAX","14:06:36",13.7,-0.05,1500,127400,"S"
"HAX","14:05:48",13.7,-0.05,1000,125900,"S"
"HAX","14:02:39",13.65,-0.1,100,124900,"B"
"HAX","13:59:16",13.65,-0.1,1500,124800,"B"
"HAX","13:58:19",13.7,-0.05,1500,123300,"B"
"HAX","13:54:00",13.7,-0.05,1600,121800,"S"
"HAX","13:53:37",13.7,-0.05,100,120200,"S"
"HAX","13:52:53",13.7,-0.05,100,120100,"S"
"HAX","13:50:39",13.7,-0.05,100,120000,"S"
"HAX","13:48:50",13.7,-0.05,500,119900,"S"
"HAX","13:48:42",13.7,-0.05,3000,119400,"S"
"HAX","13:45:17",13.7,-0.05,100,116400,"S"
"HAX","13:45:03",13.7,-0.05,1800,116300,"B"
"HAX","13:41:52",13.7,-0.05,1100,114500,"B"
"HAX","13:40:10",13.7,-0.05,100,113400,"S"
"HAX","13:39:10",13.7,-0.05,100,113300,"S"
"HAX","13:38:40",13.7,-0.05,100,113200,"S"
"HAX","13:36:20",13.7,-0.05,5000,113100,"S"
"HAX","13:34:31",13.7,-0.05,100,108100,"S"
"HAX","13:32:31",13.7,-0.05,2000,108000,"S"
"HAX","13:31:42",13.7,-0.05,100,106000,"S"
"HAX","13:28:33",13.6,-0.15,2100,105900,"B"
"HAX","13:21:15",13.6,-0.15,100,103800,"B"
"HAX","13:20:19",13.6,-0.15,500,103700,"B"
"HAX","13:19:40",13.6,-0.15,1000,103200,"B"
"HAX","13:16:51",13.65,-0.1,100,102200,"S"
"HAX","13:16:50",13.6,-0.15,400,102100,"S"
"HAX","13:16:33",13.6,-0.15,8000,101700,"S"
"HAX","13:15:09",13.6,-0.15,1000,93700,"S"
"HAX","13:12:00",13.6,-0.15,600,92700,"S"
"HAX","13:05:20",13.5,-0.25,500,92100,"B"
"HAX","13:05:14",13.55,-0.2,100,91600,"B"
"HAX","13:04:15",13.5,-0.25,1500,91500,"B"
"HAX","13:04:06",13.5,-0.25,3300,90000,"B"
"HAX","13:04:06",13.55,-0.2,500,86700,"B"
"HAX","13:04:05",13.55,-0.2,3300,86200,"B"
"HAX","13:04:05",13.6,-0.15,3900,82900,"B"
"HAX","13:02:12",13.65,-0.1,200,79000,"B"
"HAX","13:02:06",13.65,-0.1,200,78800,"S"
"HAX","13:02:06",13.65,-0.1,1300,78600,"B"
"HAX","11:23:31",13.65,-0.1,600,77300,"S"
"HAX","11:21:08",13.6,-0.15,400,76700,"B"
"HAX","11:18:03",13.6,-0.15,500,76300,"B"
"HAX","11:17:24",13.6,-0.15,500,75800,"B"
"HAX","11:17:15",13.6,-0.15,1000,75300,"B"
"HAX","11:16:44",13.6,-0.15,300,74300,"S"
"HAX","11:16:27",13.6,-0.15,300,74000,"S"
"HAX","11:15:03",13.6,-0.15,200,73700,"S"
"HAX","11:14:20",13.6,-0.15,300,73500,"B"
"HAX","11:10:48",13.6,-0.15,1100,73200,"B"
"HAX","11:10:18",13.6,-0.15,100,72100,"B"
"HAX","11:10:17",13.6,-0.15,10000,72000,"B"
"HAX","11:09:55",13.6,-0.15,700,62000,"B"
"HAX","11:06:36",13.65,-0.1,500,61300,"S"
"HAX","11:04:43",13.65,-0.1,900,60800,"B"
"HAX","11:04:10",13.65,-0.1,500,59900,"B"
"HAX","10:53:55",13.65,-0.1,5800,59400,"B"
"HAX","10:52:20",13.7,-0.05,1000,53600,"S"
"HAX","10:52:03",13.7,-0.05,300,52600,"S"
"HAX","10:49:20",13.7,-0.05,200,52300,"S"
"HAX","10:47:17",13.7,-0.05,4700,52100,"B"
"HAX","10:40:55",13.7,-0.05,300,47400,"S"
"HAX","10:39:25",13.65,-0.1,500,47100,"B"
"HAX","10:38:24",13.7,-0.05,1000,46600,"S"
"HAX","10:36:10",13.65,-0.1,100,45600,"B"
"HAX","10:34:41",13.65,-0.1,100,45500,"S"
"HAX","10:34:15",13.65,-0.1,200,45400,"S"
"HAX","10:34:11",13.65,-0.1,500,45200,"S"
"HAX","10:34:02",13.65,-0.1,100,44700,"S"
"HAX","10:33:29",13.65,-0.1,400,44600,"B"
"HAX","10:33:29",13.65,-0.1,3700,44200,"B"
"HAX","10:33:09",13.7,-0.05,700,40500,"B"
"HAX","10:32:40",13.7,-0.05,900,39800,"S"
"HAX","10:29:44",13.65,-0.1,500,38900,"B"
"HAX","10:27:51",13.7,-0.05,100,38400,"S"
"HAX","10:25:05",13.7,-0.05,200,38300,"S"
"HAX","10:23:55",13.7,-0.05,700,38100,"S"
"HAX","10:21:43",13.7,-0.05,100,37400,"B"
"HAX","10:19:44",13.7,-0.05,100,37300,"S"
"HAX","10:17:18",13.65,-0.1,1600,37200,"B"
"HAX","10:13:01",13.7,-0.05,1300,35600,"B"
"HAX","10:06:49",13.7,-0.05,300,34300,"S"
"HAX","10:06:29",13.7,-0.05,100,34000,"S"
"HAX","10:06:14",13.7,-0.05,100,33900,"S"
"HAX","10:05:25",13.7,-0.05,4600,33800,"B"
"HAX","10:04:04",13.7,-0.05,5000,29200,"B"
"HAX","09:47:31",13.7,-0.05,600,24100,"B"
"HAX","09:46:25",13.7,-0.05,2100,23500,"B"
"HAX","09:41:40",13.7,-0.05,5000,21400,"B"
"HAX","09:41:00",13.75,0,1000,16400,"B"
"HAX","09:40:25",13.75,0,800,15400,"B"
"HAX","09:39:16",13.75,0,200,14600,"B"
"HAX","09:37:35",13.75,0,800,14400,"B"
"HAX","09:37:24",13.75,0,100,13600,"B"
"HAX","09:34:41",13.75,0,100,13500,"B"
"HAX","09:34:19",13.75,0,1000,13400,"B"
"HAX","09:33:01",13.75,0,400,12400,"B"
"HAX","09:31:38",13.75,0,400,12000,"B"
"HAX","09:30:40",13.75,0,400,11600,"B"
"HAX","09:28:45",13.75,0,200,11200,"B"
"HAX","09:18:25",13.8,0.05,7000,11000,"S"
"HAX","09:15:00",13.8,0.05,4000,4000,
