"symbol","time","price","change","vol","total","side"
"IDC","14:59:46",48.5,0.5,700,1507200,
"IDC","14:45:01",48.5,0.5,52000,1506500,
"IDC","14:29:58",48.7,0.7,500,1454500,
"IDC","14:29:42",48.7,0.7,1400,1454000,
"IDC","14:29:26",48.6,0.6,200,1452600,
"IDC","14:29:25",48.5,0.5,4000,1452400,
"IDC","14:29:11",48.5,0.5,500,1448400,
"IDC","14:29:10",48.6,0.6,1000,1447900,
"IDC","14:29:06",48.5,0.5,500,1446900,
"IDC","14:29:04",48.6,0.6,600,1446400,
"IDC","14:28:47",48.5,0.5,500,1445800,
"IDC","14:28:28",48.5,0.5,200,1445300,
"IDC","14:28:13",48.5,0.5,100,1445100,
"IDC","14:28:11",48.5,0.5,400,1445000,
"IDC","14:27:43",48.5,0.5,20000,1444600,
"IDC","14:27:40",48.4,0.4,400,1424600,
"IDC","14:27:29",48.4,0.4,500,1424200,
"IDC","14:27:22",48.4,0.4,5000,1423700,
"IDC","14:27:14",48.3,0.3,100,1418700,
"IDC","14:27:09",48.3,0.3,100,1418600,
"IDC","14:27:05",48.3,0.3,100,1418500,
"IDC","14:26:37",48.2,0.2,300,1418400,
"IDC","14:26:35",48.2,0.2,7000,1418100,
"IDC","14:26:32",48.2,0.2,1100,1411100,
"IDC","14:26:28",48.2,0.2,100,1410000,
"IDC","14:26:21",48.1,0.1,2000,1409900,
"IDC","14:26:03",48.2,0.2,500,1407900,
"IDC","14:26:00",48.2,0.2,100,1407400,
"IDC","14:25:53",48.1,0.1,3000,1407300,
"IDC","14:25:38",48.1,0.1,5000,1404300,
"IDC","14:25:19",48.1,0.1,17000,1399300,
"IDC","14:24:50",48.2,0.2,2300,1382300,
"IDC","14:24:15",48.1,0.1,1000,1380000,
"IDC","14:23:45",48.1,0.1,400,1379000,
"IDC","14:23:10",48.2,0.2,3000,1378600,
"IDC","14:23:00",48.2,0.2,300,1375600,
"IDC","14:22:56",48.2,0.2,300,1375300,
"IDC","14:22:40",48.2,0.2,1000,1375000,
"IDC","14:22:39",48.1,0.1,1000,1374000,
"IDC","14:21:52",48.2,0.2,4700,1373000,
"IDC","14:20:21",48.1,0.1,2000,1368300,
"IDC","14:20:16",48.1,0.1,100,1366300,
"IDC","14:19:04",48.1,0.1,5000,1366200,
"IDC","14:18:46",48.2,0.2,1000,1361200,
"IDC","14:18:40",48.2,0.2,100,1360200,
"IDC","14:18:27",48.2,0.2,500,1360100,
"IDC","14:17:54",48.2,0.2,400,1359600,
"IDC","14:17:50",48.2,0.2,2000,1359200,
"IDC","14:17:40",48.2,0.2,1000,1357200,
"IDC","14:17:21",48.2,0.2,200,1356200,
"IDC","14:16:58",48.2,0.2,3200,1356000,
"IDC","14:16:57",48.1,0.1,100,1352800,
"IDC","14:16:34",48.1,0.1,5000,1352700,
"IDC","14:15:52",48.1,0.1,1000,1347700,
"IDC","14:13:39",48,0,10000,1346700,
"IDC","14:13:38",48.3,0.3,100,1336700,
"IDC","14:13:35",48.3,0.3,1000,1336600,
"IDC","14:13:34",48.3,0.3,3100,1335600,
"IDC","14:13:18",48.3,0.3,7000,1332500,
"IDC","14:13:14",48.5,0.5,1500,1325500,
"IDC","14:13:09",48.4,0.4,500,1324000,
"IDC","14:12:57",48.3,0.3,5000,1323500,
"IDC","14:12:54",48.4,0.4,400,1318500,
"IDC","14:12:50",48.4,0.4,600,1318100,
"IDC","14:12:48",48.5,0.5,1300,1317500,
"IDC","14:12:37",48.4,0.4,10000,1316200,
"IDC","14:12:25",48.5,0.5,3000,1306200,
"IDC","14:12:14",48.5,0.5,1600,1303200,
"IDC","14:12:13",48.5,0.5,300,1301600,
"IDC","14:12:10",48.5,0.5,300,1301300,
"IDC","14:11:48",48.6,0.6,400,1301000,
"IDC","14:11:37",48.6,0.6,200,1300600,
"IDC","14:11:35",48.6,0.6,500,1300400,
"IDC","14:11:32",48.6,0.6,500,1299900,
"IDC","14:11:31",48.6,0.6,1000,1299400,
"IDC","14:11:26",48.6,0.6,1000,1298400,
"IDC","14:11:08",48.7,0.7,500,1297400,
"IDC","14:11:02",48.7,0.7,900,1296900,
"IDC","14:11:01",48.7,0.7,100,1296000,
"IDC","14:11:00",48.7,0.7,500,1295900,
"IDC","14:10:57",48.7,0.7,500,1295400,
"IDC","14:10:55",48.7,0.7,5000,1294900,
"IDC","14:10:48",48.7,0.7,1500,1289900,
"IDC","14:10:27",48.8,0.8,1300,1288400,
"IDC","14:10:23",48.8,0.8,1500,1287100,
"IDC","14:10:09",48.7,0.7,1000,1285600,
"IDC","14:09:53",48.8,0.8,500,1284600,
"IDC","14:09:48",48.8,0.8,400,1284100,
"IDC","14:09:46",48.7,0.7,100,1283700,
"IDC","14:09:39",48.7,0.7,100,1283600,
"IDC","14:09:38",48.7,0.7,100,1283500,
"IDC","14:09:34",48.7,0.7,11400,1283400,
"IDC","14:09:33",48.7,0.7,1500,1272000,
"IDC","14:09:31",48.6,0.6,2100,1270500,
"IDC","14:09:28",48.6,0.6,1300,1268400,
"IDC","14:09:15",48.6,0.6,500,1267100,
"IDC","14:09:03",48.6,0.6,1700,1266600,
"IDC","14:09:00",48.6,0.6,100,1264900,
"IDC","14:08:58",48.6,0.6,100,1264800,
"IDC","14:08:56",48.6,0.6,500,1264700,
"IDC","14:08:54",48.6,0.6,1400,1264200,
"IDC","14:08:48",48.6,0.6,1200,1262800,
"IDC","14:08:45",48.6,0.6,400,1261600,
"IDC","14:08:44",48.5,0.5,8200,1261200,
"IDC","14:08:43",48.5,0.5,500,1253000,
"IDC","14:08:42",48.5,0.5,5000,1252500,
"IDC","14:08:40",48.5,0.5,10000,1247500,
"IDC","14:08:38",48.5,0.5,1000,1237500,
"IDC","14:08:35",48.5,0.5,200,1236500,
"IDC","14:08:28",48.5,0.5,3700,1236300,
"IDC","14:08:24",48.5,0.5,200,1232600,
"IDC","14:08:21",48.5,0.5,300,1232400,
"IDC","14:08:17",48.5,0.5,2200,1232100,
"IDC","14:07:28",48.4,0.4,100,1229900,
"IDC","14:07:20",48.4,0.4,1000,1229800,
"IDC","14:07:15",48.4,0.4,400,1228800,
"IDC","14:07:14",48.4,0.4,300,1228400,
"IDC","14:07:10",48.4,0.4,100,1228100,
"IDC","14:06:54",48.4,0.4,7000,1228000,
"IDC","14:06:47",48.4,0.4,100,1221000,
"IDC","14:06:34",48.4,0.4,1200,1220900,
"IDC","14:06:29",48.4,0.4,1400,1219700,
"IDC","14:06:25",48.3,0.3,600,1218300,
"IDC","14:06:09",48.3,0.3,100,1217700,
"IDC","14:05:59",48.4,0.4,400,1217600,
"IDC","14:05:58",48.3,0.3,1800,1217200,
"IDC","14:05:56",48.3,0.3,5000,1215400,
"IDC","14:05:55",48.3,0.3,400,1210400,
"IDC","14:05:40",48.3,0.3,200,1210000,
"IDC","14:05:20",48.3,0.3,100,1209800,
"IDC","14:05:15",48.3,0.3,500,1209700,
"IDC","14:04:57",48.3,0.3,1200,1209200,
"IDC","14:04:54",48.3,0.3,400,1208000,
"IDC","14:04:48",48.3,0.3,1400,1207600,
"IDC","14:04:44",48.3,0.3,800,1206200,
"IDC","14:04:31",48.2,0.2,100,1205400,
"IDC","14:04:26",48.2,0.2,300,1205300,
"IDC","14:04:22",48.2,0.2,5000,1205000,
"IDC","14:04:14",48.2,0.2,4000,1199700,
"IDC","14:04:01",48.2,0.2,300,1195700,
"IDC","14:03:48",48.1,0.1,200,1195400,
"IDC","14:03:43",48.1,0.1,500,1195200,
"IDC","14:03:39",48.1,0.1,800,1194700,
"IDC","14:03:25",48,0,200,1193900,
"IDC","14:03:20",48,0,300,1193700,
"IDC","14:03:08",48,0,2800,1193400,
"IDC","14:03:04",48,0,200,1190600,
"IDC","14:02:41",48,0,2000,1190400,
"IDC","14:02:13",48,0,2000,1188400,
"IDC","14:02:09",48,0,500,1186400,
"IDC","14:02:03",48,0,2100,1185900,
"IDC","14:01:59",48,0,1000,1183800,
"IDC","14:01:48",48,0,500,1182800,
"IDC","14:01:45",48,0,1000,1182300,
"IDC","14:01:36",48,0,1400,1181300,
"IDC","14:01:34",48.2,0.2,1300,1179900,
"IDC","14:01:31",48,0,60000,1178600,
"IDC","14:01:29",48.2,0.2,1100,1118600,
"IDC","14:01:24",48.2,0.2,500,1117500,
"IDC","14:01:21",48,0,10000,1117000,
"IDC","14:01:19",48.1,0.1,12400,1107000,
"IDC","14:00:59",48,0,9000,1094600,
"IDC","14:00:12",48,0,100,1085600,
"IDC","14:00:00",48,0,200,1085500,
"IDC","13:59:12",48.1,0.1,2700,1085300,
"IDC","13:59:04",48,0,4000,1082600,
"IDC","13:58:48",48.1,0.1,100,1078600,
"IDC","13:58:28",48.1,0.1,300,1078500,
"IDC","13:57:43",48.2,0.2,1300,1078200,
"IDC","13:57:11",48.2,0.2,700,1076900,
"IDC","13:56:49",48.2,0.2,500,1076200,
"IDC","13:56:38",48.2,0.2,400,1075700,
"IDC","13:56:35",48.2,0.2,100,1075300,
"IDC","13:56:10",48.3,0.3,100,1075200,
"IDC","13:55:50",48.2,0.2,200,1075100,
"IDC","13:54:41",48,0,600,1074900,
"IDC","13:54:23",48.3,0.3,900,1074300,
"IDC","13:53:26",48.3,0.3,100,1073400,
"IDC","13:53:19",48.3,0.3,200,1073300,
"IDC","13:53:18",48.3,0.3,1000,1073100,
"IDC","13:53:17",48.3,0.3,400,1072100,
"IDC","13:53:12",48.3,0.3,500,1071700,
"IDC","13:53:10",48.3,0.3,100,1071200,
"IDC","13:53:08",48.3,0.3,500,1071100,
"IDC","13:52:58",48.3,0.3,100,1070600,
"IDC","13:52:54",48.3,0.3,100,1070500,
"IDC","13:52:49",48.3,0.3,7100,1070400,
"IDC","13:52:47",48.2,0.2,300,1063300,
"IDC","13:52:32",48.2,0.2,300,1063000,
"IDC","13:52:27",48.2,0.2,2000,1062700,
"IDC","13:52:25",48.2,0.2,2000,1060700,
"IDC","13:52:13",48.2,0.2,5000,1058700,
"IDC","13:52:01",48.3,0.3,5000,1053700,
"IDC","13:51:57",48.2,0.2,8000,1048700,
"IDC","13:51:54",48.2,0.2,100,1040700,
"IDC","13:51:33",48.2,0.2,300,1040600,
"IDC","13:51:17",48.2,0.2,1000,1040300,
"IDC","13:51:11",48.2,0.2,500,1039300,
"IDC","13:50:55",48.2,0.2,1000,1038800,
"IDC","13:50:53",48.2,0.2,44000,1037800,
"IDC","13:50:49",47.7,-0.3,7000,993800,
"IDC","13:49:32",47.7,-0.3,1300,986800,
"IDC","13:49:12",47.7,-0.3,1000,985500,
"IDC","13:48:18",47.6,-0.4,5000,984500,
"IDC","13:48:05",47.8,-0.2,5000,979500,
"IDC","13:47:42",48,0,100,974500,
"IDC","13:47:41",47.9,-0.1,1000,974400,
"IDC","13:46:34",48,0,100,973400,
"IDC","13:46:26",48,0,300,973300,
"IDC","13:46:21",48,0,100,973000,
"IDC","13:46:14",48,0,100,972900,
"IDC","13:46:12",48,0,100,972800,
"IDC","13:46:11",48,0,100,972700,
"IDC","13:46:08",48,0,300,972600,
"IDC","13:46:04",48,0,10900,972300,
"IDC","13:46:02",48,0,100,961400,
"IDC","13:45:59",48,0,2400,961300,
"IDC","13:45:55",48,0,100,958900,
"IDC","13:45:54",48,0,100,958800,
"IDC","13:45:50",48,0,100,958700,
"IDC","13:45:49",48,0,100,958600,
"IDC","13:45:46",48,0,300,958500,
"IDC","13:45:42",48,0,100,958200,
"IDC","13:45:39",48,0,1000,958100,
"IDC","13:45:25",47.9,-0.1,200,957100,
"IDC","13:45:11",47.9,-0.1,300,956900,
"IDC","13:45:08",47.9,-0.1,1000,956600,
"IDC","13:44:50",47.9,-0.1,1300,955600,
"IDC","13:44:47",48,0,100,954300,
"IDC","13:44:42",48,0,100,954200,
"IDC","13:44:39",48,0,400,954100,
"IDC","13:44:19",48,0,800,953700,
"IDC","13:44:13",48,0,1800,952900,
"IDC","13:44:11",48,0,1000,951100,
"IDC","13:44:10",48,0,1000,950100,
"IDC","13:44:09",48,0,100,949100,
"IDC","13:44:08",48,0,1000,949000,
"IDC","13:44:07",48,0,1100,948000,
"IDC","13:44:06",48,0,1000,946900,
"IDC","13:44:04",48,0,2000,945900,
"IDC","13:44:00",48,0,35000,943900,
"IDC","13:43:59",48,0,1000,908900,
"IDC","13:43:55",48,0,10900,907900,
"IDC","13:43:50",48,0,1000,897000,
"IDC","13:43:47",48,0,1000,896000,
"IDC","13:43:46",48,0,1000,895000,
"IDC","13:43:36",48,0,4200,894000,
"IDC","13:43:35",48,0,1700,889800,
"IDC","13:43:33",48,0,4000,888100,
"IDC","13:43:29",48,0,1000,884100,
"IDC","13:43:19",48,0,100,883100,
"IDC","13:43:08",48,0,1000,883000,
"IDC","13:42:49",48.1,0.1,200,882000,
"IDC","13:41:56",48.2,0.2,600,881800,
"IDC","13:41:51",48.1,0.1,900,881200,
"IDC","13:41:35",48.2,0.2,200,880300,
"IDC","13:41:33",48.2,0.2,900,880100,
"IDC","13:41:32",48.1,0.1,100,879200,
"IDC","13:41:29",48.2,0.2,400,879100,
"IDC","13:41:23",48.1,0.1,200,878700,
"IDC","13:41:16",48.2,0.2,1000,878500,
"IDC","13:41:08",48.2,0.2,400,877500,
"IDC","13:41:00",48.2,0.2,100,877100,
"IDC","13:40:58",48.2,0.2,1000,877000,
"IDC","13:40:57",48.2,0.2,100,876000,
"IDC","13:40:42",48.2,0.2,300,875900,
"IDC","13:40:33",48.1,0.1,8000,875600,
"IDC","13:40:20",48.2,0.2,900,867600,
"IDC","13:40:19",48.2,0.2,100,866700,
"IDC","13:40:14",48.2,0.2,400,866600,
"IDC","13:40:13",48.2,0.2,100,866200,
"IDC","13:40:11",48.2,0.2,100,866100,
"IDC","13:40:09",48.2,0.2,100,866000,
"IDC","13:40:00",48.1,0.1,100,865900,
"IDC","13:39:57",48.2,0.2,100,865800,
"IDC","13:39:55",48.2,0.2,300,865700,
"IDC","13:39:54",48.2,0.2,5000,865400,
"IDC","13:39:53",48.2,0.2,1100,860400,
"IDC","13:39:52",48.2,0.2,300,859300,
"IDC","13:39:45",48.2,0.2,100,859000,
"IDC","13:39:36",48.2,0.2,100,858900,
"IDC","13:39:29",48.2,0.2,2400,858800,
"IDC","13:39:28",48.3,0.3,800,856400,
"IDC","13:39:26",48.3,0.3,1000,855600,
"IDC","13:39:23",48.3,0.3,1000,854600,
"IDC","13:39:21",48.2,0.2,1000,853600,
"IDC","13:39:11",48.3,0.3,400,852600,
"IDC","13:39:10",48.3,0.3,100,852200,
"IDC","13:39:05",48.3,0.3,200,852100,
"IDC","13:39:01",48.3,0.3,100,851900,
"IDC","13:38:52",48.2,0.2,600,851800,
"IDC","13:38:49",48.3,0.3,200,851200,
"IDC","13:38:41",48.3,0.3,2100,851000,
"IDC","13:38:37",48.3,0.3,4000,848900,
"IDC","13:38:34",48.3,0.3,6000,844900,
"IDC","13:38:30",48.3,0.3,3000,838900,
"IDC","13:37:57",48.3,0.3,1000,835900,
"IDC","13:37:49",48.3,0.3,500,834900,
"IDC","13:37:41",48.2,0.2,1000,834400,
"IDC","13:37:35",48.2,0.2,500,833400,
"IDC","13:37:28",48.2,0.2,100,832900,
"IDC","13:37:25",48.2,0.2,17200,832800,
"IDC","13:37:15",48.1,0.1,1200,815600,
"IDC","13:37:09",48.2,0.2,100,814400,
"IDC","13:37:04",48.1,0.1,800,814300,
"IDC","13:37:03",48.1,0.1,1000,813500,
"IDC","13:36:57",48.1,0.1,100,812500,
"IDC","13:36:53",48.1,0.1,100,812400,
"IDC","13:36:39",48.1,0.1,5200,812300,
"IDC","13:36:37",48.1,0.1,100,807100,
"IDC","13:36:32",48.1,0.1,100,807000,
"IDC","13:36:31",48,0,100,806900,
"IDC","13:36:21",48,0,2500,806800,
"IDC","13:36:19",48,0,2800,804300,
"IDC","13:36:11",48,0,700,801500,
"IDC","13:36:08",48,0,1300,800800,
"IDC","13:36:02",48,0,10000,799500,
"IDC","13:35:58",48,0,400,789500,
"IDC","13:35:50",48,0,8100,789100,
"IDC","13:35:37",48,0,500,781000,
"IDC","13:35:33",48,0,300,780500,
"IDC","13:35:24",48,0,400,780200,
"IDC","13:35:00",47.9,-0.1,100,779800,
"IDC","13:34:51",48,0,15000,779700,
"IDC","13:34:49",47.9,-0.1,13400,764700,
"IDC","13:34:41",47.9,-0.1,400,751300,
"IDC","13:34:15",47.9,-0.1,300,750900,
"IDC","13:33:51",47.9,-0.1,900,750600,
"IDC","13:33:50",47.9,-0.1,400,749700,
"IDC","13:33:47",47.9,-0.1,800,749300,
"IDC","13:33:42",47.8,-0.2,600,748500,
"IDC","13:33:38",47.8,-0.2,100,747900,
"IDC","13:33:33",47.8,-0.2,200,747800,
"IDC","13:33:32",47.8,-0.2,100,747600,
"IDC","13:33:26",47.8,-0.2,100,747500,
"IDC","13:33:25",47.8,-0.2,300,747400,
"IDC","13:33:24",47.8,-0.2,3300,747100,
"IDC","13:33:20",47.8,-0.2,100,743800,
"IDC","13:33:12",47.8,-0.2,100,743700,
"IDC","13:33:10",47.8,-0.2,100,743600,
"IDC","13:33:04",47.8,-0.2,100,743500,
"IDC","13:33:03",47.8,-0.2,200,743400,
"IDC","13:32:58",47.8,-0.2,400,743200,
"IDC","13:32:44",47.8,-0.2,1000,742800,
"IDC","13:32:32",47.8,-0.2,400,741800,
"IDC","13:32:26",47.8,-0.2,400,741400,
"IDC","13:32:12",47.8,-0.2,800,741000,
"IDC","13:32:07",47.8,-0.2,200,740200,
"IDC","13:31:52",47.8,-0.2,1000,740000,
"IDC","13:31:39",47.8,-0.2,700,739000,
"IDC","13:31:33",47.8,-0.2,300,738300,
"IDC","13:31:23",47.8,-0.2,1000,738000,
"IDC","13:31:21",47.8,-0.2,500,737000,
"IDC","13:31:11",47.8,-0.2,1500,736500,
"IDC","13:30:54",47.7,-0.3,400,735000,
"IDC","13:30:49",47.7,-0.3,400,734600,
"IDC","13:30:37",47.7,-0.3,400,734200,
"IDC","13:30:34",47.7,-0.3,300,733800,
"IDC","13:30:20",47.7,-0.3,100,733500,
"IDC","13:30:07",47.7,-0.3,200,733400,
"IDC","13:30:01",47.7,-0.3,600,733200,
"IDC","13:29:58",47.7,-0.3,300,732600,
"IDC","13:29:55",47.7,-0.3,1000,732300,
"IDC","13:29:50",47.7,-0.3,8100,731300,
"IDC","13:29:45",47.9,-0.1,1000,723200,
"IDC","13:29:37",47.9,-0.1,1000,722200,
"IDC","13:29:34",47.9,-0.1,100,721200,
"IDC","13:29:33",47.9,-0.1,400,721100,
"IDC","13:29:22",47.9,-0.1,500,720700,
"IDC","13:29:07",47.9,-0.1,600,720200,
"IDC","13:29:06",47.9,-0.1,300,719600,
"IDC","13:28:50",47.9,-0.1,1000,719300,
"IDC","13:28:42",47.9,-0.1,400,718300,
"IDC","13:28:36",47.9,-0.1,100,717900,
"IDC","13:26:46",47.7,-0.3,100,717800,
"IDC","13:26:39",47.7,-0.3,200,717700,
"IDC","13:26:27",47.6,-0.4,100,717500,
"IDC","13:26:19",47.6,-0.4,200,717400,
"IDC","13:23:18",47.5,-0.5,2000,717200,
"IDC","13:23:13",47.9,-0.1,2900,715200,
"IDC","13:22:48",47.9,-0.1,5000,712300,
"IDC","13:22:46",47.8,-0.2,15000,707300,
"IDC","13:22:29",47.6,-0.4,200,692300,
"IDC","13:20:56",47.5,-0.5,100,692100,
"IDC","13:20:40",47.5,-0.5,300,692000,
"IDC","13:19:11",47.5,-0.5,300,691700,
"IDC","13:18:45",47.4,-0.6,100,691400,
"IDC","13:18:10",47.5,-0.5,100,691300,
"IDC","13:17:55",47.4,-0.6,800,691200,
"IDC","13:17:53",47.4,-0.6,2000,690400,
"IDC","13:17:51",47.4,-0.6,10000,688400,
"IDC","13:17:27",47.4,-0.6,100,678400,
"IDC","13:17:17",47.4,-0.6,1000,678300,
"IDC","13:17:10",47.4,-0.6,100,677300,
"IDC","13:17:06",47.4,-0.6,9900,677200,
"IDC","13:15:25",47.4,-0.6,100,667300,
"IDC","13:15:11",47.5,-0.5,3800,667200,
"IDC","13:14:53",47.5,-0.5,2600,663400,
"IDC","13:14:48",47.5,-0.5,100,660800,
"IDC","13:14:40",47.5,-0.5,600,660700,
"IDC","13:14:21",47.6,-0.4,3300,660100,
"IDC","13:14:04",47.6,-0.4,600,656800,
"IDC","13:13:09",47.7,-0.3,2000,656200,
"IDC","13:13:06",47.6,-0.4,1700,654200,
"IDC","13:12:49",47.6,-0.4,1000,652500,
"IDC","13:12:44",47.6,-0.4,700,651500,
"IDC","13:12:18",47.6,-0.4,300,650800,
"IDC","13:12:08",47.6,-0.4,400,650500,
"IDC","13:12:06",47.6,-0.4,1000,650100,
"IDC","13:11:43",47.6,-0.4,500,649100,
"IDC","13:11:11",47.5,-0.5,100,648600,
"IDC","13:10:57",47.5,-0.5,300,648500,
"IDC","13:10:13",47.5,-0.5,100,648200,
"IDC","13:10:04",47.5,-0.5,100,648100,
"IDC","13:10:01",47.5,-0.5,100,648000,
"IDC","13:09:56",47.5,-0.5,600,647900,
"IDC","13:09:19",47.7,-0.3,200,647300,
"IDC","13:09:17",47.6,-0.4,100,647100,
"IDC","13:08:49",47.6,-0.4,100,647000,
"IDC","13:07:39",47.7,-0.3,10000,646900,
"IDC","13:07:31",47.4,-0.6,300,636900,
"IDC","13:06:48",47.4,-0.6,1000,636600,
"IDC","13:06:38",47.3,-0.7,300,635600,
"IDC","13:06:33",47.3,-0.7,1000,635300,
"IDC","13:06:30",47.3,-0.7,500,634300,
"IDC","13:06:26",47.3,-0.7,1600,633800,
"IDC","13:06:18",47.3,-0.7,300,632200,
"IDC","13:06:17",47.3,-0.7,100,631900,
"IDC","13:06:04",47.3,-0.7,100,631800,
"IDC","13:05:45",47.3,-0.7,100,631700,
"IDC","13:05:07",47.3,-0.7,100,631600,
"IDC","13:04:57",47.3,-0.7,200,631500,
"IDC","13:04:49",47.3,-0.7,100,631300,
"IDC","13:04:34",47.3,-0.7,5000,631200,
"IDC","13:04:11",47.3,-0.7,5000,626200,
"IDC","13:02:25",47.2,-0.8,100,621200,
"IDC","13:02:20",47.3,-0.7,100,621100,
"IDC","13:02:14",47.2,-0.8,100,621000,
"IDC","13:01:56",47.2,-0.8,1300,620900,
"IDC","13:01:27",47.3,-0.7,1300,619600,
"IDC","13:01:01",47.3,-0.7,100,618300,
"IDC","13:00:52",47.3,-0.7,200,618200,
"IDC","13:00:50",47.3,-0.7,11000,618000,
"IDC","13:00:09",47.3,-0.7,4300,607000,
"IDC","13:00:08",47.3,-0.7,200,602700,
"IDC","13:00:06",47.4,-0.6,1600,602500,
"IDC","13:00:05",47.4,-0.6,300,600900,
"IDC","13:00:03",47.3,-0.7,100,600600,
"IDC","13:00:02",47.4,-0.6,3200,600500,
"IDC","11:29:49",47.4,-0.6,100,597300,
"IDC","11:29:04",47.4,-0.6,400,597200,
"IDC","11:28:59",47.4,-0.6,100,596800,
"IDC","11:28:45",47.4,-0.6,300,596700,
"IDC","11:28:17",47.4,-0.6,300,596400,
"IDC","11:28:16",47.4,-0.6,200,596100,
"IDC","11:27:40",47.4,-0.6,1000,595900,
"IDC","11:27:23",47.4,-0.6,200,594900,
"IDC","11:26:28",47.4,-0.6,700,594700,
"IDC","11:26:16",47.4,-0.6,1000,594000,
"IDC","11:26:05",47.4,-0.6,900,593000,
"IDC","11:25:06",47.4,-0.6,500,592100,
"IDC","11:24:56",47.4,-0.6,100,591600,
"IDC","11:23:29",47.4,-0.6,1000,591500,
"IDC","11:23:27",47.3,-0.7,5000,590500,
"IDC","11:23:12",47.4,-0.6,2000,585500,
"IDC","11:22:49",47.4,-0.6,2000,583500,
"IDC","11:22:32",47.3,-0.7,300,581500,
"IDC","11:22:12",47.3,-0.7,300,581200,
"IDC","11:21:58",47.3,-0.7,700,580900,
"IDC","11:21:57",47.3,-0.7,2300,580200,
"IDC","11:21:46",47.3,-0.7,1000,577900,
"IDC","11:21:43",47.2,-0.8,2000,576900,
"IDC","11:21:37",47.3,-0.7,3000,574900,
"IDC","11:21:29",47.3,-0.7,1400,571900,
"IDC","11:21:20",47.3,-0.7,100,570500,
"IDC","11:21:17",47.3,-0.7,6000,570400,
"IDC","11:20:26",47.3,-0.7,400,564400,
"IDC","11:20:13",47.3,-0.7,100,564000,
"IDC","11:19:53",47.3,-0.7,1000,563900,
"IDC","11:19:52",47.3,-0.7,7000,562900,
"IDC","11:19:51",47.3,-0.7,1000,555900,
"IDC","11:19:45",47.3,-0.7,2000,554900,
"IDC","11:19:43",47.3,-0.7,100,552900,
"IDC","11:19:41",47.3,-0.7,4000,552800,
"IDC","11:19:35",47.3,-0.7,1000,548800,
"IDC","11:19:32",47.3,-0.7,4000,547800,
"IDC","11:19:31",47.2,-0.8,600,543800,
"IDC","11:19:25",47.3,-0.7,100,543200,
"IDC","11:19:04",47.3,-0.7,100,543100,
"IDC","11:18:58",47.3,-0.7,500,543000,
"IDC","11:18:29",47.3,-0.7,1300,542500,
"IDC","11:18:28",47.3,-0.7,100,541200,
"IDC","11:18:15",47.3,-0.7,1000,541100,
"IDC","11:18:04",47.3,-0.7,200,540100,
"IDC","11:17:56",47.3,-0.7,500,539900,
"IDC","11:17:49",47.2,-0.8,2700,539400,
"IDC","11:17:43",47.3,-0.7,1000,536700,
"IDC","11:17:25",47.2,-0.8,600,535700,
"IDC","11:17:24",47.3,-0.7,1600,535100,
"IDC","11:17:17",47.3,-0.7,1400,533500,
"IDC","11:17:09",47.3,-0.7,3000,532100,
"IDC","11:16:47",47.3,-0.7,300,529100,
"IDC","11:16:29",47.3,-0.7,1000,528800,
"IDC","11:16:26",47.3,-0.7,1000,527800,
"IDC","11:16:07",47.3,-0.7,400,526800,
"IDC","11:16:04",47.3,-0.7,2000,526400,
"IDC","11:16:03",47.3,-0.7,3000,524400,
"IDC","11:15:52",47.3,-0.7,1000,521400,
"IDC","11:15:44",47.3,-0.7,1000,520400,
"IDC","11:15:11",47.3,-0.7,100,519400,
"IDC","11:15:09",47.3,-0.7,100,519300,
"IDC","11:15:08",47.3,-0.7,500,519200,
"IDC","11:14:44",47.3,-0.7,1000,518700,
"IDC","11:14:07",47.3,-0.7,400,517700,
"IDC","11:14:02",47.4,-0.6,500,517300,
"IDC","11:13:53",47.3,-0.7,200,516800,
"IDC","11:13:18",47.3,-0.7,2500,516600,
"IDC","11:13:11",47.3,-0.7,5000,514100,
"IDC","11:13:08",47.3,-0.7,1000,509100,
"IDC","11:13:01",47.3,-0.7,100,508100,
"IDC","11:12:31",47.3,-0.7,400,508000,
"IDC","11:12:21",47.3,-0.7,2000,507600,
"IDC","11:12:12",47.3,-0.7,800,505600,
"IDC","11:12:05",47.3,-0.7,1800,504800,
"IDC","11:11:58",47.3,-0.7,100,503000,
"IDC","11:11:51",47.2,-0.8,2000,502900,
"IDC","11:11:48",47.3,-0.7,5500,500900,
"IDC","11:11:35",47.2,-0.8,2000,495400,
"IDC","11:11:23",47.2,-0.8,400,493400,
"IDC","11:11:15",47.3,-0.7,100,493000,
"IDC","11:10:54",47.3,-0.7,2000,492900,
"IDC","11:10:48",47.3,-0.7,2200,490900,
"IDC","11:10:45",47.3,-0.7,10000,488700,
"IDC","11:10:20",47.3,-0.7,5000,478700,
"IDC","11:10:00",47.3,-0.7,6700,473700,
"IDC","11:09:56",47.4,-0.6,1000,467000,
"IDC","11:08:37",47.3,-0.7,3000,466000,
"IDC","11:08:33",47.4,-0.6,500,463000,
"IDC","11:08:32",47.3,-0.7,500,462500,
"IDC","11:08:14",47.4,-0.6,500,462000,
"IDC","11:08:06",47.4,-0.6,100,461500,
"IDC","11:07:42",47.3,-0.7,600,461400,
"IDC","11:07:21",47.3,-0.7,400,460800,
"IDC","11:07:14",47.4,-0.6,2000,460400,
"IDC","11:06:58",47.4,-0.6,300,458400,
"IDC","11:06:52",47.4,-0.6,200,458100,
"IDC","11:06:48",47.4,-0.6,200,457900,
"IDC","11:06:22",47.4,-0.6,100,457700,
"IDC","11:06:03",47.4,-0.6,300,457600,
"IDC","11:05:31",47.4,-0.6,1000,457300,
"IDC","11:05:19",47.5,-0.5,200,456300,
"IDC","11:05:11",47.5,-0.5,100,456100,
"IDC","11:05:01",47.3,-0.7,5100,456000,
"IDC","11:04:59",47.5,-0.5,3000,450900,
"IDC","11:04:58",47.3,-0.7,10000,447900,
"IDC","11:02:12",47.3,-0.7,3000,437900,
"IDC","11:01:00",47.3,-0.7,6900,434900,
"IDC","11:00:47",47.4,-0.6,3100,428000,
"IDC","11:00:38",47.5,-0.5,200,424900,
"IDC","11:00:23",47.5,-0.5,1000,424700,
"IDC","11:00:22",47.4,-0.6,3700,423700,
"IDC","11:00:01",47.5,-0.5,200,420000,
"IDC","10:59:35",47.5,-0.5,400,419800,
"IDC","10:59:29",47.5,-0.5,500,419400,
"IDC","10:58:51",47.5,-0.5,600,418900,
"IDC","10:58:16",47.5,-0.5,200,418300,
"IDC","10:57:40",47.5,-0.5,200,418100,
"IDC","10:57:06",47.5,-0.5,200,417900,
"IDC","10:56:49",47.5,-0.5,100,417700,
"IDC","10:56:47",47.5,-0.5,100,417600,
"IDC","10:56:30",47.5,-0.5,200,417500,
"IDC","10:55:54",47.5,-0.5,300,417300,
"IDC","10:55:34",47.5,-0.5,500,417000,
"IDC","10:55:32",47.5,-0.5,1000,416500,
"IDC","10:55:19",47.5,-0.5,200,415500,
"IDC","10:55:18",47.5,-0.5,500,415300,
"IDC","10:55:15",47.5,-0.5,100,414800,
"IDC","10:55:00",47.5,-0.5,100,414700,
"IDC","10:54:44",47.5,-0.5,200,414600,
"IDC","10:54:20",47.5,-0.5,200,414400,
"IDC","10:54:15",47.5,-0.5,500,414200,
"IDC","10:54:09",47.5,-0.5,200,413700,
"IDC","10:54:00",47.5,-0.5,100,413500,
"IDC","10:53:33",47.5,-0.5,200,413400,
"IDC","10:53:30",47.5,-0.5,1500,413200,
"IDC","10:52:59",47.6,-0.4,300,411700,
"IDC","10:52:38",47.6,-0.4,200,411400,
"IDC","10:50:23",47.5,-0.5,300,411200,
"IDC","10:50:10",47.5,-0.5,3000,410900,
"IDC","10:50:08",47.6,-0.4,100,407900,
"IDC","10:48:23",47.5,-0.5,200,407800,
"IDC","10:47:23",47.5,-0.5,500,407600,
"IDC","10:45:24",47.7,-0.3,300,407100,
"IDC","10:45:06",47.5,-0.5,500,406800,
"IDC","10:44:03",47.4,-0.6,2000,406300,
"IDC","10:42:14",47.4,-0.6,800,404300,
"IDC","10:39:56",47.4,-0.6,7600,403500,
"IDC","10:39:41",47.5,-0.5,3000,395900,
"IDC","10:39:00",47.6,-0.4,200,392900,
"IDC","10:38:16",47.6,-0.4,300,392700,
"IDC","10:36:29",47.5,-0.5,300,392400,
"IDC","10:36:06",47.5,-0.5,36000,392100,
"IDC","10:35:47",47.7,-0.3,500,356100,
"IDC","10:34:51",47.7,-0.3,400,355600,
"IDC","10:34:44",47.7,-0.3,1600,355200,
"IDC","10:34:32",47.9,-0.1,100,353600,
"IDC","10:33:10",47.7,-0.3,200,353500,
"IDC","10:32:38",47.7,-0.3,1300,353300,
"IDC","10:32:19",47.7,-0.3,300,352000,
"IDC","10:32:12",47.8,-0.2,100,351700,
"IDC","10:31:58",47.8,-0.2,500,351600,
"IDC","10:31:42",47.9,-0.1,300,351100,
"IDC","10:30:33",47.8,-0.2,500,350800,
"IDC","10:30:10",47.8,-0.2,3300,350300,
"IDC","10:29:42",47.8,-0.2,400,347000,
"IDC","10:28:54",47.8,-0.2,3400,346600,
"IDC","10:28:29",47.8,-0.2,1000,343200,
"IDC","10:27:59",47.8,-0.2,5000,342200,
"IDC","10:27:55",47.8,-0.2,3200,337200,
"IDC","10:27:15",47.7,-0.3,200,334000,
"IDC","10:26:52",47.6,-0.4,3000,333800,
"IDC","10:26:35",47.7,-0.3,900,330800,
"IDC","10:26:33",47.6,-0.4,500,329900,
"IDC","10:26:11",47.6,-0.4,500,329400,
"IDC","10:25:59",47.6,-0.4,500,328900,
"IDC","10:24:20",47.6,-0.4,400,328400,
"IDC","10:23:58",47.7,-0.3,100,328000,
"IDC","10:22:57",47.7,-0.3,100,327900,
"IDC","10:22:20",47.7,-0.3,100,327800,
"IDC","10:22:07",47.6,-0.4,100,327700,
"IDC","10:21:28",47.5,-0.5,500,327600,
"IDC","10:21:26",47.5,-0.5,200,327100,
"IDC","10:20:48",47.5,-0.5,100,326900,
"IDC","10:20:29",47.5,-0.5,1200,326800,
"IDC","10:20:03",47.5,-0.5,100,325600,
"IDC","10:20:02",47.5,-0.5,500,325500,
"IDC","10:20:01",47.5,-0.5,100,325000,
"IDC","10:19:57",47.5,-0.5,2000,324900,
"IDC","10:19:53",47.5,-0.5,100,322900,
"IDC","10:19:36",47.5,-0.5,4800,322800,
"IDC","10:19:16",47.4,-0.6,1300,318000,
"IDC","10:18:45",47.4,-0.6,100,316700,
"IDC","10:18:29",47.4,-0.6,500,316600,
"IDC","10:18:17",47.4,-0.6,500,316100,
"IDC","10:17:33",47.3,-0.7,4100,315600,
"IDC","10:17:23",47.3,-0.7,500,311500,
"IDC","10:17:13",47.2,-0.8,300,311000,
"IDC","10:17:10",47.2,-0.8,300,310700,
"IDC","10:17:07",47.2,-0.8,100,310400,
"IDC","10:17:06",47.2,-0.8,1300,310300,
"IDC","10:17:01",47.3,-0.7,100,309000,
"IDC","10:16:52",47.2,-0.8,1200,308900,
"IDC","10:16:39",47.2,-0.8,200,307700,
"IDC","10:16:35",47.2,-0.8,100,307500,
"IDC","10:16:34",47.2,-0.8,5500,307400,
"IDC","10:16:31",47.2,-0.8,500,301900,
"IDC","10:16:27",47.2,-0.8,500,301400,
"IDC","10:16:22",47.2,-0.8,5000,300900,
"IDC","10:16:02",47.2,-0.8,200,295900,
"IDC","10:15:55",47.2,-0.8,5000,295700,
"IDC","10:15:53",47.3,-0.7,100,290700,
"IDC","10:15:46",47.3,-0.7,400,290600,
"IDC","10:15:39",47.2,-0.8,500,290200,
"IDC","10:15:05",47.2,-0.8,100,289700,
"IDC","10:14:54",47.1,-0.9,200,289600,
"IDC","10:14:44",47.2,-0.8,200,289400,
"IDC","10:14:37",47.2,-0.8,100,289200,
"IDC","10:14:35",47.2,-0.8,600,289100,
"IDC","10:14:34",47.2,-0.8,500,288500,
"IDC","10:14:30",47.2,-0.8,1000,288000,
"IDC","10:14:28",47.2,-0.8,1000,287000,
"IDC","10:14:15",47.2,-0.8,100,286000,
"IDC","10:14:14",47.2,-0.8,500,285900,
"IDC","10:14:13",47.2,-0.8,200,285400,
"IDC","10:14:03",47.2,-0.8,100,285200,
"IDC","10:13:46",47.2,-0.8,4600,285100,
"IDC","10:13:44",47.3,-0.7,400,280500,
"IDC","10:13:36",47.2,-0.8,200,280100,
"IDC","10:13:34",47.3,-0.7,100,279900,
"IDC","10:13:33",47.3,-0.7,100,279800,
"IDC","10:13:29",47.3,-0.7,10200,279700,
"IDC","10:13:20",47.3,-0.7,100,269500,
"IDC","10:13:18",47.3,-0.7,100,269400,
"IDC","10:13:15",47.3,-0.7,100,269300,
"IDC","10:12:59",47.3,-0.7,4200,269200,
"IDC","10:12:56",47.3,-0.7,700,265000,
"IDC","10:12:35",47.3,-0.7,300,264300,
"IDC","10:12:31",47.3,-0.7,600,264000,
"IDC","10:12:29",47.2,-0.8,400,263400,
"IDC","10:12:19",47.3,-0.7,1800,263000,
"IDC","10:11:38",47.2,-0.8,500,261200,
"IDC","10:11:24",47.2,-0.8,100,260700,
"IDC","10:11:19",47.2,-0.8,100,260600,
"IDC","10:11:08",47.2,-0.8,100,260500,
"IDC","10:10:58",47.2,-0.8,100,260400,
"IDC","10:10:55",47.2,-0.8,500,260300,
"IDC","10:10:49",47.2,-0.8,100,259800,
"IDC","10:10:40",47.1,-0.9,6000,259700,
"IDC","10:10:37",47.1,-0.9,4100,253700,
"IDC","10:10:33",47.1,-0.9,200,249600,
"IDC","10:10:32",47.2,-0.8,2500,249400,
"IDC","10:10:28",47.3,-0.7,10400,246900,
"IDC","10:10:25",47.4,-0.6,1000,236500,
"IDC","10:10:22",47.4,-0.6,3100,235500,
"IDC","10:10:14",47.5,-0.5,14300,232400,
"IDC","10:10:07",47.6,-0.4,15100,218100,
"IDC","10:10:06",47.6,-0.4,2400,203000,
"IDC","10:10:04",47.7,-0.3,1200,200600,
"IDC","10:09:54",47.7,-0.3,4300,199400,
"IDC","10:09:35",47.7,-0.3,500,195100,
"IDC","10:09:06",47.8,-0.2,200,194600,
"IDC","10:09:01",47.8,-0.2,200,194400,
"IDC","10:08:27",47.8,-0.2,100,194200,
"IDC","10:06:51",47.9,-0.1,100,194100,
"IDC","10:06:35",47.7,-0.3,6000,194000,
"IDC","10:05:49",47.7,-0.3,1800,188000,
"IDC","10:05:21",47.8,-0.2,100,186200,
"IDC","10:05:13",47.7,-0.3,200,186100,
"IDC","10:04:20",47.8,-0.2,100,185900,
"IDC","10:04:16",47.8,-0.2,1000,185800,
"IDC","10:04:13",47.8,-0.2,100,184800,
"IDC","10:03:04",47.8,-0.2,10000,184700,
"IDC","10:01:15",47.8,-0.2,2000,174700,
"IDC","10:00:35",47.8,-0.2,200,172700,
"IDC","10:00:25",47.8,-0.2,400,172500,
"IDC","10:00:10",47.8,-0.2,300,172100,
"IDC","09:59:41",47.9,-0.1,400,171800,
"IDC","09:58:00",47.9,-0.1,100,171400,
"IDC","09:57:52",48,0,500,171300,
"IDC","09:57:29",47.9,-0.1,1500,170800,
"IDC","09:57:11",47.9,-0.1,1500,169300,
"IDC","09:54:50",47.9,-0.1,500,167800,
"IDC","09:54:13",47.9,-0.1,200,167300,
"IDC","09:53:30",47.9,-0.1,10000,167100,
"IDC","09:51:00",48,0,200,157100,
"IDC","09:50:55",48,0,500,156900,
"IDC","09:50:51",48,0,300,156400,
"IDC","09:50:46",48,0,100,156100,
"IDC","09:50:35",48,0,1000,156000,
"IDC","09:50:29",48,0,100,155000,
"IDC","09:49:54",48,0,100,154900,
"IDC","09:49:44",47.9,-0.1,500,154800,
"IDC","09:49:39",48,0,1000,154300,
"IDC","09:49:32",47.9,-0.1,10000,153300,
"IDC","09:48:38",47.9,-0.1,500,143300,
"IDC","09:47:29",47.9,-0.1,2500,142800,
"IDC","09:47:10",47.9,-0.1,1000,140300,
"IDC","09:46:05",47.9,-0.1,500,139300,
"IDC","09:46:02",47.9,-0.1,100,138800,
"IDC","09:44:38",47.9,-0.1,100,138700,
"IDC","09:43:38",47.9,-0.1,300,138600,
"IDC","09:43:15",47.9,-0.1,1000,138300,
"IDC","09:43:09",47.9,-0.1,300,137300,
"IDC","09:42:48",47.9,-0.1,2000,137000,
"IDC","09:42:35",48,0,500,135000,
"IDC","09:41:18",48,0,100,134500,
"IDC","09:41:17",48,0,2000,134400,
"IDC","09:41:00",48,0,100,132400,
"IDC","09:40:56",48,0,1100,132300,
"IDC","09:40:47",48,0,3000,131200,
"IDC","09:40:38",48,0,100,128200,
"IDC","09:40:37",48,0,500,128100,
"IDC","09:38:17",48.1,0.1,300,127600,
"IDC","09:37:23",48.1,0.1,900,127300,
"IDC","09:37:20",48.1,0.1,1000,126400,
"IDC","09:36:59",48.1,0.1,2000,125400,
"IDC","09:36:46",48.1,0.1,300,123400,
"IDC","09:36:34",48.1,0.1,3200,123100,
"IDC","09:35:36",48.2,0.2,3800,119900,
"IDC","09:35:23",48.2,0.2,7200,116100,
"IDC","09:35:00",48.2,0.2,100,108900,
"IDC","09:34:51",48.2,0.2,100,108800,
"IDC","09:34:20",48.2,0.2,200,108700,
"IDC","09:33:16",48.2,0.2,600,108500,
"IDC","09:32:51",48.2,0.2,500,107900,
"IDC","09:32:29",48.2,0.2,13900,107400,
"IDC","09:32:20",48.2,0.2,5100,93500,
"IDC","09:32:19",48.3,0.3,500,88400,
"IDC","09:32:18",48.2,0.2,500,87900,
"IDC","09:32:12",48.3,0.3,500,87400,
"IDC","09:32:10",48.2,0.2,1500,86900,
"IDC","09:31:37",48.3,0.3,1000,85400,
"IDC","09:31:34",48.2,0.2,200,84400,
"IDC","09:31:07",48.3,0.3,600,84200,
"IDC","09:29:46",48.2,0.2,8100,83600,
"IDC","09:29:28",48.2,0.2,500,75500,
"IDC","09:29:26",48.2,0.2,1000,75000,
"IDC","09:29:18",48.2,0.2,100,74000,
"IDC","09:29:05",48.2,0.2,800,73900,
"IDC","09:28:07",48.2,0.2,1000,73100,
"IDC","09:27:53",48.1,0.1,100,72100,
"IDC","09:27:36",48.1,0.1,200,72000,
"IDC","09:27:30",48,0,400,71800,
"IDC","09:27:25",48.1,0.1,100,71400,
"IDC","09:26:36",48.2,0.2,500,71300,
"IDC","09:26:24",48.1,0.1,3500,70800,
"IDC","09:25:42",48.1,0.1,2700,67300,
"IDC","09:25:34",48.2,0.2,200,64600,
"IDC","09:25:30",48.2,0.2,2000,64400,
"IDC","09:25:12",48.1,0.1,2400,62400,
"IDC","09:24:48",48.2,0.2,200,60000,
"IDC","09:24:42",48.2,0.2,10000,59800,
"IDC","09:24:26",48.1,0.1,300,49800,
"IDC","09:23:51",48.1,0.1,1600,49500,
"IDC","09:23:10",48.1,0.1,1300,47900,
"IDC","09:22:51",48.1,0.1,3000,46600,
"IDC","09:22:50",48.1,0.1,500,43600,
"IDC","09:21:23",48.1,0.1,100,43100,
"IDC","09:20:02",48,0,1100,43000,
"IDC","09:19:47",48,0,200,41900,
"IDC","09:19:30",48,0,500,41700,
"IDC","09:19:22",48,0,1000,41200,
"IDC","09:18:34",48,0,4700,40200,
"IDC","09:18:29",48,0,300,35500,
"IDC","09:17:38",48,0,200,35200,
"IDC","09:17:09",48,0,100,35000,
"IDC","09:16:57",48,0,100,34900,
"IDC","09:16:49",48,0,300,34800,
"IDC","09:16:15",47.9,-0.1,100,34500,
"IDC","09:15:56",48,0,300,34400,
"IDC","09:15:24",48,0,400,34100,
"IDC","09:15:10",48.1,0.1,100,33700,
"IDC","09:14:34",48.1,0.1,300,33600,
"IDC","09:13:38",48,0,7600,33300,
"IDC","09:12:05",48,0,3400,25700,
"IDC","09:11:58",47.9,-0.1,300,22300,
"IDC","09:11:43",47.9,-0.1,200,22000,
"IDC","09:11:28",47.8,-0.2,400,21800,
"IDC","09:08:48",47.7,-0.3,5400,21400,
"IDC","09:08:26",47.6,-0.4,400,16000,
"IDC","09:08:23",47.7,-0.3,400,15600,
"IDC","09:08:10",47.6,-0.4,1500,15200,
"IDC","09:07:45",47.7,-0.3,100,13700,
"IDC","09:07:39",47.7,-0.3,300,13600,
"IDC","09:07:25",47.7,-0.3,200,13300,
"IDC","09:07:07",47.7,-0.3,500,13100,
"IDC","09:06:59",47.7,-0.3,100,12600,
"IDC","09:06:52",47.7,-0.3,500,12500,
"IDC","09:06:50",47.7,-0.3,900,12000,
"IDC","09:06:37",47.7,-0.3,1500,11100,
"IDC","09:06:25",47.7,-0.3,2000,9600,
"IDC","09:05:26",47.8,-0.2,100,7600,
"IDC","09:05:11",47.8,-0.2,200,7500,
"IDC","09:04:56",47.8,-0.2,500,7300,
"IDC","09:04:44",47.8,-0.2,1000,6800,
"IDC","09:04:24",48,0,2700,5800,
"IDC","09:04:11",47.9,-0.1,500,3100,
"IDC","09:03:16",48,0,1000,2600,
"IDC","09:01:39",48,0,200,1600,
"IDC","09:01:10",48,0,1000,1400,
"IDC","09:00:34",47.9,-0.1,300,400,
"IDC","09:00:18",47.9,-0.1,100,100,
