"symbol","time","price","change","vol","total","side"
"VHM","14:45:02",40.75,0.95,502100,7384400,
"VHM","14:29:59",40.6,0.8,5000,6882300,"S"
"VHM","14:29:53",40.6,0.8,500,6877300,"S"
"VHM","14:29:49",40.55,0.75,100,6876800,"B"
"VHM","14:29:49",40.6,0.8,500,6876700,"S"
"VHM","14:29:46",40.55,0.75,1000,6876200,"B"
"VHM","14:29:46",40.6,0.8,400,6875200,"S"
"VHM","14:29:37",40.6,0.8,1000,6874800,"S"
"VHM","14:29:35",40.55,0.75,100,6873800,"B"
"VHM","14:29:33",40.55,0.75,1300,6873700,"B"
"VHM","14:29:29",40.6,0.8,1000,6872400,"S"
"VHM","14:29:29",40.55,0.75,700,6871400,"B"
"VHM","14:29:28",40.55,0.75,200,6870700,"B"
"VHM","14:29:26",40.6,0.8,1000,6870500,"S"
"VHM","14:29:25",40.6,0.8,2200,6869500,"S"
"VHM","14:29:24",40.6,0.8,6600,6867300,"S"
"VHM","14:29:20",40.55,0.75,400,6860700,"B"
"VHM","14:29:15",40.55,0.75,200,6860300,"B"
"VHM","14:29:12",40.55,0.75,17000,6860100,"B"
"VHM","14:28:56",40.55,0.75,6000,6843100,"B"
"VHM","14:28:56",40.55,0.75,100,6837100,"B"
"VHM","14:28:53",40.6,0.8,4400,6837000,"S"
"VHM","14:28:50",40.6,0.8,1000,6832600,"S"
"VHM","14:28:49",40.6,0.8,1000,6831600,"S"
"VHM","14:28:49",40.55,0.75,2000,6830600,"B"
"VHM","14:28:47",40.6,0.8,2200,6828600,"S"
"VHM","14:28:45",40.6,0.8,6600,6826400,"S"
"VHM","14:28:44",40.55,0.75,500,6819800,"B"
"VHM","14:28:43",40.6,0.8,1000,6819300,"S"
"VHM","14:28:42",40.6,0.8,4200,6818300,"S"
"VHM","14:28:42",40.55,0.75,100,6814100,"B"
"VHM","14:28:42",40.55,0.75,3900,6814000,"B"
"VHM","14:28:38",40.55,0.75,200,6810100,"B"
"VHM","14:28:34",40.6,0.8,8000,6809900,"S"
"VHM","14:28:32",40.55,0.75,200,6801900,"B"
"VHM","14:28:29",40.55,0.75,16500,6801700,"S"
"VHM","14:28:28",40.55,0.75,3400,6785200,"S"
"VHM","14:28:27",40.55,0.75,500,6781800,"S"
"VHM","14:28:24",40.55,0.75,5000,6781300,"S"
"VHM","14:28:23",40.55,0.75,6000,6776300,"S"
"VHM","14:28:23",40.5,0.7,100,6770300,"B"
"VHM","14:28:22",40.55,0.75,6600,6770200,"S"
"VHM","14:28:21",40.55,0.75,3600,6763600,"S"
"VHM","14:28:20",40.55,0.75,5000,6760000,"S"
"VHM","14:28:15",40.55,0.75,3400,6755000,"S"
"VHM","14:28:14",40.55,0.75,2000,6751600,"S"
"VHM","14:28:12",40.55,0.75,3300,6749600,"S"
"VHM","14:28:10",40.5,0.7,500,6746300,"B"
"VHM","14:28:04",40.5,0.7,300,6745800,"B"
"VHM","14:28:03",40.55,0.75,2200,6745500,"S"
"VHM","14:28:03",40.5,0.7,2900,6743300,"B"
"VHM","14:28:02",40.5,0.7,900,6740400,"B"
"VHM","14:28:02",40.55,0.75,10000,6739500,"S"
"VHM","14:28:01",40.55,0.75,4900,6729500,"S"
"VHM","14:28:00",40.5,0.7,100,6724600,"B"
"VHM","14:27:59",40.5,0.7,500,6724500,"B"
"VHM","14:27:57",40.5,0.7,2000,6724000,"B"
"VHM","14:27:48",40.5,0.7,100,6722000,"B"
"VHM","14:27:45",40.5,0.7,100,6721900,"B"
"VHM","14:27:43",40.55,0.75,500,6721800,"S"
"VHM","14:27:36",40.5,0.7,100,6721300,"B"
"VHM","14:27:35",40.5,0.7,400,6721200,"B"
"VHM","14:27:34",40.5,0.7,100,6720800,"B"
"VHM","14:27:31",40.5,0.7,200,6720700,"B"
"VHM","14:27:30",40.5,0.7,1100,6720500,"B"
"VHM","14:27:29",40.5,0.7,8100,6719400,"S"
"VHM","14:27:27",40.45,0.65,2400,6711300,"B"
"VHM","14:27:26",40.5,0.7,500,6708900,"S"
"VHM","14:27:26",40.45,0.65,9100,6708400,"B"
"VHM","14:27:25",40.5,0.7,35000,6699300,"S"
"VHM","14:27:24",40.45,0.65,1700,6664300,"B"
"VHM","14:27:24",40.5,0.7,6600,6662600,"S"
"VHM","14:27:24",40.45,0.65,300,6656000,"B"
"VHM","14:27:22",40.45,0.65,1500,6655700,"B"
"VHM","14:27:22",40.5,0.7,5100,6654200,"S"
"VHM","14:27:22",40.45,0.65,1100,6649100,"B"
"VHM","14:27:21",40.5,0.7,2200,6648000,"S"
"VHM","14:27:21",40.45,0.65,2500,6645800,"B"
"VHM","14:27:20",40.5,0.7,10300,6643300,"S"
"VHM","14:27:17",40.45,0.65,100,6633000,"B"
"VHM","14:27:16",40.5,0.7,500,6632900,"S"
"VHM","14:27:14",40.5,0.7,200,6632400,"S"
"VHM","14:27:14",40.45,0.65,100,6632200,"B"
"VHM","14:27:13",40.45,0.65,600,6632100,"B"
"VHM","14:27:12",40.5,0.7,1000,6631500,"S"
"VHM","14:27:12",40.45,0.65,1500,6630500,"B"
"VHM","14:27:11",40.5,0.7,3400,6629000,"S"
"VHM","14:27:11",40.45,0.65,1600,6625600,"B"
"VHM","14:27:10",40.45,0.65,1000,6624000,"B"
"VHM","14:27:09",40.5,0.7,6600,6623000,"S"
"VHM","14:27:09",40.5,0.7,4200,6616400,"S"
"VHM","14:27:08",40.45,0.65,100,6612200,"B"
"VHM","14:27:07",40.45,0.65,400,6612100,"B"
"VHM","14:27:06",40.45,0.65,1300,6611700,"B"
"VHM","14:27:06",40.5,0.7,300,6610400,"S"
"VHM","14:27:05",40.45,0.65,5200,6610100,"B"
"VHM","14:27:04",40.5,0.7,20000,6604900,"S"
"VHM","14:27:04",40.45,0.65,900,6584900,"B"
"VHM","14:27:03",40.5,0.7,3800,6584000,"S"
"VHM","14:26:59",40.5,0.7,100,6580200,"S"
"VHM","14:26:55",40.45,0.65,100,6580100,"B"
"VHM","14:26:54",40.45,0.65,500,6580000,"B"
"VHM","14:26:47",40.45,0.65,300,6579500,"B"
"VHM","14:26:46",40.45,0.65,1200,6579200,"B"
"VHM","14:26:45",40.45,0.65,5000,6578000,"B"
"VHM","14:26:41",40.45,0.65,100,6573000,"B"
"VHM","14:26:39",40.45,0.65,200,6572900,"B"
"VHM","14:26:38",40.45,0.65,900,6572700,"B"
"VHM","14:26:37",40.5,0.7,3900,6571800,"S"
"VHM","14:26:35",40.45,0.65,100,6567900,"B"
"VHM","14:26:34",40.45,0.65,500,6567800,"B"
"VHM","14:26:33",40.5,0.7,2200,6567300,"S"
"VHM","14:26:28",40.45,0.65,200,6565100,"B"
"VHM","14:26:12",40.45,0.65,200,6564900,"B"
"VHM","14:26:11",40.45,0.65,1000,6564700,"B"
"VHM","14:26:11",40.45,0.65,100,6563700,"B"
"VHM","14:26:10",40.45,0.65,500,6563600,"B"
"VHM","14:25:58",40.45,0.65,100,6563100,"B"
"VHM","14:25:57",40.45,0.65,700,6563000,"B"
"VHM","14:25:56",40.45,0.65,300,6562300,"B"
"VHM","14:25:55",40.45,0.65,100,6562000,"B"
"VHM","14:25:54",40.45,0.65,500,6561900,"B"
"VHM","14:25:53",40.45,0.65,2000,6561400,"B"
"VHM","14:25:52",40.45,0.65,200,6559400,"B"
"VHM","14:25:49",40.45,0.65,100,6559200,"B"
"VHM","14:25:46",40.5,0.7,100,6559100,"S"
"VHM","14:25:38",40.45,0.65,100,6559000,"B"
"VHM","14:25:37",40.45,0.65,200,6558900,"B"
"VHM","14:25:36",40.45,0.65,100,6558700,"B"
"VHM","14:25:35",40.45,0.65,500,6558600,"B"
"VHM","14:25:34",40.5,0.7,2200,6558100,"S"
"VHM","14:25:24",40.45,0.65,100,6555900,"B"
"VHM","14:25:19",40.45,0.65,200,6555800,"B"
"VHM","14:25:15",40.45,0.65,100,6555600,"B"
"VHM","14:25:11",40.45,0.65,100,6555500,"B"
"VHM","14:25:10",40.45,0.65,300,6555400,"B"
"VHM","14:25:09",40.45,0.65,1300,6555100,"B"
"VHM","14:25:08",40.45,0.65,5400,6553800,"B"
"VHM","14:25:04",40.45,0.65,100,6548400,"B"
"VHM","14:25:03",40.45,0.65,500,6548300,"B"
"VHM","14:25:02",40.45,0.65,2000,6547800,"B"
"VHM","14:25:01",40.45,0.65,100,6545800,"B"
"VHM","14:25:00",40.45,0.65,400,6545700,"B"
"VHM","14:24:59",40.45,0.65,1200,6545300,"B"
"VHM","14:24:58",40.45,0.65,5000,6544100,"B"
"VHM","14:24:54",40.45,0.65,200,6539100,"B"
"VHM","14:24:53",40.45,0.65,1000,6538900,"B"
"VHM","14:24:51",40.45,0.65,100,6537900,"B"
"VHM","14:24:45",40.45,0.65,300,6537800,"B"
"VHM","14:24:44",40.45,0.65,1200,6537500,"B"
"VHM","14:24:43",40.45,0.65,5000,6536300,"B"
"VHM","14:24:38",40.45,0.65,200,6531300,"B"
"VHM","14:24:31",40.45,0.65,200,6531100,"B"
"VHM","14:24:30",40.45,0.65,100,6530900,"B"
"VHM","14:24:29",40.45,0.65,600,6530800,"B"
"VHM","14:24:28",40.45,0.65,2600,6530200,"B"
"VHM","14:24:26",40.45,0.65,2000,6527600,"B"
"VHM","14:24:24",40.45,0.65,100,6525600,"B"
"VHM","14:24:22",40.45,0.65,200,6525500,"B"
"VHM","14:24:21",40.45,0.65,1000,6525300,"S"
"VHM","14:24:15",40.45,0.65,200,6524300,"S"
"VHM","14:24:08",40.4,0.6,100,6524100,"B"
"VHM","14:24:07",40.45,0.65,100,6524000,"S"
"VHM","14:24:07",40.4,0.6,500,6523900,"B"
"VHM","14:24:05",40.45,0.65,2200,6523400,"S"
"VHM","14:24:02",40.4,0.6,100,6521200,"B"
"VHM","14:24:01",40.4,0.6,600,6521100,"B"
"VHM","14:24:00",40.4,0.6,2500,6520500,"B"
"VHM","14:23:59",40.45,0.65,3200,6518000,"S"
"VHM","14:23:58",40.45,0.65,6800,6514800,"S"
"VHM","14:23:57",40.45,0.65,100,6508000,"S"
"VHM","14:23:57",40.4,0.6,100,6507900,"B"
"VHM","14:23:56",40.4,0.6,600,6507800,"B"
"VHM","14:23:55",40.4,0.6,2500,6507200,"B"
"VHM","14:23:54",40.45,0.65,10000,6504700,"S"
"VHM","14:23:53",40.4,0.6,100,6494700,"B"
"VHM","14:23:52",40.4,0.6,100,6494600,"B"
"VHM","14:23:50",40.4,0.6,800,6494500,"B"
"VHM","14:23:49",40.4,0.6,700,6493700,"B"
"VHM","14:23:48",40.45,0.65,400,6493000,"S"
"VHM","14:23:48",40.4,0.6,2700,6492600,"B"
"VHM","14:23:34",40.4,0.6,300,6489900,"B"
"VHM","14:23:33",40.4,0.6,1200,6489600,"B"
"VHM","14:23:32",40.4,0.6,5000,6488400,"B"
"VHM","14:23:31",40.45,0.65,20000,6483400,"S"
"VHM","14:23:26",40.4,0.6,300,6463400,"B"
"VHM","14:23:25",40.45,0.65,1100,6463100,"S"
"VHM","14:23:25",40.4,0.6,300,6462000,"B"
"VHM","14:23:24",40.4,0.6,1200,6461700,"B"
"VHM","14:23:23",40.4,0.6,800,6460500,"B"
"VHM","14:23:23",40.4,0.6,4200,6459700,"B"
"VHM","14:23:22",40.45,0.65,20000,6455500,"S"
"VHM","14:23:16",40.4,0.6,100,6435500,"B"
"VHM","14:23:15",40.4,0.6,500,6435400,"B"
"VHM","14:23:13",40.4,0.6,100,6434900,"B"
"VHM","14:23:07",40.4,0.6,100,6434800,"B"
"VHM","14:23:07",40.4,0.6,100,6434700,"B"
"VHM","14:23:05",40.4,0.6,400,6434600,"B"
"VHM","14:23:04",40.4,0.6,100,6434200,"B"
"VHM","14:23:03",40.4,0.6,500,6434100,"B"
"VHM","14:23:02",40.4,0.6,2100,6433600,"B"
"VHM","14:23:00",40.4,0.6,5000,6431500,"B"
"VHM","14:22:56",40.4,0.6,300,6426500,"B"
"VHM","14:22:55",40.4,0.6,1200,6426200,"B"
"VHM","14:22:54",40.4,0.6,5100,6425000,"B"
"VHM","14:22:53",40.4,0.6,500,6419900,"B"
"VHM","14:22:50",40.4,0.6,100,6419400,"B"
"VHM","14:22:49",40.4,0.6,500,6419300,"B"
"VHM","14:22:48",40.4,0.6,2200,6418800,"B"
"VHM","14:22:47",40.4,0.6,100,6416600,"B"
"VHM","14:22:46",40.4,0.6,9000,6416500,"B"
"VHM","14:22:40",40.4,0.6,100,6407500,"B"
"VHM","14:22:39",40.4,0.6,400,6407400,"B"
"VHM","14:22:38",40.4,0.6,1800,6407000,"B"
"VHM","14:22:36",40.45,0.65,7400,6405200,"S"
"VHM","14:22:34",40.4,0.6,200,6397800,"B"
"VHM","14:22:33",40.4,0.6,1000,6397600,"B"
"VHM","14:22:26",40.4,0.6,200,6396600,"B"
"VHM","14:22:25",40.4,0.6,1100,6396400,"B"
"VHM","14:22:24",40.4,0.6,4400,6395300,"B"
"VHM","14:22:22",40.4,0.6,100,6390900,"B"
"VHM","14:22:21",40.4,0.6,400,6390800,"B"
"VHM","14:22:20",40.45,0.65,1800,6390400,"B"
"VHM","14:22:19",40.45,0.65,100,6388600,"B"
"VHM","14:22:18",40.45,0.65,100,6388500,"B"
"VHM","14:22:17",40.45,0.65,200,6388400,"B"
"VHM","14:22:16",40.45,0.65,1000,6388200,"S"
"VHM","14:22:15",40.4,0.6,100,6387200,"B"
"VHM","14:22:14",40.4,0.6,500,6387100,"B"
"VHM","14:22:13",40.5,0.7,100,6386600,"S"
"VHM","14:22:13",40.5,0.7,200,6386500,"S"
"VHM","14:22:13",40.45,0.65,1900,6386300,"S"
"VHM","14:22:11",40.4,0.6,200,6384400,"B"
"VHM","14:22:10",40.45,0.65,800,6384200,"S"
"VHM","14:22:03",40.45,0.65,100,6383400,"S"
"VHM","14:21:54",40.4,0.6,200,6383300,"B"
"VHM","14:21:53",40.4,0.6,1100,6383100,"B"
"VHM","14:21:52",40.4,0.6,4400,6382000,"B"
"VHM","14:21:49",40.4,0.6,100,6377600,"B"
"VHM","14:21:48",40.4,0.6,100,6377500,"B"
"VHM","14:21:48",40.45,0.65,600,6377400,"S"
"VHM","14:21:47",40.45,0.65,500,6376800,"S"
"VHM","14:21:46",40.4,0.6,200,6376300,"B"
"VHM","14:21:45",40.4,0.6,1100,6376100,"B"
"VHM","14:21:44",40.4,0.6,3700,6375000,"B"
"VHM","14:21:44",40.45,0.65,1000,6371300,"S"
"VHM","14:21:43",40.4,0.6,1500,6370300,"B"
"VHM","14:21:42",40.45,0.65,6000,6368800,"S"
"VHM","14:21:39",40.4,0.6,100,6362800,"B"
"VHM","14:21:38",40.4,0.6,500,6362700,"B"
"VHM","14:21:37",40.4,0.6,2200,6362200,"B"
"VHM","14:21:36",40.45,0.65,8800,6360000,"S"
"VHM","14:21:35",40.4,0.6,100,6351200,"B"
"VHM","14:21:34",40.4,0.6,500,6351100,"B"
"VHM","14:21:33",40.45,0.65,2000,6350600,"S"
"VHM","14:21:29",40.4,0.6,300,6348600,"B"
"VHM","14:21:29",40.45,0.65,1200,6348300,"S"
"VHM","14:21:27",40.4,0.6,200,6347100,"B"
"VHM","14:21:26",40.45,0.65,1000,6346900,"S"
"VHM","14:21:22",40.4,0.6,100,6345900,"B"
"VHM","14:21:21",40.4,0.6,600,6345800,"B"
"VHM","14:21:21",40.4,0.6,2700,6345200,"B"
"VHM","14:21:20",40.4,0.6,2200,6342500,"B"
"VHM","14:21:19",40.4,0.6,200,6340300,"B"
"VHM","14:21:17",40.4,0.6,1100,6340100,"B"
"VHM","14:21:17",40.45,0.65,4500,6339000,"S"
"VHM","14:21:03",40.4,0.6,200,6334500,"B"
"VHM","14:21:02",40.4,0.6,1000,6334300,"B"
"VHM","14:20:58",40.4,0.6,300,6333300,"B"
"VHM","14:20:57",40.4,0.6,1200,6333000,"B"
"VHM","14:20:56",40.45,0.65,5000,6331800,"S"
"VHM","14:20:49",40.4,0.6,200,6326800,"B"
"VHM","14:20:48",40.4,0.6,1000,6326600,"B"
"VHM","14:20:44",40.45,0.65,200,6325600,"S"
"VHM","14:20:40",40.4,0.6,200,6325400,"B"
"VHM","14:20:21",40.4,0.6,300,6325200,"B"
"VHM","14:20:20",40.4,0.6,200,6324900,"B"
"VHM","14:20:18",40.4,0.6,1000,6324700,"B"
"VHM","14:20:09",40.4,0.6,200,6323700,"B"
"VHM","14:20:07",40.4,0.6,200,6323500,"B"
"VHM","14:20:06",40.4,0.6,1000,6323300,"B"
"VHM","14:20:04",40.4,0.6,4000,6322300,"B"
"VHM","14:20:00",40.4,0.6,100,6318300,"B"
"VHM","14:19:59",40.4,0.6,600,6318200,"B"
"VHM","14:19:58",40.4,0.6,2400,6317600,"B"
"VHM","14:19:43",40.4,0.6,100,6315200,"B"
"VHM","14:19:40",40.4,0.6,200,6315100,"S"
"VHM","14:19:30",40.35,0.55,100,6314900,"B"
"VHM","14:19:29",40.35,0.55,700,6314800,"B"
"VHM","14:19:28",40.35,0.55,1500,6314100,"B"
"VHM","14:19:28",40.4,0.6,1000,6312600,"B"
"VHM","14:19:28",40.45,0.65,500,6311600,"S"
"VHM","14:19:26",40.4,0.6,10100,6311100,"S"
"VHM","14:19:23",40.4,0.6,100,6301000,"S"
"VHM","14:19:19",40.35,0.55,100,6300900,"B"
"VHM","14:19:18",40.35,0.55,500,6300800,"B"
"VHM","14:19:17",40.35,0.55,1900,6300300,"B"
"VHM","14:19:16",40.35,0.55,100,6298400,"B"
"VHM","14:19:16",40.35,0.55,100,6298300,"B"
"VHM","14:19:15",40.35,0.55,500,6298200,"B"
"VHM","14:19:14",40.35,0.55,2000,6297700,"B"
"VHM","14:19:10",40.35,0.55,100,6295700,"B"
"VHM","14:19:06",40.35,0.55,600,6295600,"B"
"VHM","14:18:57",40.35,0.55,300,6295000,"B"
"VHM","14:18:56",40.4,0.6,1400,6294700,"B"
"VHM","14:18:55",40.4,0.6,300,6293300,"B"
"VHM","14:18:54",40.4,0.6,200,6293000,"B"
"VHM","14:18:53",40.4,0.6,900,6292800,"B"
"VHM","14:18:52",40.4,0.6,3600,6291900,"B"
"VHM","14:18:51",40.4,0.6,2500,6288300,"B"
"VHM","14:18:49",40.4,0.6,100,6285800,"B"
"VHM","14:18:48",40.4,0.6,500,6285700,"B"
"VHM","14:18:47",40.4,0.6,2200,6285200,"B"
"VHM","14:18:46",40.4,0.6,9000,6283000,"B"
"VHM","14:18:41",40.4,0.6,100,6274000,"B"
"VHM","14:18:29",40.4,0.6,200,6273900,"B"
"VHM","14:18:28",40.4,0.6,1100,6273700,"B"
"VHM","14:18:27",40.4,0.6,4400,6272600,"B"
"VHM","14:18:19",40.4,0.6,300,6268200,"B"
"VHM","14:18:18",40.4,0.6,1500,6267900,"B"
"VHM","14:18:17",40.45,0.65,5100,6266400,"B"
"VHM","14:18:16",40.45,0.65,20000,6261300,"B"
"VHM","14:18:16",40.45,0.65,1400,6241300,"B"
"VHM","14:18:15",40.45,0.65,5200,6239900,"B"
"VHM","14:18:15",40.45,0.65,100,6234700,"B"
"VHM","14:18:14",40.45,0.65,600,6234600,"B"
"VHM","14:18:14",40.45,0.65,700,6234000,"B"
"VHM","14:18:13",40.45,0.65,2900,6233300,"B"
"VHM","14:18:12",40.45,0.65,100,6230400,"B"
"VHM","14:18:12",40.45,0.65,300,6230300,"B"
"VHM","14:18:11",40.45,0.65,1000,6230000,"B"
"VHM","14:18:11",40.45,0.65,400,6229000,"B"
"VHM","14:18:10",40.45,0.65,1300,6228600,"B"
"VHM","14:18:09",40.45,0.65,4400,6227300,"B"
"VHM","14:18:09",40.45,0.65,800,6222900,"B"
"VHM","14:18:08",40.45,0.65,2000,6222100,"B"
"VHM","14:18:08",40.45,0.65,1200,6220100,"B"
"VHM","14:18:07",40.45,0.65,4800,6218900,"B"
"VHM","14:18:05",40.45,0.65,200,6214100,"B"
"VHM","14:18:04",40.45,0.65,100,6213900,"B"
"VHM","14:18:03",40.45,0.65,100,6213800,"B"
"VHM","14:17:49",40.45,0.65,100,6213700,"B"
"VHM","14:17:43",40.45,0.65,200,6213600,"B"
"VHM","14:17:36",40.45,0.65,300,6213400,"B"
"VHM","14:17:35",40.45,0.65,1500,6213100,"B"
"VHM","14:17:33",40.5,0.7,100,6211600,"S"
"VHM","14:17:29",40.45,0.65,100,6211500,"B"
"VHM","14:17:24",40.45,0.65,100,6211400,"B"
"VHM","14:17:17",40.45,0.65,100,6211300,"B"
"VHM","14:17:16",40.45,0.65,200,6211200,"B"
"VHM","14:17:15",40.45,0.65,800,6211000,"B"
"VHM","14:17:13",40.45,0.65,2000,6210200,"B"
"VHM","14:17:10",40.45,0.65,200,6208200,"B"
"VHM","14:17:09",40.5,0.7,1000,6208000,"S"
"VHM","14:17:04",40.45,0.65,200,6207000,"B"
"VHM","14:17:03",40.45,0.65,900,6206800,"B"
"VHM","14:16:57",40.45,0.65,200,6205900,"B"
"VHM","14:16:55",40.45,0.65,1000,6205700,"B"
"VHM","14:16:52",40.45,0.65,300,6204700,"B"
"VHM","14:16:48",40.45,0.65,300,6204400,"B"
"VHM","14:16:47",40.45,0.65,1300,6204100,"B"
"VHM","14:16:46",40.45,0.65,1800,6202800,"B"
"VHM","14:16:45",40.5,0.7,7400,6201000,"S"
"VHM","14:16:45",40.45,0.65,3500,6193600,"B"
"VHM","14:16:43",40.45,0.65,100,6190100,"B"
"VHM","14:16:42",40.45,0.65,500,6190000,"B"
"VHM","14:16:41",40.5,0.7,2000,6189500,"S"
"VHM","14:16:38",40.45,0.65,100,6187500,"B"
"VHM","14:16:37",40.45,0.65,500,6187400,"B"
"VHM","14:16:37",40.45,0.65,100,6186900,"B"
"VHM","14:16:35",40.45,0.65,300,6186800,"B"
"VHM","14:16:34",40.5,0.7,1300,6186500,"S"
"VHM","14:16:32",40.45,0.65,200,6185200,"B"
"VHM","14:16:30",40.45,0.65,800,6185000,"B"
"VHM","14:16:30",40.45,0.65,200,6184200,"B"
"VHM","14:16:29",40.45,0.65,1000,6184000,"B"
"VHM","14:16:28",40.5,0.7,4000,6183000,"S"
"VHM","14:16:27",40.45,0.65,200,6179000,"B"
"VHM","14:16:26",40.45,0.65,800,6178800,"B"
"VHM","14:16:25",40.45,0.65,1300,6178000,"B"
"VHM","14:16:24",40.45,0.65,5200,6176700,"B"
"VHM","14:16:22",40.45,0.65,1000,6171500,"B"
"VHM","14:16:22",40.45,0.65,100,6170500,"B"
"VHM","14:16:14",40.45,0.65,100,6170400,"B"
"VHM","14:16:12",40.45,0.65,100,6170300,"B"
"VHM","14:16:11",40.45,0.65,700,6170200,"B"
"VHM","14:16:10",40.45,0.65,600,6169500,"B"
"VHM","14:16:09",40.45,0.65,2500,6168900,"B"
"VHM","14:16:09",40.45,0.65,2600,6166400,"B"
"VHM","14:16:08",40.5,0.7,10000,6163800,"S"
"VHM","14:16:08",40.45,0.65,400,6153800,"B"
"VHM","14:16:07",40.45,0.65,1900,6153400,"B"
"VHM","14:16:06",40.45,0.65,7600,6151500,"B"
"VHM","14:16:05",40.45,0.65,500,6143900,"B"
"VHM","14:16:04",40.5,0.7,30000,6143400,"S"
"VHM","14:16:04",40.45,0.65,2000,6113400,"B"
"VHM","14:16:02",40.45,0.65,100,6111400,"B"
"VHM","14:16:01",40.45,0.65,100,6111300,"B"
"VHM","14:16:00",40.45,0.65,200,6111200,"B"
"VHM","14:15:59",40.5,0.7,400,6111000,"S"
"VHM","14:15:59",40.45,0.65,200,6110600,"B"
"VHM","14:15:58",40.45,0.65,1800,6110400,"B"
"VHM","14:15:56",40.45,0.65,400,6108600,"B"
"VHM","14:15:49",40.45,0.65,100,6108200,"B"
"VHM","14:15:46",40.45,0.65,100,6108100,"B"
"VHM","14:15:38",40.45,0.65,300,6108000,"B"
"VHM","14:15:37",40.45,0.65,1500,6107700,"B"
"VHM","14:15:36",40.45,0.65,1200,6106200,"B"
"VHM","14:15:36",40.45,0.65,5000,6105000,"B"
"VHM","14:15:35",40.5,0.7,5000,6100000,"S"
"VHM","14:15:31",40.45,0.65,200,6095000,"B"
"VHM","14:15:30",40.5,0.7,1000,6094800,"S"
"VHM","14:15:29",40.45,0.65,200,6093800,"B"
"VHM","14:15:28",40.45,0.65,1000,6093600,"B"
"VHM","14:15:27",40.45,0.65,3200,6092600,"B"
"VHM","14:15:26",40.45,0.65,1100,6089400,"B"
"VHM","14:15:25",40.45,0.65,800,6088300,"B"
"VHM","14:15:24",40.45,0.65,3200,6087500,"B"
"VHM","14:15:23",40.45,0.65,600,6084300,"B"
"VHM","14:15:22",40.45,0.65,10000,6083700,"B"
"VHM","14:15:20",40.5,0.7,100,6068700,"S"
"VHM","14:15:14",40.45,0.65,200,6068600,"B"
"VHM","14:15:12",40.45,0.65,1200,6068400,"B"
"VHM","14:15:10",40.45,0.65,500,6067200,"B"
"VHM","14:15:09",40.45,0.65,200,6066700,"B"
"VHM","14:15:07",40.45,0.65,200,6066500,"B"
"VHM","14:15:06",40.45,0.65,400,6066300,"B"
"VHM","14:15:05",40.45,0.65,1200,6065900,"B"
"VHM","14:15:04",40.45,0.65,2100,6064700,"B"
"VHM","14:15:03",40.45,0.65,1000,6062600,"B"
"VHM","14:15:03",40.45,0.65,500,6061600,"B"
"VHM","14:15:00",40.45,0.65,100,6061100,"B"
"VHM","14:14:59",40.45,0.65,500,6061000,"B"
"VHM","14:14:57",40.45,0.65,100,6060500,"B"
"VHM","14:14:56",40.45,0.65,700,6060400,"B"
"VHM","14:14:54",40.45,0.65,800,6059700,"B"
"VHM","14:14:52",40.5,0.7,200,6058900,"S"
"VHM","14:14:48",40.45,0.65,200,6058700,"B"
"VHM","14:14:47",40.45,0.65,400,6058500,"B"
"VHM","14:14:46",40.45,0.65,1700,6058100,"B"
"VHM","14:14:45",40.45,0.65,6800,6056400,"S"
"VHM","14:14:43",40.4,0.6,200,6049600,"B"
"VHM","14:14:24",40.4,0.6,100,6049400,"B"
"VHM","14:14:23",40.4,0.6,300,6049300,"B"
"VHM","14:14:22",40.45,0.65,100,6049000,"B"
"VHM","14:14:22",40.45,0.65,1400,6048900,"B"
"VHM","14:14:21",40.45,0.65,1400,6047500,"B"
"VHM","14:14:20",40.45,0.65,6300,6046100,"B"
"VHM","14:14:20",40.45,0.65,800,6039800,"B"
"VHM","14:14:17",40.45,0.65,4400,6039000,"B"
"VHM","14:14:16",40.45,0.65,100,6034600,"B"
"VHM","14:14:11",40.45,0.65,100,6034000,"B"
"VHM","14:14:10",40.45,0.65,700,6033900,"B"
"VHM","14:14:09",40.45,0.65,3000,6033200,"B"
"VHM","14:14:07",40.45,0.65,100,6030200,"B"
"VHM","14:14:06",40.45,0.65,500,6030100,"B"
"VHM","14:14:05",40.45,0.65,100,6029600,"B"
"VHM","14:14:04",40.45,0.65,500,6029500,"B"
"VHM","14:14:03",40.45,0.65,100,6029000,"B"
"VHM","14:14:02",40.45,0.65,600,6028900,"B"
"VHM","14:14:01",40.45,0.65,2500,6028300,"B"
"VHM","14:14:00",40.45,0.65,10000,6025800,"B"
"VHM","14:13:58",40.45,0.65,200,6015800,"B"
"VHM","14:13:55",40.45,0.65,100,6015600,"B"
"VHM","14:13:51",40.45,0.65,200,6015500,"B"
"VHM","14:13:50",40.45,0.65,800,6015300,"B"
"VHM","14:13:41",40.45,0.65,200,6014500,"B"
"VHM","14:13:39",40.45,0.65,1000,6014300,"B"
"VHM","14:13:39",40.45,0.65,100,6013300,"B"
"VHM","14:13:38",40.45,0.65,500,6013200,"B"
"VHM","14:13:37",40.45,0.65,2000,6012700,"B"
"VHM","14:13:30",40.45,0.65,200,6010700,"B"
"VHM","14:13:29",40.5,0.7,1000,6010500,"S"
"VHM","14:13:28",40.45,0.65,100,6009500,"B"
"VHM","14:13:24",40.45,0.65,200,6009400,"B"
"VHM","14:13:23",40.45,0.65,1000,6009200,"B"
"VHM","14:13:22",40.5,0.7,4200,6008200,"B"
"VHM","14:13:21",40.5,0.7,300,6004000,"B"
"VHM","14:13:20",40.5,0.7,1400,6003700,"B"
"VHM","14:13:19",40.5,0.7,5800,6002300,"B"
"VHM","14:13:18",40.5,0.7,400,5996500,"B"
"VHM","14:13:18",40.5,0.7,800,5996100,"B"
"VHM","14:13:17",40.5,0.7,1800,5995300,"B"
"VHM","14:13:16",40.5,0.7,1400,5993500,"B"
"VHM","14:13:16",40.5,0.7,100,5992100,"B"
"VHM","14:13:15",40.5,0.7,2600,5992000,"B"
"VHM","14:13:14",40.5,0.7,2100,5989400,"B"
"VHM","14:13:13",40.5,0.7,500,5987300,"B"
"VHM","14:13:12",40.5,0.7,1100,5986800,"B"
"VHM","14:13:11",40.5,0.7,900,5985700,"B"
"VHM","14:13:10",40.5,0.7,100,5984800,"B"
"VHM","14:13:09",40.5,0.7,7900,5984700,"S"
"VHM","14:13:06",40.5,0.7,800,5976800,"B"
"VHM","14:13:05",40.5,0.7,100,5976000,"B"
"VHM","14:13:03",40.5,0.7,1300,5975900,"B"
"VHM","14:13:02",40.5,0.7,300,5974600,"B"
"VHM","14:13:01",40.5,0.7,500,5974300,"B"
"VHM","14:13:00",40.5,0.7,100,5973800,"B"
"VHM","14:12:59",40.5,0.7,400,5973700,"B"
"VHM","14:12:58",40.5,0.7,1200,5973300,"B"
"VHM","14:12:57",40.5,0.7,5000,5972100,"B"
"VHM","14:12:56",40.5,0.7,100,5967100,"B"
"VHM","14:12:55",40.5,0.7,500,5967000,"B"
"VHM","14:12:52",40.5,0.7,100,5966500,"B"
"VHM","14:12:51",40.5,0.7,500,5966400,"B"
"VHM","14:12:50",40.5,0.7,100,5965900,"B"
"VHM","14:12:49",40.5,0.7,700,5965800,"B"
"VHM","14:12:48",40.5,0.7,900,5965100,"B"
"VHM","14:12:47",40.5,0.7,3900,5964200,"B"
"VHM","14:12:46",40.5,0.7,200,5960300,"B"
"VHM","14:12:46",40.55,0.75,5200,5960100,"B"
"VHM","14:12:45",40.55,0.75,100,5954900,"B"
"VHM","14:12:45",40.55,0.75,11000,5954800,"B"
"VHM","14:12:43",40.55,0.75,200,5943800,"B"
"VHM","14:12:41",40.55,0.75,600,5943600,"B"
"VHM","14:12:40",40.55,0.75,500,5943000,"B"
"VHM","14:12:39",40.55,0.75,1100,5942500,"B"
"VHM","14:12:38",40.55,0.75,1300,5941400,"S"
"VHM","14:12:38",40.5,0.7,1600,5940100,"B"
"VHM","14:12:38",40.55,0.75,1800,5938500,"B"
"VHM","14:12:37",40.55,0.75,100,5936700,"B"
"VHM","14:12:36",40.55,0.75,5000,5936600,"B"
"VHM","14:12:35",40.55,0.75,1800,5931600,"B"
"VHM","14:12:34",40.55,0.75,7200,5929800,"B"
"VHM","14:12:33",40.55,0.75,29100,5922600,"B"
"VHM","14:12:29",40.55,0.75,100,5893500,"B"
"VHM","14:12:28",40.6,0.8,500,5893400,"S"
"VHM","14:12:24",40.55,0.75,100,5892900,"B"
"VHM","14:12:23",40.55,0.75,500,5892800,"B"
"VHM","14:12:22",40.6,0.8,2000,5892300,"S"
"VHM","14:12:22",40.55,0.75,100,5890300,"B"
"VHM","14:12:20",40.55,0.75,100,5890200,"B"
"VHM","14:12:15",40.55,0.75,100,5890100,"B"
"VHM","14:12:14",40.55,0.75,200,5890000,"B"
"VHM","14:12:14",40.6,0.8,500,5889800,"S"
"VHM","14:12:13",40.55,0.75,800,5889300,"B"
"VHM","14:12:05",40.6,0.8,100,5888500,"S"
"VHM","14:12:01",40.55,0.75,200,5888400,"B"
"VHM","14:12:01",40.6,0.8,1000,5888200,"S"
"VHM","14:12:01",40.55,0.75,100,5887200,"B"
"VHM","14:12:00",40.6,0.8,500,5887100,"S"
"VHM","14:11:59",40.55,0.75,200,5886600,"B"
"VHM","14:11:53",40.55,0.75,100,5886400,"B"
"VHM","14:11:52",40.6,0.8,500,5886300,"S"
"VHM","14:11:49",40.55,0.75,300,5885800,"B"
"VHM","14:11:48",40.6,0.8,100,5885500,"B"
"VHM","14:11:48",40.55,0.75,1100,5885400,"B"
"VHM","14:11:47",40.55,0.75,4400,5884300,"B"
"VHM","14:11:46",40.55,0.75,200,5879900,"B"
"VHM","14:11:45",40.55,0.75,800,5879700,"B"
"VHM","14:11:44",40.55,0.75,1300,5878900,"B"
"VHM","14:11:44",40.6,0.8,1700,5877600,"B"
"VHM","14:11:43",40.6,0.8,500,5875900,"B"
"VHM","14:11:43",40.6,0.8,100,5875400,"B"
"VHM","14:11:42",40.6,0.8,400,5875300,"B"
"VHM","14:11:41",40.6,0.8,200,5874900,"B"
"VHM","14:11:41",40.6,0.8,1900,5874700,"B"
"VHM","14:11:40",40.6,0.8,200,5872800,"B"
"VHM","14:11:40",40.55,0.75,300,5872600,"B"
"VHM","14:11:40",40.6,0.8,3900,5872300,"B"
"VHM","14:11:39",40.6,0.8,16100,5868400,"S"
"VHM","14:11:39",40.55,0.75,700,5852300,"B"
"VHM","14:11:38",40.55,0.75,2800,5851600,"B"
"VHM","14:11:37",40.6,0.8,11400,5848800,"S"
"VHM","14:11:35",40.55,0.75,100,5837400,"B"
"VHM","14:11:34",40.6,0.8,400,5837300,"S"
"VHM","14:11:34",40.55,0.75,100,5836900,"B"
"VHM","14:11:33",40.55,0.75,400,5836800,"B"
"VHM","14:11:32",40.6,0.8,1600,5836400,"S"
"VHM","14:11:31",40.55,0.75,300,5834800,"B"
"VHM","14:11:30",40.55,0.75,1200,5834500,"B"
"VHM","14:11:29",40.6,0.8,5000,5833300,"S"
"VHM","14:11:28",40.55,0.75,100,5828300,"B"
"VHM","14:11:27",40.6,0.8,100,5828200,"S"
"VHM","14:11:27",40.55,0.75,300,5828100,"B"
"VHM","14:11:26",40.6,0.8,1000,5827800,"S"
"VHM","14:11:25",40.6,0.8,500,5826800,"S"
"VHM","14:11:23",40.6,0.8,100,5826300,"S"
"VHM","14:11:21",40.6,0.8,100,5826200,"S"
"VHM","14:11:21",40.55,0.75,300,5826100,"B"
"VHM","14:11:20",40.55,0.75,1200,5825800,"B"
"VHM","14:11:19",40.55,0.75,100,5824600,"B"
"VHM","14:11:18",40.6,0.8,5500,5824500,"S"
"VHM","14:11:16",40.55,0.75,100,5819000,"B"
"VHM","14:11:16",40.55,0.75,500,5818900,"B"
"VHM","14:11:15",40.55,0.75,100,5818400,"B"
"VHM","14:11:15",40.6,0.8,2000,5818300,"S"
"VHM","14:11:14",40.55,0.75,600,5816300,"B"
"VHM","14:11:13",40.6,0.8,2500,5815700,"S"
"VHM","14:11:12",40.6,0.8,200,5813200,"S"
"VHM","14:11:09",40.55,0.75,200,5813000,"B"
"VHM","14:11:08",40.55,0.75,900,5812800,"B"
"VHM","14:11:07",40.55,0.75,700,5811900,"B"
"VHM","14:11:06",40.6,0.8,2700,5811200,"B"
"VHM","14:11:05",40.6,0.8,1900,5808500,"B"
"VHM","14:11:04",40.6,0.8,6500,5806600,"B"
"VHM","14:11:03",40.6,0.8,1600,5800100,"B"
"VHM","14:11:03",40.65,0.85,2600,5798500,"S"
"VHM","14:11:03",40.6,0.8,1200,5795900,"S"
"VHM","14:11:02",40.6,0.8,18800,5794700,"S"
"VHM","14:11:01",40.55,0.75,100,5775900,"B"
"VHM","14:11:00",40.55,0.75,200,5775800,"B"
"VHM","14:10:59",40.6,0.8,200,5775600,"S"
"VHM","14:10:59",40.55,0.75,1100,5775400,"B"
"VHM","14:10:58",40.55,0.75,300,5774300,"B"
"VHM","14:10:57",40.55,0.75,4600,5774000,"B"
"VHM","14:10:56",40.55,0.75,1100,5769400,"B"
"VHM","14:10:55",40.55,0.75,1200,5768300,"B"
"VHM","14:10:54",40.6,0.8,5000,5767100,"S"
"VHM","14:10:53",40.55,0.75,100,5762100,"B"
"VHM","14:10:52",40.55,0.75,400,5762000,"B"
"VHM","14:10:51",40.55,0.75,100,5761600,"B"
"VHM","14:10:50",40.6,0.8,100,5760000,"B"
"VHM","14:10:49",40.6,0.8,700,5759900,"S"
"VHM","14:10:48",40.55,0.75,100,5759200,"B"
"VHM","14:10:47",40.55,0.75,700,5759100,"B"
"VHM","14:10:46",40.55,0.75,2800,5758400,"B"
"VHM","14:10:45",40.55,0.75,1300,5755600,"B"
"VHM","14:10:45",40.6,0.8,10000,5754300,"S"
"VHM","14:10:44",40.6,0.8,5000,5744300,"S"
"VHM","14:10:44",40.55,0.75,400,5739300,"B"
"VHM","14:10:43",40.55,0.75,1600,5738900,"B"
"VHM","14:10:42",40.55,0.75,6600,5737300,"B"
"VHM","14:10:41",40.55,0.75,11200,5730700,"B"
"VHM","14:10:41",40.6,0.8,12600,5719500,"S"
"VHM","14:10:40",40.6,0.8,27400,5706900,"S"
"VHM","14:10:40",40.55,0.75,500,5679500,"B"
"VHM","14:10:40",40.6,0.8,20000,5679000,"S"
"VHM","14:10:36",40.55,0.75,200,5659000,"B"
"VHM","14:10:36",40.55,0.75,800,5658800,"B"
"VHM","14:10:30",40.55,0.75,100,5658000,"B"
"VHM","14:10:29",40.55,0.75,600,5657900,"B"
"VHM","14:10:28",40.55,0.75,2600,5657300,"B"
"VHM","14:10:27",40.55,0.75,300,5654700,"B"
"VHM","14:10:26",40.55,0.75,300,5654400,"B"
"VHM","14:10:19",40.55,0.75,200,5654100,"B"
"VHM","14:10:18",40.55,0.75,1100,5653900,"B"
"VHM","14:10:16",40.55,0.75,4400,5652800,"B"
"VHM","14:10:10",40.55,0.75,200,5648400,"B"
"VHM","14:10:08",40.55,0.75,1000,5648200,"B"
"VHM","14:10:08",40.55,0.75,100,5647200,"B"
"VHM","14:10:05",40.55,0.75,200,5647100,"B"
"VHM","14:10:04",40.55,0.75,800,5646900,"B"
"VHM","14:09:58",40.55,0.75,200,5646100,"B"
"VHM","14:09:57",40.55,0.75,1000,5645900,"B"
"VHM","14:09:51",40.55,0.75,100,5644900,"B"
"VHM","14:09:50",40.55,0.75,100,5644800,"B"
"VHM","14:09:50",40.55,0.75,200,5644700,"B"
"VHM","14:09:49",40.55,0.75,800,5644500,"B"
"VHM","14:09:48",40.55,0.75,3500,5643700,"S"
"VHM","14:09:46",40.5,0.7,300,5640200,"B"
"VHM","14:09:46",40.5,0.7,800,5639900,"B"
"VHM","14:09:45",40.55,0.75,3400,5639100,"S"
"VHM","14:09:44",40.5,0.7,100,5635700,"B"
"VHM","14:09:44",40.5,0.7,500,5635600,"B"
"VHM","14:09:43",40.55,0.75,2000,5635100,"S"
"VHM","14:09:43",40.5,0.7,100,5633100,"B"
"VHM","14:09:42",40.5,0.7,500,5633000,"B"
"VHM","14:09:39",40.5,0.7,100,5632500,"B"
"VHM","14:09:38",40.55,0.75,400,5632400,"S"
"VHM","14:09:33",40.5,0.7,200,5632000,"B"
"VHM","14:09:32",40.5,0.7,900,5631800,"B"
"VHM","14:09:31",40.55,0.75,1000,5630900,"S"
"VHM","14:09:30",40.55,0.75,100,5629900,"S"
"VHM","14:09:28",40.5,0.7,100,5629800,"B"
"VHM","14:09:26",40.5,0.7,400,5629700,"B"
"VHM","14:09:23",40.55,0.75,200,5629300,"S"
"VHM","14:09:22",40.5,0.7,100,5629100,"B"
"VHM","14:09:18",40.5,0.7,200,5629000,"B"
"VHM","14:09:17",40.5,0.7,100,5628800,"B"
"VHM","14:09:16",40.5,0.7,400,5628700,"B"
"VHM","14:09:15",40.5,0.7,1700,5628300,"B"
"VHM","14:09:14",40.5,0.7,5000,5626600,"B"
"VHM","14:09:14",40.55,0.75,2000,5621600,"S"
"VHM","14:09:13",40.55,0.75,20000,5619600,"S"
"VHM","14:09:05",40.5,0.7,300,5599600,"B"
"VHM","14:09:02",40.5,0.7,300,5599300,"B"
"VHM","14:09:01",40.5,0.7,200,5599000,"S"
"VHM","14:09:01",40.45,0.65,800,5598800,"B"
"VHM","14:09:00",40.45,0.65,3000,5598000,"B"
"VHM","14:09:00",40.5,0.7,100,5595000,"B"
"VHM","14:09:00",40.5,0.7,300,5594900,"B"
"VHM","14:08:59",40.55,0.75,1000,5594600,"S"
"VHM","14:08:58",40.55,0.75,10000,5593600,"S"
"VHM","14:08:58",40.5,0.7,100,5583600,"B"
"VHM","14:08:55",40.5,0.7,100,5583500,"B"
"VHM","14:08:48",40.5,0.7,100,5583400,"B"
"VHM","14:08:47",40.5,0.7,600,5583300,"B"
"VHM","14:08:46",40.5,0.7,2500,5582700,"B"
"VHM","14:08:45",40.5,0.7,200,5580200,"B"
"VHM","14:08:44",40.55,0.75,10000,5580000,"S"
"VHM","14:08:43",40.5,0.7,100,5570000,"B"
"VHM","14:08:42",40.5,0.7,600,5569900,"B"
"VHM","14:08:41",40.55,0.75,2000,5569300,"S"
"VHM","14:08:34",40.5,0.7,100,5567300,"B"
"VHM","14:08:31",40.5,0.7,100,5567200,"B"
"VHM","14:08:30",40.5,0.7,200,5567100,"B"
"VHM","14:08:29",40.5,0.7,300,5566700,"B"
"VHM","14:08:28",40.5,0.7,700,5566400,"B"
"VHM","14:08:28",40.5,0.7,900,5565700,"B"
"VHM","14:08:27",40.5,0.7,200,5564800,"S"
"VHM","14:08:26",40.5,0.7,3400,5564600,"S"
"VHM","14:08:26",40.45,0.65,100,5561200,"B"
"VHM","14:08:25",40.45,0.65,100,5561100,"S"
"VHM","14:08:25",40.4,0.6,600,5561000,"B"
"VHM","14:08:24",40.4,0.6,2500,5560400,"B"
"VHM","14:08:23",40.4,0.6,2700,5557900,"B"
"VHM","14:08:23",40.45,0.65,7400,5555200,"B"
"VHM","14:08:22",40.45,0.65,500,5547800,"B"
"VHM","14:08:22",40.5,0.7,30400,5547300,"S"
"VHM","14:08:21",40.5,0.7,9600,5516900,"S"
"VHM","14:08:20",40.45,0.65,2000,5507300,"B"
"VHM","14:08:14",40.45,0.65,100,5505300,"B"
"VHM","14:08:13",40.5,0.7,500,5505200,"S"
"VHM","14:08:06",40.4,0.6,100,5504700,"B"
"VHM","14:08:05",40.5,0.7,500,5504600,"S"
"VHM","14:08:04",40.4,0.6,200,5504100,"B"
"VHM","14:08:03",40.5,0.7,500,5503900,"S"
"VHM","14:08:03",40.45,0.65,500,5503400,"B"
"VHM","14:08:01",40.5,0.7,2200,5502900,"S"
"VHM","14:07:59",40.45,0.65,200,5500700,"B"
"VHM","14:07:58",40.45,0.65,900,5500400,"B"
"VHM","14:07:57",40.5,0.7,1300,5499500,"S"
"VHM","14:07:57",40.45,0.65,2600,5498200,"B"
"VHM","14:07:56",40.45,0.65,700,5495600,"B"
"VHM","14:07:56",40.45,0.65,10000,5494900,"B"
"VHM","14:07:54",40.5,0.7,40000,5484900,"S"
"VHM","14:07:54",40.45,0.65,200,5444900,"B"
"VHM","14:07:53",40.45,0.65,900,5444700,"B"
"VHM","14:07:52",40.45,0.65,3700,5443800,"B"
"VHM","14:07:51",40.5,0.7,15000,5440100,"S"
"VHM","14:07:50",40.45,0.65,200,5425100,"B"
"VHM","14:07:41",40.45,0.65,200,5424900,"B"
"VHM","14:07:37",40.45,0.65,100,5424700,"B"
"VHM","14:07:36",40.45,0.65,200,5424600,"S"
"VHM","14:07:35",40.4,0.6,100,5424400,"B"
"VHM","14:07:34",40.45,0.65,200,5424300,"S"
"VHM","14:07:34",40.4,0.6,300,5424100,"B"
"VHM","14:07:33",40.4,0.6,1300,5423800,"B"
"VHM","14:07:31",40.4,0.6,5400,5422500,"B"
"VHM","14:07:31",40.45,0.65,20200,5417100,"S"
"VHM","14:07:31",40.4,0.6,1500,5396900,"B"
"VHM","14:07:30",40.4,0.6,6200,5395400,"B"
"VHM","14:07:29",40.45,0.65,25000,5389200,"S"
"VHM","14:07:25",40.4,0.6,100,5364200,"B"
"VHM","14:07:24",40.4,0.6,700,5364100,"B"
"VHM","14:07:13",40.4,0.6,100,5363400,"B"
"VHM","14:07:12",40.4,0.6,700,5363300,"B"
"VHM","14:07:10",40.45,0.65,3000,5362600,"S"
"VHM","14:07:10",40.4,0.6,100,5359600,"B"
"VHM","14:07:09",40.4,0.6,700,5359500,"B"
"VHM","14:07:08",40.4,0.6,2800,5358800,"B"
"VHM","14:07:07",40.4,0.6,11400,5356000,"B"
"VHM","14:07:06",40.4,0.6,200,5344600,"B"
"VHM","14:07:05",40.4,0.6,600,5344400,"B"
"VHM","14:07:05",40.45,0.65,200,5343800,"S"
"VHM","14:06:54",40.4,0.6,100,5343600,"B"
"VHM","14:06:53",40.4,0.6,700,5343500,"B"
"VHM","14:06:52",40.4,0.6,3000,5342800,"B"
"VHM","14:06:51",40.4,0.6,6100,5339800,"B"
"VHM","14:06:51",40.45,0.65,3200,5333700,"B"
"VHM","14:06:50",40.45,0.65,36800,5330500,"S"
"VHM","14:06:50",40.4,0.6,500,5293700,"B"
"VHM","14:06:49",40.4,0.6,1200,5293200,"B"
"VHM","14:06:48",40.45,0.65,5000,5292000,"S"
"VHM","14:06:47",40.45,0.65,100,5287000,"S"
"VHM","14:06:26",40.4,0.6,300,5286900,"B"
"VHM","14:06:25",40.4,0.6,1200,5286600,"B"
"VHM","14:06:24",40.45,0.65,5000,5285400,"S"
"VHM","14:06:24",40.4,0.6,100,5280400,"B"
"VHM","14:06:23",40.4,0.6,100,5280300,"B"
"VHM","14:06:22",40.4,0.6,700,5280200,"B"
"VHM","14:06:21",40.4,0.6,1100,5279500,"B"
"VHM","14:06:21",40.45,0.65,1900,5278400,"S"
"VHM","14:06:20",40.4,0.6,700,5276500,"B"
"VHM","14:06:19",40.4,0.6,200,5275800,"B"
"VHM","14:06:18",40.4,0.6,1000,5275600,"B"
"VHM","14:06:17",40.4,0.6,100,5274600,"B"
"VHM","14:06:13",40.45,0.65,100,5274500,"S"
"VHM","14:06:08",40.4,0.6,100,5274400,"B"
"VHM","14:06:07",40.45,0.65,500,5274300,"S"
"VHM","14:06:00",40.4,0.6,100,5273800,"B"
"VHM","14:06:00",40.4,0.6,500,5273700,"S"
"VHM","14:05:56",40.35,0.55,300,5273200,"B"
"VHM","14:05:54",40.35,0.55,1400,5272900,"B"
"VHM","14:05:54",40.35,0.55,4900,5271500,"B"
"VHM","14:05:54",40.4,0.6,900,5266600,"B"
"VHM","14:05:53",40.4,0.6,19100,5265700,"S"
"VHM","14:05:53",40.35,0.55,2000,5246600,"B"
"VHM","14:05:52",40.4,0.6,2200,5244600,"S"
"VHM","14:05:49",40.35,0.55,100,5242400,"B"
"VHM","14:05:48",40.35,0.55,700,5242300,"B"
"VHM","14:05:43",40.3,0.5,200,5241600,"B"
"VHM","14:05:42",40.35,0.55,1000,5241400,"S"
"VHM","14:05:42",40.3,0.5,100,5240400,"B"
"VHM","14:05:40",40.3,0.5,500,5240300,"B"
"VHM","14:05:33",40.3,0.5,300,5239800,"B"
"VHM","14:05:32",40.3,0.5,1200,5239500,"B"
"VHM","14:05:30",40.3,0.5,4900,5238300,"B"
"VHM","14:05:28",40.4,0.6,19900,5233400,"S"
"VHM","14:05:24",40.3,0.5,100,5213500,"B"
"VHM","14:05:20",40.25,0.45,100,5213400,"B"
"VHM","14:05:17",40.25,0.45,300,5213300,"B"
"VHM","14:05:16",40.25,0.45,700,5213000,"B"
"VHM","14:05:16",40.25,0.45,600,5212300,"B"
"VHM","14:05:14",40.4,0.6,2500,5211700,"S"
"VHM","14:05:11",40.25,0.45,300,5209200,"B"
"VHM","14:05:10",40.25,0.45,1300,5208900,"B"
"VHM","14:05:09",40.25,0.45,4900,5207600,"B"
"VHM","14:05:09",40.35,0.55,500,5202700,"B"
"VHM","14:05:08",40.35,0.55,1700,5202200,"S"
"VHM","14:05:07",40.35,0.55,20000,5200500,"S"
"VHM","14:05:04",40.25,0.45,100,5180500,"B"
"VHM","14:05:03",40.25,0.45,400,5180400,"B"
"VHM","14:05:02",40.25,0.45,1700,5180000,"B"
"VHM","14:05:01",40.25,0.45,6500,5178300,"B"
"VHM","14:05:01",40.3,0.5,200,5171800,"B"
"VHM","14:05:01",40.3,0.5,100,5171600,"B"
"VHM","14:05:00",40.35,0.55,26500,5171500,"S"
"VHM","14:04:59",40.3,0.5,2000,5144500,"B"
"VHM","14:04:47",40.3,0.5,100,5142500,"B"
"VHM","14:04:45",40.3,0.5,400,5142400,"S"
"VHM","14:04:45",40.25,0.45,100,5142000,"B"
"VHM","14:04:44",40.25,0.45,700,5141900,"B"
"VHM","14:04:43",40.25,0.45,100,5141200,"B"
"VHM","14:04:42",40.25,0.45,700,5141100,"B"
"VHM","14:04:41",40.25,0.45,2800,5140400,"B"
"VHM","14:04:40",40.25,0.45,7200,5137600,"B"
"VHM","14:04:40",40.3,0.5,4200,5130400,"B"
"VHM","14:04:39",40.3,0.5,1100,5126200,"S"
"VHM","14:04:38",40.3,0.5,44700,5125100,"S"
"VHM","14:04:38",40.25,0.45,100,5080400,"B"
"VHM","14:04:36",40.25,0.45,600,5080300,"B"
"VHM","14:04:35",40.25,0.45,2500,5079700,"B"
"VHM","14:04:33",40.3,0.5,10000,5077200,"S"
"VHM","14:04:32",40.25,0.45,300,5067200,"B"
"VHM","14:04:31",40.3,0.5,600,5066900,"S"
"VHM","14:04:30",40.3,0.5,300,5066300,"S"
"VHM","14:04:20",40.25,0.45,200,5066000,"B"
"VHM","14:04:19",40.25,0.45,1000,5065800,"B"
"VHM","14:04:13",40.25,0.45,100,5064800,"S"
"VHM","14:04:13",40.2,0.4,100,5064700,"B"
"VHM","14:04:12",40.2,0.4,700,5064600,"B"
"VHM","14:04:03",40.25,0.45,200,5063900,"S"
"VHM","14:03:51",40.2,0.4,100,5063700,"B"
"VHM","14:03:50",40.25,0.45,500,5063600,"S"
"VHM","14:03:42",40.2,0.4,100,5063100,"B"
"VHM","14:03:41",40.2,0.4,400,5063000,"B"
"VHM","14:03:40",40.2,0.4,600,5062600,"B"
"VHM","14:03:40",40.25,0.45,100,5062000,"B"
"VHM","14:03:40",40.3,0.5,1000,5061900,"S"
"VHM","14:03:39",40.25,0.45,100,5060900,"B"
"VHM","14:03:38",40.3,0.5,500,5060800,"S"
"VHM","14:03:35",40.25,0.45,300,5060300,"B"
"VHM","14:03:32",40.2,0.4,200,5060000,"B"
"VHM","14:03:31",40.25,0.45,300,5059200,"B"
"VHM","14:03:29",40.3,0.5,3700,5058900,"S"
"VHM","14:03:29",40.25,0.45,100,5055200,"S"
"VHM","14:03:25",40.2,0.4,200,5055100,"B"
"VHM","14:03:24",40.2,0.4,900,5054900,"B"
"VHM","14:03:22",40.3,0.5,3800,5054000,"S"
"VHM","14:03:19",40.2,0.4,200,5050200,"B"
"VHM","14:03:17",40.3,0.5,400,5050000,"S"
"VHM","14:03:17",40.25,0.45,600,5049600,"S"
"VHM","14:03:16",40.2,0.4,100,5049000,"B"
"VHM","14:03:15",40.2,0.4,500,5048900,"B"
"VHM","14:03:14",40.25,0.45,2200,5048400,"S"
"VHM","14:03:10",40.2,0.4,200,5046200,"B"
"VHM","14:03:09",40.2,0.4,800,5046000,"B"
"VHM","14:03:08",40.2,0.4,3400,5045200,"B"
"VHM","14:03:07",40.25,0.45,3000,5041800,"S"
"VHM","14:03:07",40.25,0.45,8000,5038800,"B"
"VHM","14:03:05",40.25,0.45,200,5030800,"B"
"VHM","14:03:04",40.25,0.45,1000,5030600,"B"
"VHM","14:03:03",40.3,0.5,4000,5029600,"S"
"VHM","14:02:59",40.25,0.45,100,5025600,"B"
"VHM","14:02:58",40.25,0.45,400,5025500,"B"
"VHM","14:02:57",40.25,0.45,400,5025100,"S"
"VHM","14:02:57",40.2,0.4,1000,5024700,"B"
"VHM","14:02:56",40.25,0.45,4100,5023700,"S"
"VHM","14:02:55",40.2,0.4,100,5019600,"B"
"VHM","14:02:54",40.2,0.4,500,5019500,"B"
"VHM","14:02:51",40.2,0.4,200,5019000,"B"
"VHM","14:02:50",40.2,0.4,900,5018800,"B"
"VHM","14:02:49",40.25,0.45,3900,5017900,"S"
"VHM","14:02:48",40.25,0.45,200,5014000,"S"
"VHM","14:02:37",40.2,0.4,100,5013800,"B"
"VHM","14:02:35",40.2,0.4,700,5013700,"B"
"VHM","14:02:31",40.2,0.4,100,5013000,"B"
"VHM","14:02:30",40.2,0.4,600,5012900,"B"
"VHM","14:02:29",40.3,0.5,1800,5012300,"S"
"VHM","14:02:29",40.25,0.45,700,5010500,"S"
"VHM","14:02:26",40.2,0.4,100,5009800,"B"
"VHM","14:02:25",40.2,0.4,500,5009700,"B"
"VHM","14:02:23",40.25,0.45,2200,5009200,"S"
"VHM","14:02:22",40.2,0.4,200,5007000,"B"
"VHM","14:02:21",40.25,0.45,1000,5006800,"S"
"VHM","14:02:17",40.2,0.4,100,5005800,"B"
"VHM","14:02:15",40.2,0.4,100,5005700,"B"
"VHM","14:02:13",40.25,0.45,500,5005600,"S"
"VHM","14:02:06",40.25,0.45,200,5005100,"S"
"VHM","14:02:05",40.2,0.4,300,5004900,"B"
"VHM","14:02:04",40.2,0.4,600,5004600,"B"
"VHM","14:02:03",40.2,0.4,700,5004000,"B"
"VHM","14:02:03",40.2,0.4,2500,5003300,"B"
"VHM","14:02:02",40.2,0.4,10000,5000800,"B"
"VHM","14:01:58",40.2,0.4,100,4990800,"B"
"VHM","14:01:57",40.2,0.4,600,4990700,"B"
"VHM","14:01:56",40.2,0.4,2500,4990100,"B"
"VHM","14:01:55",40.25,0.45,10000,4987600,"S"
"VHM","14:01:54",40.2,0.4,100,4977600,"B"
"VHM","14:01:53",40.2,0.4,500,4977500,"B"
"VHM","14:01:51",40.25,0.45,2200,4977000,"S"
"VHM","14:01:50",40.2,0.4,100,4974800,"B"
"VHM","14:01:36",40.2,0.4,100,4974700,"B"
"VHM","14:01:35",40.2,0.4,200,4974600,"B"
"VHM","14:01:33",40.2,0.4,100,4974400,"B"
"VHM","14:01:32",40.2,0.4,400,4974300,"B"
"VHM","14:01:31",40.2,0.4,700,4973900,"B"
"VHM","14:01:31",40.2,0.4,1200,4973200,"B"
"VHM","14:01:30",40.2,0.4,5000,4972000,"B"
"VHM","14:01:21",40.2,0.4,100,4967000,"B"
"VHM","14:01:20",40.2,0.4,500,4966900,"B"
"VHM","14:01:05",40.2,0.4,200,4966400,"B"
"VHM","14:01:04",40.2,0.4,1000,4966200,"B"
"VHM","14:01:00",40.2,0.4,100,4965200,"B"
"VHM","14:00:59",40.2,0.4,700,4965100,"B"
"VHM","14:00:39",40.2,0.4,200,4964400,"B"
"VHM","14:00:37",40.25,0.45,1000,4964200,"S"
"VHM","14:00:31",40.25,0.45,100,4963200,"B"
"VHM","14:00:29",40.2,0.4,100,4963100,"B"
"VHM","14:00:27",40.2,0.4,900,4963000,"B"
"VHM","14:00:26",40.2,0.4,100,4962100,"B"
"VHM","14:00:26",40.25,0.45,900,4962000,"B"
"VHM","14:00:25",40.25,0.45,4000,4961100,"B"
"VHM","14:00:20",40.25,0.45,200,4957100,"B"
"VHM","14:00:19",40.3,0.5,1000,4956900,"S"
"VHM","14:00:18",40.25,0.45,200,4955900,"B"
"VHM","14:00:16",40.25,0.45,1000,4955700,"B"
"VHM","14:00:14",40.25,0.45,100,4954700,"B"
"VHM","14:00:13",40.25,0.45,500,4954600,"B"
"VHM","14:00:12",40.25,0.45,2000,4954100,"B"
"VHM","14:00:05",40.25,0.45,200,4952100,"B"
"VHM","14:00:04",40.25,0.45,100,4951900,"B"
"VHM","14:00:03",40.3,0.5,500,4951800,"S"
"VHM","14:00:02",40.3,0.5,200,4951300,"S"
"VHM","13:59:56",40.25,0.45,200,4951100,"B"
"VHM","13:59:55",40.25,0.45,800,4950900,"B"
"VHM","13:59:54",40.25,0.45,400,4950100,"B"
"VHM","13:59:53",40.25,0.45,1900,4949700,"B"
"VHM","13:59:52",40.3,0.5,3000,4947800,"S"
"VHM","13:59:51",40.3,0.5,4800,4944800,"S"
"VHM","13:59:47",40.3,0.5,200,4940000,"S"
"VHM","13:59:41",40.3,0.5,100,4939800,"B"
"VHM","13:59:36",40.3,0.5,100,4939700,"B"
"VHM","13:59:35",40.3,0.5,600,4939600,"B"
"VHM","13:59:34",40.3,0.5,2700,4939000,"B"
"VHM","13:59:33",40.3,0.5,6500,4936300,"S"
"VHM","13:59:33",40.25,0.45,200,4929800,"B"
"VHM","13:59:32",40.25,0.45,800,4929600,"B"
"VHM","13:59:31",40.25,0.45,3400,4928800,"B"
"VHM","13:59:30",40.25,0.45,100,4911700,"B"
"VHM","13:59:29",40.25,0.45,400,4911600,"B"
"VHM","13:59:28",40.25,0.45,1700,4911200,"B"
"VHM","13:59:27",40.25,0.45,7000,4909500,"B"
"VHM","13:59:26",40.25,0.45,100,4902500,"B"
"VHM","13:59:25",40.25,0.45,600,4902400,"B"
"VHM","13:59:24",40.25,0.45,1900,4901800,"B"
"VHM","13:59:23",40.3,0.5,500,4899900,"S"
"VHM","13:59:23",40.25,0.45,3000,4899400,"B"
"VHM","13:59:23",40.3,0.5,3900,4896400,"S"
"VHM","13:59:22",40.25,0.45,700,4892500,"B"
"VHM","13:59:16",40.25,0.45,200,4891800,"B"
"VHM","13:59:15",40.25,0.45,100,4891600,"B"
"VHM","13:59:14",40.25,0.45,700,4891500,"B"
"VHM","13:59:12",40.25,0.45,2900,4890800,"B"
"VHM","13:59:12",40.25,0.45,300,4887900,"B"
"VHM","13:59:11",40.25,0.45,1300,4887600,"B"
"VHM","13:59:10",40.25,0.45,4400,4886300,"B"
"VHM","13:59:09",40.25,0.45,100,4880900,"B"
"VHM","13:59:06",40.25,0.45,200,4880800,"B"
"VHM","13:59:00",40.25,0.45,100,4880600,"B"
"VHM","13:58:59",40.25,0.45,500,4880500,"B"
"VHM","13:58:58",40.25,0.45,2300,4880000,"B"
"VHM","13:58:53",40.25,0.45,200,4877700,"B"
"VHM","13:58:52",40.25,0.45,500,4877500,"B"
"VHM","13:58:51",40.25,0.45,1400,4877000,"B"
"VHM","13:58:50",40.25,0.45,700,4875600,"B"
"VHM","13:58:48",40.25,0.45,300,4874900,"B"
"VHM","13:58:45",40.25,0.45,100,4874600,"B"
"VHM","13:58:44",40.25,0.45,500,4874500,"B"
"VHM","13:58:43",40.25,0.45,2000,4874000,"B"
"VHM","13:58:42",40.25,0.45,8100,4872000,"S"
"VHM","13:58:37",40.2,0.4,200,4863900,"B"
"VHM","13:58:36",40.2,0.4,1100,4863700,"B"
"VHM","13:58:35",40.2,0.4,4400,4862600,"B"
"VHM","13:58:34",40.25,0.45,100,4858200,"S"
"VHM","13:58:34",40.2,0.4,100,4858100,"B"
"VHM","13:58:32",40.2,0.4,700,4858000,"B"
"VHM","13:58:32",40.25,0.45,3000,4857300,"S"
"VHM","13:58:22",40.25,0.45,200,4854300,"S"
"VHM","13:58:19",40.25,0.45,300,4854100,"S"
"VHM","13:58:19",40.2,0.4,100,4853800,"B"
"VHM","13:58:18",40.2,0.4,700,4853700,"B"
"VHM","13:58:09",40.2,0.4,200,4853000,"B"
"VHM","13:58:08",40.2,0.4,1100,4852800,"B"
"VHM","13:58:07",40.2,0.4,4400,4851700,"B"
"VHM","13:58:05",40.2,0.4,300,4847300,"B"
"VHM","13:58:04",40.2,0.4,1300,4847000,"B"
"VHM","13:58:03",40.2,0.4,2100,4845700,"B"
"VHM","13:58:03",40.25,0.45,3300,4843600,"B"
"VHM","13:58:01",40.25,0.45,21700,4840300,"S"
"VHM","13:57:58",40.25,0.45,300,4818600,"S"
"VHM","13:57:52",40.2,0.4,100,4818300,"B"
"VHM","13:57:50",40.2,0.4,600,4818200,"B"
"VHM","13:57:47",40.2,0.4,100,4817600,"B"
"VHM","13:57:45",40.2,0.4,700,4817500,"B"
"VHM","13:57:44",40.2,0.4,300,4816800,"B"
"VHM","13:57:43",40.2,0.4,1500,4816500,"B"
"VHM","13:57:42",40.2,0.4,6300,4815000,"B"
"VHM","13:57:41",40.2,0.4,100,4808700,"B"
"VHM","13:57:40",40.2,0.4,300,4783600,"S"
"VHM","13:57:33",40.2,0.4,300,4783300,"B"
"VHM","13:57:32",40.2,0.4,100,4783000,"B"
"VHM","13:57:24",40.2,0.4,200,4782900,"B"
"VHM","13:57:23",40.2,0.4,1100,4782700,"B"
"VHM","13:57:22",40.2,0.4,400,4781600,"B"
"VHM","13:57:21",40.2,0.4,1800,4781200,"B"
"VHM","13:57:20",40.2,0.4,7300,4779400,"S"
"VHM","13:57:14",40.15,0.35,100,4772100,"B"
"VHM","13:57:13",40.15,0.35,200,4772000,"B"
"VHM","13:57:13",40.15,0.35,700,4771800,"B"
"VHM","13:56:51",40.15,0.35,100,4771100,"B"
"VHM","13:56:50",40.2,0.4,500,4771000,"B"
"VHM","13:56:43",40.2,0.4,200,4770500,"B"
"VHM","13:56:42",40.2,0.4,100,4770300,"B"
"VHM","13:56:41",40.2,0.4,1000,4770200,"B"
"VHM","13:56:41",40.2,0.4,700,4769200,"B"
"VHM","13:56:37",40.2,0.4,200,4768500,"B"
"VHM","13:56:35",40.2,0.4,1000,4768300,"B"
"VHM","13:56:33",40.2,0.4,100,4767300,"B"
"VHM","13:56:32",40.2,0.4,600,4767200,"B"
"VHM","13:56:31",40.2,0.4,500,4766600,"B"
"VHM","13:56:20",40.2,0.4,200,4766100,"B"
"VHM","13:56:18",40.2,0.4,1000,4765900,"B"
"VHM","13:56:10",40.2,0.4,200,4764900,"B"
"VHM","13:56:08",40.2,0.4,800,4764700,"B"
"VHM","13:56:07",40.25,0.45,500,4763900,"S"
"VHM","13:55:59",40.2,0.4,200,4763400,"B"
"VHM","13:55:57",40.2,0.4,1000,4763200,"B"
"VHM","13:55:49",40.2,0.4,200,4762200,"B"
"VHM","13:55:37",40.25,0.45,100,4762000,"S"
"VHM","13:55:36",40.2,0.4,800,4761900,"B"
"VHM","13:55:26",40.2,0.4,200,4761100,"B"
"VHM","13:55:24",40.2,0.4,4000,4760900,"B"
"VHM","13:55:24",40.25,0.45,600,4756900,"B"
"VHM","13:55:23",40.3,0.5,10000,4756300,"S"
"VHM","13:55:23",40.25,0.45,5000,4746300,"B"
"VHM","13:55:22",40.25,0.45,20000,4741300,"B"
"VHM","13:55:21",40.25,0.45,200,4721300,"B"
"VHM","13:55:20",40.25,0.45,500,4721100,"B"
"VHM","13:55:20",40.3,0.5,500,4720600,"S"
"VHM","13:55:19",40.3,0.5,2000,4720100,"S"
"VHM","13:55:16",40.25,0.45,100,4718100,"B"
"VHM","13:55:15",40.25,0.45,400,4718000,"B"
"VHM","13:55:14",40.3,0.5,1700,4717600,"B"
"VHM","13:55:10",40.3,0.5,100,4715900,"B"
"VHM","13:55:09",40.3,0.5,400,4715800,"S"
"VHM","13:55:07",40.3,0.5,100,4715400,"S"
"VHM","13:55:05",40.25,0.45,100,4715300,"B"
"VHM","13:55:04",40.25,0.45,700,4715200,"B"
"VHM","13:55:02",40.25,0.45,200,4714500,"B"
"VHM","13:55:01",40.25,0.45,800,4714300,"B"
"VHM","13:55:00",40.25,0.45,2700,4713500,"B"
"VHM","13:55:00",40.35,0.55,500,4710800,"S"
"VHM","13:54:59",40.25,0.45,800,4710300,"B"
"VHM","13:54:58",40.35,0.55,10000,4709500,"S"
"VHM","13:54:58",40.35,0.55,500,4699500,"S"
"VHM","13:54:58",40.3,0.5,1500,4699000,"S"
"VHM","13:54:58",40.25,0.45,1200,4697500,"B"
"VHM","13:54:57",40.3,0.5,5100,4696300,"S"
"VHM","13:54:55",40.25,0.45,100,4691200,"B"
"VHM","13:54:54",40.25,0.45,100,4691100,"B"
"VHM","13:54:53",40.3,0.5,300,4691000,"S"
"VHM","13:54:53",40.3,0.5,400,4690700,"B"
"VHM","13:54:51",40.25,0.45,200,4690300,"B"
"VHM","13:54:51",40.3,0.5,200,4690100,"B"
"VHM","13:54:51",40.3,0.5,1800,4689900,"B"
"VHM","13:54:50",40.3,0.5,600,4688100,"B"
"VHM","13:54:49",40.35,0.55,6800,4687500,"S"
"VHM","13:54:49",40.3,0.5,2700,4680700,"B"
"VHM","13:54:48",40.35,0.55,1000,4678000,"S"
"VHM","13:54:48",40.3,0.5,10100,4677000,"B"
"VHM","13:54:47",40.3,0.5,500,4666900,"B"
"VHM","13:54:45",40.3,0.5,200,4666400,"B"
"VHM","13:54:42",40.3,0.5,300,4666200,"B"
"VHM","13:54:41",40.3,0.5,500,4665900,"B"
"VHM","13:54:40",40.3,0.5,1200,4665400,"B"
"VHM","13:54:39",40.3,0.5,5000,4664200,"B"
"VHM","13:54:38",40.3,0.5,300,4659200,"B"
"VHM","13:54:33",40.3,0.5,100,4658900,"B"
"VHM","13:54:32",40.3,0.5,700,4658800,"B"
"VHM","13:54:30",40.3,0.5,200,4658100,"B"
"VHM","13:54:30",40.3,0.5,100,4657900,"B"
"VHM","13:54:26",40.3,0.5,100,4657800,"B"
"VHM","13:54:25",40.3,0.5,700,4657700,"B"
"VHM","13:54:23",40.3,0.5,500,4657000,"S"
"VHM","13:54:23",40.25,0.45,100,4656500,"B"
"VHM","13:54:22",40.3,0.5,100,4656400,"B"
"VHM","13:54:22",40.3,0.5,400,4656300,"B"
"VHM","13:54:21",40.25,0.45,1800,4655900,"B"
"VHM","13:54:21",40.3,0.5,100,4654100,"B"
"VHM","13:54:20",40.25,0.45,3600,4654000,"B"
"VHM","13:54:20",40.3,0.5,3200,4650400,"B"
"VHM","13:54:19",40.3,0.5,1000,4647200,"B"
"VHM","13:54:19",40.3,0.5,15800,4646200,"S"
"VHM","13:54:19",40.25,0.45,1300,4630400,"B"
"VHM","13:54:19",40.3,0.5,10100,4629100,"S"
"VHM","13:54:18",40.25,0.45,5200,4619000,"B"
"VHM","13:54:17",40.3,0.5,21100,4613800,"S"
"VHM","13:54:12",40.25,0.45,200,4592700,"B"
"VHM","13:54:11",40.25,0.45,100,4592500,"B"
"VHM","13:54:10",40.25,0.45,500,4592400,"B"
"VHM","13:54:09",40.25,0.45,200,4591900,"B"
"VHM","13:54:08",40.25,0.45,1000,4591700,"B"
"VHM","13:54:05",40.25,0.45,100,4590700,"B"
"VHM","13:54:01",40.25,0.45,100,4590600,"B"
"VHM","13:54:00",40.25,0.45,700,4590500,"B"
"VHM","13:53:55",40.25,0.45,600,4589800,"B"
"VHM","13:53:54",40.25,0.45,200,4589200,"B"
"VHM","13:53:46",40.25,0.45,100,4589000,"B"
"VHM","13:53:44",40.3,0.5,500,4588900,"S"
"VHM","13:53:44",40.25,0.45,100,4588400,"B"
"VHM","13:53:43",40.25,0.45,500,4588300,"B"
"VHM","13:53:41",40.3,0.5,2000,4587800,"S"
"VHM","13:53:40",40.25,0.45,200,4585800,"B"
"VHM","13:53:39",40.3,0.5,1100,4585600,"S"
"VHM","13:53:35",40.25,0.45,100,4584500,"B"
"VHM","13:53:34",40.25,0.45,100,4584400,"B"
"VHM","13:53:33",40.25,0.45,700,4584300,"B"
"VHM","13:53:32",40.3,0.5,2200,4583600,"S"
"VHM","13:53:30",40.25,0.45,100,4581400,"B"
"VHM","13:53:29",40.25,0.45,400,4581300,"B"
"VHM","13:53:27",40.25,0.45,700,4580900,"B"
"VHM","13:53:27",40.3,0.5,300,4580200,"S"
"VHM","13:53:27",40.25,0.45,300,4579900,"B"
"VHM","13:53:26",40.25,0.45,500,4579600,"B"
"VHM","13:53:25",40.25,0.45,100,4579100,"B"
"VHM","13:53:24",40.25,0.45,700,4579000,"B"
"VHM","13:53:23",40.25,0.45,200,4578300,"B"
"VHM","13:53:22",40.25,0.45,600,4578100,"B"
"VHM","13:53:21",40.25,0.45,2000,4577500,"B"
"VHM","13:53:21",40.3,0.5,400,4575500,"S"
"VHM","13:53:20",40.25,0.45,100,4575100,"B"
"VHM","13:53:19",40.3,0.5,500,4575000,"S"
"VHM","13:53:19",40.25,0.45,100,4574500,"B"
"VHM","13:53:18",40.25,0.45,400,4574400,"B"
"VHM","13:53:17",40.3,0.5,100,4574000,"S"
"VHM","13:53:17",40.25,0.45,1800,4573900,"B"
"VHM","13:53:16",40.25,0.45,200,4572100,"B"
"VHM","13:53:15",40.3,0.5,5500,4571900,"S"
"VHM","13:53:13",40.25,0.45,200,4566400,"B"
"VHM","13:53:12",40.25,0.45,600,4566200,"B"
"VHM","13:53:11",40.25,0.45,2600,4565600,"B"
"VHM","13:53:10",40.3,0.5,10000,4563000,"S"
"VHM","13:53:10",40.25,0.45,400,4553000,"B"
"VHM","13:53:09",40.25,0.45,1700,4552600,"B"
"VHM","13:53:08",40.25,0.45,500,4550900,"B"
"VHM","13:53:07",40.25,0.45,2500,4550400,"B"
"VHM","13:53:07",40.3,0.5,10000,4547900,"S"
"VHM","13:53:02",40.25,0.45,1300,4537900,"B"
"VHM","13:53:01",40.3,0.5,4600,4536600,"S"
"VHM","13:52:59",40.25,0.45,200,4532000,"B"
"VHM","13:52:58",40.25,0.45,500,4531800,"B"
"VHM","13:52:57",40.25,0.45,400,4531300,"B"
"VHM","13:52:57",40.25,0.45,100,4530900,"B"
"VHM","13:52:56",40.25,0.45,700,4530800,"B"
"VHM","13:52:52",40.25,0.45,100,4530100,"B"
"VHM","13:52:50",40.25,0.45,100,4530000,"B"
"VHM","13:52:49",40.3,0.5,600,4529900,"S"
"VHM","13:52:47",40.25,0.45,200,4529300,"B"
"VHM","13:52:46",40.25,0.45,500,4529100,"B"
"VHM","13:52:44",40.25,0.45,100,4528600,"B"
"VHM","13:52:43",40.25,0.45,500,4528500,"B"
"VHM","13:52:42",40.25,0.45,100,4528000,"B"
"VHM","13:52:40",40.25,0.45,400,4527900,"B"
"VHM","13:52:39",40.25,0.45,100,4527500,"B"
"VHM","13:52:38",40.25,0.45,500,4527400,"B"
"VHM","13:52:37",40.25,0.45,300,4526900,"B"
"VHM","13:52:36",40.25,0.45,900,4526600,"B"
"VHM","13:52:35",40.25,0.45,3900,4525700,"B"
"VHM","13:52:33",40.25,0.45,100,4521800,"B"
"VHM","13:52:32",40.25,0.45,700,4521700,"B"
"VHM","13:52:31",40.25,0.45,2600,4521000,"S"
"VHM","13:52:31",40.2,0.4,100,4518400,"B"
"VHM","13:52:29",40.25,0.45,500,4518300,"S"
"VHM","13:52:29",40.2,0.4,300,4517800,"B"
"VHM","13:52:27",40.2,0.4,1400,4517500,"B"
"VHM","13:52:27",40.2,0.4,1700,4516100,"B"
"VHM","13:52:26",40.2,0.4,6400,4514400,"B"
"VHM","13:52:25",40.2,0.4,500,4508000,"B"
"VHM","13:52:25",40.25,0.45,20000,4507500,"S"
"VHM","13:52:25",40.2,0.4,100,4487500,"B"
"VHM","13:52:24",40.25,0.45,4800,4487400,"S"
"VHM","13:52:24",40.25,0.45,500,4482600,"S"
"VHM","13:52:24",40.2,0.4,100,4482100,"B"
"VHM","13:52:23",40.2,0.4,700,4482000,"B"
"VHM","13:52:21",40.2,0.4,300,4481300,"B"
"VHM","13:52:21",40.2,0.4,1300,4481000,"B"
"VHM","13:52:20",40.25,0.45,4800,4479700,"S"
"VHM","13:52:20",40.2,0.4,500,4474900,"B"
"VHM","13:52:19",40.25,0.45,1600,4474400,"S"
"VHM","13:52:19",40.2,0.4,600,4472800,"B"
"VHM","13:52:18",40.2,0.4,2600,4472200,"B"
"VHM","13:52:17",40.2,0.4,700,4469600,"B"
"VHM","13:52:16",40.25,0.45,10000,4468900,"S"
"VHM","13:52:16",40.2,0.4,2500,4458900,"B"
"VHM","13:52:15",40.25,0.45,10000,4456400,"S"
"VHM","13:52:13",40.2,0.4,100,4446400,"B"
"VHM","13:52:12",40.2,0.4,500,4446300,"B"
"VHM","13:52:10",40.25,0.45,300,4445800,"S"
"VHM","13:52:10",40.25,0.45,100,4445500,"S"
"VHM","13:52:08",40.2,0.4,100,4445400,"B"
"VHM","13:52:07",40.2,0.4,700,4445300,"B"
"VHM","13:52:06",40.2,0.4,3000,4444600,"B"
"VHM","13:52:05",40.2,0.4,100,4441600,"B"
"VHM","13:52:04",40.2,0.4,600,4441500,"B"
"VHM","13:52:03",40.2,0.4,2600,4440900,"B"
"VHM","13:52:02",40.15,0.35,2300,4438300,"B"
"VHM","13:52:02",40.2,0.4,8100,4436000,"B"
"VHM","13:52:01",40.2,0.4,41900,4427900,"S"
"VHM","13:52:00",40.15,0.35,100,4386000,"B"
"VHM","13:51:59",40.15,0.35,500,4385900,"B"
"VHM","13:51:58",40.15,0.35,100,4383200,"B"
"VHM","13:51:57",40.2,0.4,500,4383100,"S"
"VHM","13:51:57",40.15,0.35,100,4382600,"B"
"VHM","13:51:56",40.15,0.35,700,4382500,"B"
"VHM","13:51:55",40.15,0.35,1800,4381800,"B"
"VHM","13:51:54",40.15,0.35,7500,4380000,"B"
"VHM","13:51:53",40.2,0.4,30000,4372500,"S"
"VHM","13:51:52",40.15,0.35,300,4342500,"B"
"VHM","13:51:51",40.15,0.35,700,4342200,"B"
"VHM","13:51:49",40.15,0.35,100,4341500,"B"
"VHM","13:51:48",40.15,0.35,400,4341400,"B"
"VHM","13:51:47",40.15,0.35,500,4341000,"B"
"VHM","13:51:47",40.15,0.35,1200,4340500,"B"
"VHM","13:51:46",40.15,0.35,5000,4339300,"B"
"VHM","13:51:46",40.15,0.35,100,4334300,"B"
"VHM","13:51:45",40.15,0.35,500,4334200,"B"
"VHM","13:51:44",40.15,0.35,2000,4333700,"B"
"VHM","13:51:43",40.15,0.35,200,4331700,"B"
"VHM","13:51:42",40.15,0.35,900,4331500,"B"
"VHM","13:51:40",40.15,0.35,3700,4330600,"B"
"VHM","13:51:39",40.15,0.35,14900,4326900,"S"
"VHM","13:51:31",40.1,0.3,100,4312000,"B"
"VHM","13:51:30",40.1,0.3,100,4311900,"B"
"VHM","13:51:29",40.15,0.35,400,4311800,"S"
"VHM","13:51:24",40.1,0.3,300,4311400,"B"
"VHM","13:51:23",40.1,0.3,100,4309900,"B"
"VHM","13:51:22",40.1,0.3,500,4309800,"B"
"VHM","13:51:21",40.15,0.35,2200,4309300,"S"
"VHM","13:51:21",40.1,0.3,100,4307100,"B"
"VHM","13:51:20",40.1,0.3,100,4307000,"B"
"VHM","13:51:20",40.15,0.35,400,4306900,"S"
"VHM","13:51:19",40.1,0.3,700,4306500,"B"
"VHM","13:51:17",40.15,0.35,100,4305800,"S"
"VHM","13:51:16",40.1,0.3,300,4305700,"B"
"VHM","13:51:15",40.15,0.35,1400,4305400,"S"
"VHM","13:51:14",40.1,0.3,200,4304000,"B"
"VHM","13:51:13",40.15,0.35,1000,4303800,"S"
"VHM","13:51:06",40.1,0.3,100,4302800,"B"
"VHM","13:51:04",40.1,0.3,100,4302700,"B"
"VHM","13:51:00",40.1,0.3,200,4302600,"B"
"VHM","13:50:59",40.1,0.3,800,4302400,"B"
"VHM","13:50:57",40.1,0.3,15700,4301600,"B"
"VHM","13:50:56",40.1,0.3,600,4285900,"B"
"VHM","13:50:56",40.15,0.35,50000,4285300,"S"
"VHM","13:50:55",40.1,0.3,300,4235300,"B"
"VHM","13:50:53",40.1,0.3,100,4235000,"B"
"VHM","13:50:52",40.1,0.3,700,4234900,"B"
"VHM","13:50:50",40.1,0.3,100,4234200,"B"
"VHM","13:50:49",40.1,0.3,400,4234100,"B"
"VHM","13:50:47",40.1,0.3,300,4233700,"B"
"VHM","13:50:46",40.1,0.3,1400,4233400,"B"
"VHM","13:50:36",40.1,0.3,100,4232000,"B"
"VHM","13:50:35",40.1,0.3,700,4231900,"B"
"VHM","13:50:34",40.1,0.3,2500,4231200,"B"
"VHM","13:50:31",40.1,0.3,300,4228700,"B"
"VHM","13:50:30",40.1,0.3,1500,4228400,"B"
"VHM","13:50:28",40.1,0.3,6200,4226900,"B"
"VHM","13:50:28",40.15,0.35,100,4220700,"S"
"VHM","13:50:25",40.1,0.3,100,4220600,"B"
"VHM","13:50:24",40.1,0.3,700,4220500,"B"
"VHM","13:50:23",40.15,0.35,2200,4219800,"S"
"VHM","13:50:23",40.1,0.3,800,4217600,"B"
"VHM","13:50:15",40.1,0.3,100,4216800,"B"
"VHM","13:50:14",40.1,0.3,600,4216700,"B"
"VHM","13:50:06",40.1,0.3,100,4216100,"B"
"VHM","13:50:05",40.1,0.3,500,4216000,"B"
"VHM","13:50:04",40.15,0.35,2200,4215500,"S"
"VHM","13:50:03",40.1,0.3,100,4213300,"B"
"VHM","13:49:48",40.05,0.25,200,4213200,"B"
"VHM","13:49:47",40.1,0.3,1000,4213000,"S"
"VHM","13:49:43",40.05,0.25,100,4212000,"B"
"VHM","13:49:41",40.05,0.25,600,4211900,"B"
"VHM","13:49:41",40.05,0.25,100,4211300,"B"
"VHM","13:49:40",40.05,0.25,700,4211200,"B"
"VHM","13:49:39",40.05,0.25,100,4210500,"B"
"VHM","13:49:38",40.1,0.3,2700,4210400,"S"
"VHM","13:49:38",40.05,0.25,400,4207700,"B"
"VHM","13:49:37",40.05,0.25,1800,4207300,"B"
"VHM","13:49:36",40.05,0.25,100,4205500,"B"
"VHM","13:49:36",40.05,0.25,7500,4205400,"B"
"VHM","13:49:35",40.1,0.3,30000,4197900,"S"
"VHM","13:49:19",40.05,0.25,100,4167900,"B"
"VHM","13:49:19",40.05,0.25,200,4167800,"B"
"VHM","13:49:17",40.1,0.3,1000,4167600,"S"
"VHM","13:49:11",40.05,0.25,100,4166600,"B"
"VHM","13:49:09",40.05,0.25,600,4166500,"B"
"VHM","13:49:06",40.05,0.25,300,4165900,"B"
"VHM","13:49:04",40.05,0.25,100,4165600,"B"
"VHM","13:48:56",40.05,0.25,300,4165500,"S"
"VHM","13:48:43",40,0.2,300,4165200,"B"
"VHM","13:48:40",40,0.2,700,4164900,"B"
"VHM","13:48:39",40,0.2,2600,4164200,"B"
"VHM","13:48:38",40.05,0.25,10000,4161600,"S"
"VHM","13:48:37",40,0.2,600,4151600,"B"
"VHM","13:48:32",40,0.2,200,4151000,"B"
"VHM","13:48:31",40,0.2,800,4150800,"B"
"VHM","13:48:30",40,0.2,200,4150000,"B"
"VHM","13:48:30",40.05,0.25,3000,4149800,"S"
"VHM","13:48:29",40,0.2,1000,4146800,"B"
"VHM","13:48:28",40,0.2,2500,4145800,"B"
"VHM","13:48:27",40.05,0.25,10000,4143300,"S"
"VHM","13:48:21",40,0.2,200,4133300,"B"
"VHM","13:48:18",40,0.2,100,4133100,"B"
"VHM","13:48:17",40,0.2,500,4133000,"B"
"VHM","13:48:16",40.05,0.25,2200,4132500,"S"
"VHM","13:48:07",40,0.2,100,4130300,"B"
"VHM","13:48:06",40,0.2,600,4130200,"B"
"VHM","13:47:51",40,0.2,300,4129600,"B"
"VHM","13:47:38",40,0.2,300,4129300,"B"
"VHM","13:47:37",40,0.2,1200,4129000,"B"
"VHM","13:47:36",40,0.2,4800,4127800,"B"
"VHM","13:47:35",40,0.2,19400,4123000,"B"
"VHM","13:47:33",40,0.2,600,4103600,"B"
"VHM","13:47:27",40,0.2,100,4103000,"B"
"VHM","13:47:26",40,0.2,400,4102900,"B"
"VHM","13:47:25",40.05,0.25,1600,4102500,"B"
"VHM","13:47:23",40.05,0.25,600,4100900,"S"
"VHM","13:47:22",40,0.2,300,4100300,"B"
"VHM","13:47:21",40,0.2,1200,4100000,"B"
"VHM","13:47:20",40.05,0.25,5000,4098800,"S"
"VHM","13:47:18",40,0.2,200,4093800,"B"
"VHM","13:47:03",40,0.2,100,4093600,"B"
"VHM","13:47:02",40,0.2,600,4093500,"B"
"VHM","13:46:44",40.05,0.25,100,4092900,"S"
"VHM","13:46:43",40.05,0.25,100,4092800,"S"
"VHM","13:46:39",40.05,0.25,100,4092700,"S"
"VHM","13:46:30",40,0.2,100,4092600,"B"
"VHM","13:46:29",40,0.2,600,4092500,"B"
"VHM","13:46:22",40,0.2,300,4091900,"B"
"VHM","13:46:21",40,0.2,1200,4091600,"B"
"VHM","13:46:20",40.05,0.25,5000,4090400,"S"
"VHM","13:46:09",40,0.2,300,4085400,"B"
"VHM","13:46:08",40,0.2,1200,4085100,"B"
"VHM","13:46:06",40,0.2,5000,4083900,"B"
"VHM","13:46:04",40,0.2,100,4078900,"B"
"VHM","13:46:03",40,0.2,400,4078800,"B"
"VHM","13:46:02",40,0.2,100,4078400,"B"
"VHM","13:45:58",40,0.2,100,4078300,"B"
"VHM","13:45:56",40,0.2,600,4078200,"B"
"VHM","13:45:43",40,0.2,100,4077600,"B"
"VHM","13:45:42",40.05,0.25,500,4077500,"S"
"VHM","13:45:40",40,0.2,200,4077000,"B"
"VHM","13:45:39",40,0.2,1000,4076800,"B"
"VHM","13:45:38",40,0.2,4000,4075800,"B"
"VHM","13:45:25",40,0.2,100,4071800,"B"
"VHM","13:45:24",40,0.2,600,4071700,"B"
"VHM","13:45:20",40.05,0.25,200,4071100,"S"
"VHM","13:45:01",40.05,0.25,300,4070900,"S"
"VHM","13:44:53",40,0.2,100,4070600,"B"
"VHM","13:44:52",40,0.2,600,4070500,"B"
"VHM","13:44:45",40,0.2,100,4069900,"B"
"VHM","13:44:44",40,0.2,500,4069800,"B"
"VHM","13:44:43",40,0.2,2000,4069300,"B"
"VHM","13:44:25",40,0.2,200,4067300,"B"
"VHM","13:44:24",40,0.2,100,4067100,"B"
"VHM","13:44:24",40.05,0.25,800,4067000,"B"
"VHM","13:44:23",40.05,0.25,500,4066200,"B"
"VHM","13:44:22",40.05,0.25,2300,4065700,"B"
"VHM","13:44:21",40.05,0.25,1200,4063400,"B"
"VHM","13:44:20",40.05,0.25,2700,4062200,"B"
"VHM","13:44:19",40.05,0.25,5300,4059500,"B"
"VHM","13:44:18",40.05,0.25,200,4054200,"B"
"VHM","13:44:17",40.05,0.25,1000,4054000,"B"
"VHM","13:44:16",40.05,0.25,1000,4053000,"B"
"VHM","13:44:07",40.05,0.25,300,4052000,"B"
"VHM","13:44:07",40.05,0.25,1200,4051700,"S"
"VHM","13:44:05",40,0.2,100,4050500,"B"
"VHM","13:44:04",40.05,0.25,200,4050400,"S"
"VHM","13:44:04",40,0.2,300,4050200,"B"
"VHM","13:44:02",40,0.2,200,4049900,"B"
"VHM","13:44:01",40,0.2,1000,4049700,"B"
"VHM","13:44:00",40,0.2,100,4048700,"B"
"VHM","13:43:59",40,0.2,600,4048600,"B"
"VHM","13:43:58",40,0.2,2700,4048000,"B"
"VHM","13:43:57",40.05,0.25,11100,4045300,"S"
"VHM","13:43:49",40,0.2,100,4034200,"B"
"VHM","13:43:47",40,0.2,600,4034100,"B"
"VHM","13:43:45",40,0.2,100,4033500,"B"
"VHM","13:43:44",40,0.2,600,4033400,"B"
"VHM","13:43:43",40,0.2,2500,4032800,"B"
"VHM","13:43:42",40,0.2,6800,4030300,"B"
"VHM","13:43:42",40.05,0.25,3200,4023500,"B"
"VHM","13:43:41",40.05,0.25,40000,4020300,"B"
"VHM","13:43:38",40.05,0.25,100,3980300,"B"
"VHM","13:43:37",40.05,0.25,500,3980200,"B"
"VHM","13:43:35",40.05,0.25,2000,3979700,"B"
"VHM","13:43:26",40.05,0.25,300,3977700,"B"
"VHM","13:43:16",40.05,0.25,100,3977400,"B"
"VHM","13:43:15",40.05,0.25,600,3977300,"B"
"VHM","13:43:01",40.05,0.25,100,3976700,"B"
"VHM","13:42:55",40.05,0.25,200,3976600,"B"
"VHM","13:42:50",40.05,0.25,100,3975400,"B"
"VHM","13:42:44",40.05,0.25,100,3975300,"B"
"VHM","13:42:43",40.05,0.25,600,3975200,"B"
"VHM","13:42:34",40.05,0.25,100,3974600,"B"
"VHM","13:42:30",40.05,0.25,100,3974500,"B"
"VHM","13:42:29",40.05,0.25,500,3974400,"B"
"VHM","13:42:28",40.1,0.3,2000,3973900,"S"
"VHM","13:42:21",40.05,0.25,200,3971900,"B"
"VHM","13:42:20",40.1,0.3,1000,3971700,"S"
"VHM","13:42:19",40.05,0.25,100,3970700,"B"
"VHM","13:42:18",40.05,0.25,400,3970600,"B"
"VHM","13:42:17",40.1,0.3,1600,3970200,"S"
"VHM","13:42:12",40.05,0.25,100,3968600,"B"
"VHM","13:42:11",40.05,0.25,600,3968500,"B"
"VHM","13:42:08",40.05,0.25,100,3967900,"B"
"VHM","13:41:59",40.05,0.25,200,3967800,"B"
"VHM","13:41:58",40.1,0.3,800,3967600,"S"
"VHM","13:41:58",40.1,0.3,300,3966800,"S"
"VHM","13:41:50",40.05,0.25,100,3966500,"B"
"VHM","13:41:49",40.05,0.25,500,3966400,"B"
"VHM","13:41:47",40.1,0.3,2000,3965900,"S"
"VHM","13:41:40",40.05,0.25,100,3963900,"B"
"VHM","13:41:39",40.05,0.25,600,3963800,"B"
"VHM","13:41:34",40.05,0.25,100,3963200,"B"
"VHM","13:41:33",40.05,0.25,500,3963100,"B"
"VHM","13:41:32",40.1,0.3,2000,3962600,"S"
"VHM","13:41:22",40.05,0.25,100,3960600,"B"
"VHM","13:41:21",40.05,0.25,600,3960500,"B"
"VHM","13:41:20",40.05,0.25,2500,3959900,"B"
"VHM","13:41:19",40.1,0.3,3400,3957400,"S"
"VHM","13:41:19",40.1,0.3,6600,3954000,"S"
"VHM","13:41:08",40.05,0.25,100,3947400,"B"
"VHM","13:41:07",40.05,0.25,600,3947300,"B"
"VHM","13:41:05",40.1,0.3,100,3946700,"S"
"VHM","13:40:44",40.1,0.3,300,3946600,"S"
"VHM","13:40:42",40.1,0.3,100,3946300,"S"
"VHM","13:40:37",40.1,0.3,100,3946200,"S"
"VHM","13:40:36",40.05,0.25,100,3946100,"B"
"VHM","13:40:35",40.05,0.25,600,3946000,"B"
"VHM","13:40:34",40.1,0.3,300,3945400,"S"
"VHM","13:40:29",40.05,0.25,200,3945100,"B"
"VHM","13:40:28",40.1,0.3,1000,3944900,"S"
"VHM","13:40:25",40.05,0.25,300,3943900,"B"
"VHM","13:40:23",40.05,0.25,1200,3943600,"B"
"VHM","13:40:22",40.1,0.3,5000,3942400,"S"
"VHM","13:40:21",40.1,0.3,300,3937400,"S"
"VHM","13:40:20",40.1,0.3,300,3937100,"S"
"VHM","13:40:04",40.05,0.25,100,3936800,"B"
"VHM","13:40:03",40.05,0.25,600,3936700,"B"
"VHM","13:40:02",40.05,0.25,200,3936100,"B"
"VHM","13:40:01",40.05,0.25,100,3935900,"B"
"VHM","13:40:01",40.1,0.3,1000,3935800,"S"
"VHM","13:40:00",40.1,0.3,500,3934800,"S"
"VHM","13:39:56",40.1,0.3,300,3934300,"S"
"VHM","13:39:50",40.05,0.25,200,3934000,"B"
"VHM","13:39:49",40.1,0.3,1000,3933800,"S"
"VHM","13:39:33",40.05,0.25,200,3932800,"B"
"VHM","13:39:32",40.05,0.25,1000,3932600,"B"
"VHM","13:39:31",40.05,0.25,4100,3931600,"B"
"VHM","13:39:30",40.05,0.25,14100,3927500,"B"
"VHM","13:39:23",40.05,0.25,100,3913400,"B"
"VHM","13:39:22",40.1,0.3,400,3913300,"S"
"VHM","13:39:19",40.05,0.25,100,3912900,"B"
"VHM","13:39:18",40.1,0.3,500,3912800,"S"
"VHM","13:39:17",40.05,0.25,100,3912300,"B"
"VHM","13:39:16",40.05,0.25,500,3912200,"B"
"VHM","13:39:15",40.05,0.25,2300,3911700,"B"
"VHM","13:39:09",40.05,0.25,100,3909400,"B"
"VHM","13:39:08",40.05,0.25,600,3909300,"B"
"VHM","13:39:06",40.1,0.3,2500,3908700,"S"
"VHM","13:39:03",40.05,0.25,200,3906200,"B"
"VHM","13:39:02",40.05,0.25,1000,3906000,"B"
"VHM","13:39:00",40.05,0.25,100,3905000,"B"
"VHM","13:38:59",40.05,0.25,600,3904900,"B"
"VHM","13:38:41",40.05,0.25,300,3904300,"B"
"VHM","13:38:40",40.05,0.25,1200,3904000,"B"
"VHM","13:38:39",40.1,0.3,5000,3902800,"S"
"VHM","13:38:28",40.05,0.25,100,3897800,"B"
"VHM","13:38:27",40.05,0.25,600,3897700,"B"
"VHM","13:38:13",40.05,0.25,100,3897100,"B"
"VHM","13:38:11",40.05,0.25,400,3897000,"B"
"VHM","13:37:56",40.05,0.25,100,3896600,"B"
"VHM","13:37:55",40.05,0.25,300,3896500,"B"
"VHM","13:37:55",40.1,0.3,300,3896200,"B"
"VHM","13:37:54",40.1,0.3,200,3895900,"B"
"VHM","13:37:53",40.1,0.3,1000,3895700,"B"
"VHM","13:37:52",40.1,0.3,500,3894700,"S"
"VHM","13:37:52",40.05,0.25,900,3894200,"B"
"VHM","13:37:52",40.1,0.3,2800,3893300,"S"
"VHM","13:37:51",40.1,0.3,3600,3890500,"S"
"VHM","13:37:48",40.05,0.25,200,3886900,"B"
"VHM","13:37:46",40.05,0.25,1000,3886700,"B"
"VHM","13:37:46",40.1,0.3,800,3885700,"S"
"VHM","13:37:46",40.1,0.3,3000,3884900,"S"
"VHM","13:37:45",40.1,0.3,200,3881900,"S"
"VHM","13:37:44",40.1,0.3,100,3881700,"S"
"VHM","13:37:33",40.1,0.3,200,3881600,"B"
"VHM","13:37:29",40.1,0.3,1800,3881400,"S"
"VHM","13:37:23",40.05,0.25,100,3879600,"B"
"VHM","13:37:23",40.05,0.25,600,3879500,"B"
"VHM","13:37:22",40.05,0.25,100,3878900,"B"
"VHM","13:37:21",40.05,0.25,600,3878800,"B"
"VHM","13:37:20",40.05,0.25,2700,3878200,"B"
"VHM","13:37:19",40.05,0.25,11000,3875500,"B"
"VHM","13:37:18",40.05,0.25,1900,3864500,"B"
"VHM","13:37:17",40.1,0.3,50100,3862600,"S"
"VHM","13:37:14",40.05,0.25,200,3812500,"B"
"VHM","13:37:13",40.05,0.25,800,3812300,"B"
"VHM","13:37:12",40.05,0.25,3400,3811500,"B"
"VHM","13:37:11",40.05,0.25,700,3808100,"B"
"VHM","13:37:10",40.1,0.3,16100,3807400,"S"
"VHM","13:36:52",40.05,0.25,100,3791300,"B"
"VHM","13:36:51",40.05,0.25,600,3791200,"B"
"VHM","13:36:45",40.05,0.25,200,3790600,"B"
"VHM","13:36:39",40.1,0.3,300,3790400,"S"
"VHM","13:36:20",40.05,0.25,200,3790100,"B"
"VHM","13:36:19",40.05,0.25,100,3789900,"B"
"VHM","13:36:19",40.05,0.25,1200,3789800,"B"
"VHM","13:36:18",40.05,0.25,2400,3788600,"S"
"VHM","13:36:18",40.05,0.25,2200,3786200,"S"
"VHM","13:36:11",40,0.2,100,3784000,"B"
"VHM","13:36:11",40,0.2,1300,3783900,"B"
"VHM","13:36:10",40.05,0.25,9300,3782600,"S"
"VHM","13:36:09",40,0.2,500,3773300,"B"
"VHM","13:36:07",40,0.2,100,3772800,"B"
"VHM","13:36:06",40,0.2,700,3772700,"B"
"VHM","13:36:05",40.05,0.25,5000,3772000,"S"
"VHM","13:35:51",40,0.2,100,3767000,"B"
"VHM","13:35:49",40,0.2,1000,3766900,"B"
"VHM","13:35:46",40,0.2,600,3765900,"B"
"VHM","13:35:40",40,0.2,300,3765300,"B"
"VHM","13:35:39",40.05,0.25,2200,3765000,"S"
"VHM","13:35:23",40,0.2,200,3762800,"B"
"VHM","13:35:21",40,0.2,100,3762600,"B"
"VHM","13:35:20",40,0.2,900,3762500,"B"
"VHM","13:35:19",40,0.2,6500,3761600,"B"
"VHM","13:35:14",40,0.2,600,3755100,"B"
"VHM","13:35:06",40,0.2,100,3754500,"B"
"VHM","13:35:05",40,0.2,100,3754400,"B"
"VHM","13:35:04",40,0.2,2000,3754300,"S"
"VHM","13:35:03",40,0.2,500,3752300,"S"
"VHM","13:35:01",40,0.2,100,3751800,"S"
"VHM","13:34:56",40,0.2,500,3751700,"S"
"VHM","13:34:47",39.95,0.15,100,3751200,"B"
"VHM","13:34:46",39.95,0.15,700,3751100,"B"
"VHM","13:34:46",40,0.2,5000,3750400,"S"
"VHM","13:34:42",39.95,0.15,600,3745400,"B"
"VHM","13:34:39",39.95,0.15,100,3744800,"B"
"VHM","13:34:38",40,0.2,1000,3744700,"S"
"VHM","13:34:33",39.95,0.15,300,3743700,"B"
"VHM","13:34:32",40,0.2,2200,3743400,"S"
"VHM","13:34:26",39.95,0.15,100,3741200,"B"
"VHM","13:34:24",40,0.2,1300,3741100,"S"
"VHM","13:34:17",40,0.2,500,3739800,"S"
"VHM","13:34:13",39.95,0.15,200,3739300,"B"
"VHM","13:34:11",39.95,0.15,1400,3739100,"B"
"VHM","13:34:11",40,0.2,9000,3737700,"S"
"VHM","13:34:11",39.95,0.15,600,3728700,"B"
"VHM","13:34:06",39.95,0.15,100,3728100,"B"
"VHM","13:34:06",39.95,0.15,700,3728000,"B"
"VHM","13:34:05",40,0.2,500,3727300,"B"
"VHM","13:34:04",40,0.2,5000,3726800,"B"
"VHM","13:33:58",40,0.2,200,3721800,"B"
"VHM","13:33:58",40,0.2,1600,3721600,"S"
"VHM","13:33:57",39.95,0.15,300,3720000,"B"
"VHM","13:33:56",40,0.2,2000,3719700,"S"
"VHM","13:33:52",39.95,0.15,300,3717700,"B"
"VHM","13:33:50",40,0.2,2200,3717400,"S"
"VHM","13:33:44",40,0.2,100,3715200,"S"
"VHM","13:33:41",40,0.2,200,3715100,"S"
"VHM","13:33:38",39.95,0.15,600,3714900,"B"
"VHM","13:33:30",39.95,0.15,100,3714300,"B"
"VHM","13:33:30",40,0.2,100,3714200,"S"
"VHM","13:33:29",39.95,0.15,1000,3714100,"B"
"VHM","13:33:29",40,0.2,200,3713100,"S"
"VHM","13:33:29",39.95,0.15,200,3712900,"B"
"VHM","13:33:27",39.95,0.15,1500,3712700,"B"
"VHM","13:33:27",40,0.2,10000,3711200,"S"
"VHM","13:33:17",39.95,0.15,300,3701200,"B"
"VHM","13:33:17",39.95,0.15,100,3700900,"B"
"VHM","13:33:16",40,0.2,2500,3700800,"S"
"VHM","13:33:06",39.95,0.15,600,3698300,"B"
"VHM","13:32:56",39.95,0.15,300,3697700,"B"
"VHM","13:32:54",40,0.2,2200,3697400,"S"
"VHM","13:32:38",39.95,0.15,2300,3695200,"S"
"VHM","13:32:34",39.9,0.1,600,3692900,"B"
"VHM","13:32:31",39.9,0.1,400,3692300,"B"
"VHM","13:32:29",39.95,0.15,2200,3691900,"S"
"VHM","13:32:29",39.9,0.1,700,3689700,"B"
"VHM","13:32:29",39.95,0.15,5000,3689000,"S"
"VHM","13:32:20",39.95,0.15,200,3684000,"B"
"VHM","13:32:19",39.95,0.15,500,3683800,"B"
"VHM","13:32:08",39.95,0.15,500,3683300,"B"
"VHM","13:32:02",39.95,0.15,100,3682800,"B"
"VHM","13:32:01",39.95,0.15,600,3682700,"B"
"VHM","13:31:30",39.95,0.15,100,3682100,"B"
"VHM","13:31:29",39.95,0.15,600,3682000,"B"
"VHM","13:31:20",39.95,0.15,300,3681400,"B"
"VHM","13:31:07",39.95,0.15,300,3681100,"B"
"VHM","13:31:06",39.95,0.15,1200,3680800,"B"
"VHM","13:31:05",40,0.2,300,3679600,"S"
"VHM","13:31:04",39.95,0.15,5000,3679300,"B"
"VHM","13:30:58",39.95,0.15,100,3674300,"B"
"VHM","13:30:58",39.95,0.15,600,3674200,"B"
"VHM","13:30:56",39.95,0.15,100,3673600,"B"
"VHM","13:30:54",39.95,0.15,200,3673500,"B"
"VHM","13:30:53",39.95,0.15,800,3673300,"B"
"VHM","13:30:52",39.95,0.15,4100,3672500,"B"
"VHM","13:30:51",39.95,0.15,100,3668400,"B"
"VHM","13:30:31",39.95,0.15,100,3668300,"B"
"VHM","13:30:30",39.95,0.15,600,3668200,"B"
"VHM","13:30:29",39.95,0.15,2400,3667600,"B"
"VHM","13:30:28",39.95,0.15,9700,3665200,"B"
"VHM","13:30:28",40,0.2,500,3655500,"S"
"VHM","13:30:27",39.95,0.15,900,3655000,"B"
"VHM","13:30:27",40,0.2,4600,3654100,"B"
"VHM","13:30:26",40,0.2,1300,3649500,"B"
"VHM","13:30:25",40,0.2,1500,3648200,"B"
"VHM","13:30:24",40,0.2,3900,3646700,"B"
"VHM","13:30:23",40,0.2,1000,3642800,"B"
"VHM","13:30:19",40,0.2,100,3641800,"B"
"VHM","13:30:18",40,0.2,700,3641700,"B"
"VHM","13:30:13",40,0.2,100,3641000,"B"
"VHM","13:30:12",40,0.2,400,3640900,"B"
"VHM","13:30:11",40,0.2,1700,3640500,"B"
"VHM","13:30:10",40,0.2,6900,3638800,"B"
"VHM","13:30:09",40,0.2,400,3631900,"B"
"VHM","13:30:09",40.05,0.25,1600,3631500,"S"
"VHM","13:30:08",40,0.2,600,3629900,"B"
"VHM","13:30:05",40,0.2,100,3629300,"B"
"VHM","13:29:58",40,0.2,200,3629200,"B"
"VHM","13:29:54",40,0.2,100,3629000,"B"
"VHM","13:29:53",40,0.2,500,3628900,"B"
"VHM","13:29:53",40,0.2,700,3628400,"B"
"VHM","13:29:48",40,0.2,600,3627700,"B"
"VHM","13:29:47",40,0.2,200,3627100,"B"
"VHM","13:29:46",40,0.2,100,3626900,"B"
"VHM","13:29:45",40,0.2,100,3626800,"B"
"VHM","13:29:42",40,0.2,100,3626700,"B"
"VHM","13:29:41",40,0.2,600,3626600,"B"
"VHM","13:29:41",40,0.2,2700,3626000,"B"
"VHM","13:29:40",40,0.2,6000,3623300,"B"
"VHM","13:29:39",40,0.2,5000,3617300,"B"
"VHM","13:29:32",40,0.2,100,3612300,"B"
"VHM","13:29:32",40,0.2,500,3612200,"B"
"VHM","13:29:23",40,0.2,100,3611700,"B"
"VHM","13:29:23",40.05,0.25,500,3611600,"S"
"VHM","13:29:22",40,0.2,200,3611100,"B"
"VHM","13:29:22",40,0.2,800,3610900,"B"
"VHM","13:29:17",40,0.2,100,3610100,"B"
"VHM","13:29:16",40,0.2,500,3610000,"B"
"VHM","13:29:15",40,0.2,400,3609500,"B"
"VHM","13:29:15",40.05,0.25,1600,3609100,"B"
"VHM","13:29:15",40.05,0.25,8000,3607500,"B"
"VHM","13:29:11",40.05,0.25,200,3599500,"B"
"VHM","13:29:10",40.05,0.25,1100,3599300,"B"
"VHM","13:29:08",40.05,0.25,300,3598200,"B"
"VHM","13:29:07",40.05,0.25,1300,3597900,"B"
"VHM","13:29:06",40.05,0.25,5500,3596600,"B"
"VHM","13:29:05",40.05,0.25,2000,3591100,"B"
"VHM","13:29:04",40.05,0.25,100,3589100,"B"
"VHM","13:29:03",40.05,0.25,400,3589000,"B"
"VHM","13:29:02",40.05,0.25,1800,3588600,"B"
"VHM","13:29:01",40.05,0.25,2500,3586800,"B"
"VHM","13:29:00",40.05,0.25,10200,3584300,"B"
"VHM","13:28:59",40.05,0.25,1000,3574100,"B"
"VHM","13:28:56",40.05,0.25,100,3573100,"B"
"VHM","13:28:55",40.05,0.25,100,3573000,"B"
"VHM","13:28:49",40.05,0.25,100,3572900,"B"
"VHM","13:28:48",40.05,0.25,600,3572800,"B"
"VHM","13:28:47",40.05,0.25,100,3572200,"B"
"VHM","13:28:46",40.05,0.25,500,3572100,"B"
"VHM","13:28:45",40.05,0.25,2100,3571600,"B"
"VHM","13:28:44",40.05,0.25,400,3569500,"B"
"VHM","13:28:43",40.05,0.25,1000,3569100,"B"
"VHM","13:28:25",40.05,0.25,200,3568100,"B"
"VHM","13:28:24",40.05,0.25,900,3567900,"B"
"VHM","13:28:22",40.1,0.3,200,3567000,"S"
"VHM","13:28:19",40.05,0.25,100,3566800,"B"
"VHM","13:28:18",40.1,0.3,400,3566700,"S"
"VHM","13:28:18",40.05,0.25,100,3566300,"B"
"VHM","13:28:18",40.05,0.25,600,3566200,"B"
"VHM","13:28:07",40.1,0.3,100,3565600,"S"
"VHM","13:28:02",40.05,0.25,200,3565500,"B"
"VHM","13:28:02",40.1,0.3,1000,3565300,"S"
"VHM","13:28:01",40.05,0.25,100,3564300,"B"
"VHM","13:28:00",40.05,0.25,600,3564200,"B"
"VHM","13:27:59",40.05,0.25,2500,3563600,"B"
"VHM","13:27:58",40.1,0.3,10000,3561100,"S"
"VHM","13:27:52",40.05,0.25,100,3551100,"B"
"VHM","13:27:44",40.05,0.25,700,3551000,"B"
"VHM","13:27:26",40.1,0.3,100,3550300,"S"
"VHM","13:27:19",40.1,0.3,100,3550200,"S"
"VHM","13:27:17",40.05,0.25,100,3550100,"B"
"VHM","13:27:15",40.05,0.25,400,3550000,"B"
"VHM","13:27:14",40.1,0.3,1800,3549600,"B"
"VHM","13:27:14",40.1,0.3,100,3547800,"B"
"VHM","13:27:13",40.1,0.3,100,3547700,"B"
"VHM","13:27:12",40.1,0.3,700,3547600,"B"
"VHM","13:27:12",40.1,0.3,500,3546900,"B"
"VHM","13:27:09",40.1,0.3,100,3546400,"B"
"VHM","13:27:09",40.1,0.3,500,3546300,"B"
"VHM","13:27:06",40.1,0.3,100,3545800,"B"
"VHM","13:27:05",40.1,0.3,600,3545700,"B"
"VHM","13:27:04",40.1,0.3,2400,3545100,"S"
"VHM","13:27:03",40.05,0.25,100,3542700,"B"
"VHM","13:27:02",40.05,0.25,600,3542600,"B"
"VHM","13:27:01",40.05,0.25,2500,3542000,"B"
"VHM","13:27:00",40.1,0.3,10000,3539500,"S"
"VHM","13:27:00",40.05,0.25,300,3529500,"B"
"VHM","13:27:00",40.1,0.3,1000,3529200,"S"
"VHM","13:26:59",40.05,0.25,200,3528200,"B"
"VHM","13:26:59",40.1,0.3,1000,3528000,"S"
"VHM","13:26:57",40.05,0.25,200,3527000,"B"
"VHM","13:26:56",40.05,0.25,1000,3526800,"B"
"VHM","13:26:55",40.05,0.25,100,3525800,"B"
"VHM","13:26:54",40.05,0.25,500,3525700,"B"
"VHM","13:26:54",40.1,0.3,1000,3525200,"S"
"VHM","13:26:53",40.1,0.3,1000,3524200,"S"
"VHM","13:26:49",40.05,0.25,100,3523200,"B"
"VHM","13:26:44",40.05,0.25,200,3523100,"B"
"VHM","13:26:44",40.1,0.3,1000,3522900,"S"
"VHM","13:26:42",40.05,0.25,100,3521900,"B"
"VHM","13:26:41",40.05,0.25,100,3521800,"B"
"VHM","13:26:40",40.05,0.25,400,3521700,"B"
"VHM","13:26:39",40.05,0.25,1600,3521300,"B"
"VHM","13:26:35",40.05,0.25,100,3519700,"B"
"VHM","13:26:33",40.05,0.25,100,3519600,"B"
"VHM","13:26:33",40.1,0.3,600,3519500,"S"
"VHM","13:26:20",40.05,0.25,100,3518900,"B"
"VHM","13:26:20",40.05,0.25,500,3518800,"B"
"VHM","13:26:11",40.05,0.25,100,3518300,"B"
"VHM","13:26:08",40.05,0.25,100,3518200,"B"
"VHM","13:26:07",40.05,0.25,600,3518100,"B"
"VHM","13:26:01",40.05,0.25,100,3517500,"B"
"VHM","13:26:01",40.1,0.3,500,3517400,"B"
"VHM","13:25:59",40.1,0.3,2300,3516900,"S"
"VHM","13:25:52",40.05,0.25,500,3514600,"B"
"VHM","13:25:52",40.1,0.3,4100,3514100,"B"
"VHM","13:25:51",40.1,0.3,300,3510000,"B"
"VHM","13:25:50",40.1,0.3,100,3509700,"B"
"VHM","13:25:49",40.1,0.3,100,3509600,"B"
"VHM","13:25:48",40.1,0.3,200,3509500,"B"
"VHM","13:25:40",40.1,0.3,500,3509300,"B"
"VHM","13:25:39",40.1,0.3,3400,3508800,"S"
"VHM","13:25:36",40.05,0.25,600,3505400,"B"
"VHM","13:25:24",40.1,0.3,800,3504800,"S"
"VHM","13:25:14",40.05,0.25,100,3504000,"B"
"VHM","13:25:13",40.1,0.3,1000,3503900,"S"
"VHM","13:25:12",40.1,0.3,100,3502900,"S"
"VHM","13:25:11",40.1,0.3,300,3502800,"S"
"VHM","13:25:03",40.05,0.25,600,3502500,"B"
"VHM","13:25:01",40.05,0.25,400,3501900,"B"
"VHM","13:25:00",40.05,0.25,3000,3501500,"B"
"VHM","13:25:00",40.1,0.3,20000,3498500,"S"
"VHM","13:24:49",40.05,0.25,200,3478500,"B"
"VHM","13:24:48",40.1,0.3,1600,3478300,"S"
"VHM","13:24:46",40.05,0.25,100,3476700,"B"
"VHM","13:24:46",40.05,0.25,1000,3476600,"B"
"VHM","13:24:43",40.1,0.3,300,3475600,"S"
"VHM","13:24:42",40,0.2,300,3475300,"B"
"VHM","13:24:41",40,0.2,2200,3475000,"B"
"VHM","13:24:39",40,0.2,15000,3472800,"B"
"VHM","13:24:39",40.1,0.3,39900,3457800,"S"
"VHM","13:24:39",40.05,0.25,60100,3417900,"S"
"VHM","13:24:39",40,0.2,100,3357800,"B"
"VHM","13:24:38",40,0.2,1000,3357700,"B"
"VHM","13:24:32",40,0.2,600,3356700,"B"
"VHM","13:24:29",40,0.2,200,3356100,"B"
"VHM","13:24:25",40,0.2,400,3355900,"B"
"VHM","13:24:22",40,0.2,200,3355500,"B"
"VHM","13:24:15",40,0.2,200,3355300,"B"
"VHM","13:24:09",40,0.2,600,3355100,"S"
"VHM","13:24:08",40,0.2,300,3354500,"S"
"VHM","13:24:08",39.95,0.15,200,3354200,"B"
"VHM","13:24:07",39.95,0.15,400,3353000,"B"
"VHM","13:24:07",40,0.2,2200,3352600,"S"
"VHM","13:24:06",40,0.2,1000,3350400,"S"
"VHM","13:24:04",39.95,0.15,100,3349400,"B"
"VHM","13:24:04",40,0.2,1000,3349300,"S"
"VHM","13:24:02",39.95,0.15,500,3348300,"B"
"VHM","13:24:01",39.95,0.15,3600,3347800,"B"
"VHM","13:24:01",40,0.2,500,3344200,"S"
"VHM","13:24:00",40,0.2,20000,3343700,"S"
"VHM","13:23:59",40,0.2,100,3323700,"S"
"VHM","13:23:58",40,0.2,500,3323600,"S"
"VHM","13:23:58",39.95,0.15,300,3323100,"B"
"VHM","13:23:57",39.95,0.15,2100,3322800,"B"
"VHM","13:23:56",40,0.2,9000,3320700,"S"
"VHM","13:23:56",40,0.2,5200,3311700,"S"
"VHM","13:23:34",39.95,0.15,100,3306500,"B"
"VHM","13:23:33",39.95,0.15,700,3306400,"B"
"VHM","13:23:32",39.95,0.15,5000,3305700,"B"
"VHM","13:23:28",39.95,0.15,600,3300700,"B"
"VHM","13:23:17",39.95,0.15,100,3300100,"B"
"VHM","13:23:15",39.95,0.15,100,3300000,"B"
"VHM","13:23:15",40,0.2,1000,3299900,"S"
"VHM","13:23:06",39.95,0.15,200,3298900,"B"
"VHM","13:23:05",40,0.2,1600,3298700,"S"
"VHM","13:23:04",39.95,0.15,400,3297100,"B"
"VHM","13:23:04",39.95,0.15,300,3296700,"B"
"VHM","13:23:03",40,0.2,2500,3296400,"S"
"VHM","13:23:02",40,0.2,2200,3293900,"S"
"VHM","13:22:55",39.95,0.15,600,3291700,"B"
"VHM","13:22:55",40,0.2,200,3291100,"S"
"VHM","13:22:54",40,0.2,500,3290900,"S"
"VHM","13:22:49",39.95,0.15,200,3290400,"B"
"VHM","13:22:48",39.95,0.15,1500,3290200,"B"
"VHM","13:22:47",39.95,0.15,100,3288700,"B"
"VHM","13:22:47",40,0.2,10000,3288600,"S"
"VHM","13:22:33",39.95,0.15,300,3278600,"B"
"VHM","13:22:32",40,0.2,2200,3278300,"S"
"VHM","13:22:26",39.95,0.15,600,3276100,"B"
"VHM","13:22:16",40,0.2,100,3275500,"S"
"VHM","13:22:14",39.95,0.15,700,3275300,"B"
"VHM","13:22:13",40,0.2,5000,3274600,"S"
"VHM","13:22:12",39.95,0.15,100,3269600,"B"
"VHM","13:22:05",39.95,0.15,600,3269500,"B"
"VHM","13:22:04",40,0.2,4600,3268900,"S"
"VHM","13:21:57",39.95,0.15,100,3264300,"B"
"VHM","13:21:56",39.95,0.15,700,3264200,"S"
"VHM","13:21:54",39.9,0.1,400,3263500,"B"
"VHM","13:21:53",39.95,0.15,3000,3263100,"S"
"VHM","13:21:51",39.9,0.1,600,3260100,"B"
"VHM","13:21:47",39.9,0.1,200,3259500,"B"
"VHM","13:21:46",39.9,0.1,1700,3259300,"B"
"VHM","13:21:45",39.95,0.15,500,3257600,"S"
"VHM","13:21:44",39.9,0.1,700,3257100,"B"
"VHM","13:21:44",39.95,0.15,10300,3256400,"S"
"VHM","13:21:44",39.95,0.15,4900,3246100,"S"
"VHM","13:21:44",39.9,0.1,100,3241200,"B"
"VHM","13:21:43",39.95,0.15,1300,3241100,"S"
"VHM","13:21:39",39.95,0.15,5000,3239800,"S"
"VHM","13:21:38",39.95,0.15,5100,3234800,"S"
"VHM","13:21:36",39.95,0.15,100,3229700,"S"
"VHM","13:21:34",39.95,0.15,800,3229600,"S"
"VHM","13:21:33",39.95,0.15,100,3228800,"S"
"VHM","13:21:32",39.95,0.15,100,3228700,"S"
"VHM","13:21:29",39.95,0.15,10000,3228600,"S"
"VHM","13:21:25",39.95,0.15,2200,3218600,"S"
"VHM","13:21:22",39.95,0.15,10000,3216400,"S"
"VHM","13:21:19",39.9,0.1,600,3206400,"B"
"VHM","13:21:17",39.95,0.15,20000,3205800,"S"
"VHM","13:21:03",39.95,0.15,2200,3185800,"S"
"VHM","13:20:56",39.9,0.1,400,3183600,"B"
"VHM","13:20:48",39.9,0.1,4000,3183200,"B"
"VHM","13:20:47",39.9,0.1,600,3179200,"B"
"VHM","13:20:29",39.95,0.15,2200,3178600,"S"
"VHM","13:20:29",39.9,0.1,100,3176400,"B"
"VHM","13:20:20",39.9,0.1,1000,3176300,"B"
"VHM","13:20:19",39.9,0.1,600,3175300,"B"
"VHM","13:20:17",39.9,0.1,3000,3174700,"B"
"VHM","13:20:16",39.9,0.1,6200,3171700,"S"
"VHM","13:20:15",39.9,0.1,15600,3165500,"S"
"VHM","13:20:13",39.9,0.1,2500,3149900,"S"
"VHM","13:20:13",39.85,0.05,1000,3147400,"B"
"VHM","13:20:10",39.85,0.05,2000,3146400,"B"
"VHM","13:20:06",39.9,0.1,5000,3144400,"S"
"VHM","13:20:04",39.9,0.1,5000,3139400,"S"
"VHM","13:20:02",39.9,0.1,400,3134400,"S"
"VHM","13:19:57",39.9,0.1,2200,3134000,"S"
"VHM","13:19:52",39.9,0.1,1000,3131800,"S"
"VHM","13:19:43",39.9,0.1,200,3130800,"S"
"VHM","13:19:43",39.85,0.05,600,3130600,"B"
"VHM","13:19:34",39.9,0.1,2200,3130000,"S"
"VHM","13:19:28",39.9,0.1,1000,3127800,"S"
"VHM","13:19:27",39.85,0.05,200,3126800,"B"
"VHM","13:19:26",39.85,0.05,2000,3126600,"B"
"VHM","13:19:11",39.85,0.05,600,3124600,"B"
"VHM","13:19:07",39.85,0.05,1000,3124000,"B"
"VHM","13:18:52",39.85,0.05,100,3123000,"B"
"VHM","13:18:40",39.85,0.05,600,3122900,"B"
"VHM","13:18:26",39.9,0.1,300,3122300,"S"
"VHM","13:18:06",39.85,0.05,600,3122000,"B"
"VHM","13:18:02",39.9,0.1,1000,3121100,"S"
"VHM","13:17:50",39.9,0.1,500,3120100,"S"
"VHM","13:17:49",39.85,0.05,200,3119600,"B"
"VHM","13:17:39",39.9,0.1,500,3119400,"S"
"VHM","13:17:33",39.85,0.05,600,3118900,"B"
"VHM","13:17:19",39.85,0.05,200,3118300,"B"
"VHM","13:17:14",39.9,0.1,1000,3118100,"S"
"VHM","13:17:02",39.85,0.05,600,3117100,"B"
"VHM","13:16:58",39.9,0.1,2700,3116500,"S"
"VHM","13:16:42",39.85,0.05,500,3113800,"B"
"VHM","13:16:35",39.9,0.1,1000,3113300,"S"
"VHM","13:16:31",39.9,0.1,1000,3112300,"S"
"VHM","13:16:29",39.85,0.05,600,3111300,"B"
"VHM","13:16:08",39.9,0.1,2200,3110700,"S"
"VHM","13:16:03",39.85,0.05,500,3108500,"B"
"VHM","13:16:02",39.85,0.05,100,3108000,"B"
"VHM","13:15:59",39.9,0.1,1300,3107900,"S"
"VHM","13:15:57",39.85,0.05,600,3106600,"B"
"VHM","13:15:37",39.9,0.1,2200,3106000,"S"
"VHM","13:15:29",39.85,0.05,600,3103800,"B"
"VHM","13:15:29",39.9,0.1,2300,3103200,"B"
"VHM","13:15:28",39.9,0.1,19800,3100900,"B"
"VHM","13:15:25",39.9,0.1,1400,3081100,"B"
"VHM","13:15:24",39.9,0.1,100,3079700,"B"
"VHM","13:15:20",39.9,0.1,200,3079600,"B"
"VHM","13:15:19",39.9,0.1,1000,3079400,"B"
"VHM","13:15:18",39.9,0.1,400,3078400,"B"
"VHM","13:15:18",39.9,0.1,3000,3078000,"B"
"VHM","13:15:13",39.9,0.1,100,3075000,"B"
"VHM","13:15:12",39.9,0.1,500,3074900,"B"
"VHM","13:15:08",39.9,0.1,500,3074400,"B"
"VHM","13:15:04",39.9,0.1,400,3073900,"B"
"VHM","13:15:03",39.9,0.1,100,3073500,"B"
"VHM","13:14:57",39.9,0.1,400,3073400,"B"
"VHM","13:14:56",39.95,0.15,2500,3073000,"S"
"VHM","13:14:47",39.9,0.1,200,3069400,"B"
"VHM","13:14:46",39.9,0.1,100,3069200,"B"
"VHM","13:14:45",39.9,0.1,700,3069100,"B"
"VHM","13:14:44",39.9,0.1,5000,3068400,"B"
"VHM","13:14:42",39.9,0.1,200,3063400,"B"
"VHM","13:14:39",39.9,0.1,600,3063200,"B"
"VHM","13:14:38",39.9,0.1,4000,3062600,"B"
"VHM","13:14:36",39.9,0.1,200,3058600,"B"
"VHM","13:14:34",39.9,0.1,300,3058400,"B"
"VHM","13:14:34",39.9,0.1,2000,3058100,"B"
"VHM","13:14:23",39.9,0.1,300,3056100,"B"
"VHM","13:14:22",39.95,0.15,2500,3055800,"S"
"VHM","13:14:21",39.9,0.1,600,3053300,"B"
"VHM","13:14:19",39.9,0.1,300,3052700,"B"
"VHM","13:14:19",39.9,0.1,2000,3052400,"B"
"VHM","13:14:17",39.9,0.1,300,3050400,"B"
"VHM","13:14:17",39.95,0.15,100,3050100,"S"
"VHM","13:14:17",39.9,0.1,1000,3050000,"B"
"VHM","13:14:13",39.9,0.1,300,3049000,"B"
"VHM","13:14:11",39.95,0.15,2200,3048700,"S"
"VHM","13:14:07",39.95,0.15,100,3046500,"S"
"VHM","13:14:03",39.9,0.1,500,3046400,"B"
"VHM","13:14:01",39.9,0.1,100,3045900,"B"
"VHM","13:14:00",39.9,0.1,500,3045800,"B"
"VHM","13:14:00",39.9,0.1,2000,3045300,"B"
"VHM","13:13:56",39.9,0.1,100,3043300,"B"
"VHM","13:13:51",39.9,0.1,600,3043200,"B"
"VHM","13:13:49",39.9,0.1,200,3042600,"B"
"VHM","13:13:46",39.9,0.1,100,3042400,"B"
"VHM","13:13:45",39.9,0.1,1000,3042300,"B"
"VHM","13:13:18",39.9,0.1,600,3041300,"B"
"VHM","13:13:14",39.9,0.1,300,3040700,"B"
"VHM","13:13:13",39.95,0.15,2200,3040400,"S"
"VHM","13:13:06",39.9,0.1,100,3038200,"B"
"VHM","13:13:05",39.9,0.1,1000,3038100,"B"
"VHM","13:12:50",39.9,0.1,500,3037100,"B"
"VHM","13:12:46",39.9,0.1,600,3036600,"B"
"VHM","13:12:20",39.9,0.1,200,3036000,"B"
"VHM","13:12:19",39.9,0.1,300,3035800,"B"
"VHM","13:12:18",39.9,0.1,200,3035500,"B"
"VHM","13:12:17",39.9,0.1,1500,3035300,"B"
"VHM","13:12:16",39.95,0.15,10000,3033800,"S"
"VHM","13:12:14",39.9,0.1,600,3023800,"B"
"VHM","13:12:04",39.9,0.1,300,3023200,"B"
"VHM","13:12:04",39.95,0.15,2200,3022900,"S"
"VHM","13:11:53",39.9,0.1,300,3020700,"B"
"VHM","13:11:51",39.9,0.1,2000,3020400,"B"
"VHM","13:11:49",39.95,0.15,500,3018400,"S"
"VHM","13:11:42",39.9,0.1,600,3017900,"B"
"VHM","13:11:40",39.9,0.1,100,3017300,"B"
"VHM","13:11:39",39.9,0.1,700,3017200,"B"
"VHM","13:11:37",39.95,0.15,5000,3016500,"S"
"VHM","13:11:33",39.9,0.1,100,3011500,"B"
"VHM","13:11:28",39.9,0.1,300,3011400,"B"
"VHM","13:11:27",39.9,0.1,100,3011100,"B"
"VHM","13:11:25",39.9,0.1,100,3011000,"B"
"VHM","13:11:25",39.9,0.1,800,3010900,"B"
"VHM","13:11:24",39.9,0.1,5500,3010100,"B"
"VHM","13:11:21",39.9,0.1,100,3004600,"B"
"VHM","13:11:20",39.9,0.1,1000,3004500,"B"
"VHM","13:11:19",39.9,0.1,100,3003500,"B"
"VHM","13:11:19",39.9,0.1,1000,3003400,"B"
"VHM","13:11:17",39.9,0.1,200,3002400,"B"
"VHM","13:11:16",39.9,0.1,1100,3002200,"B"
"VHM","13:11:11",39.9,0.1,700,3001100,"B"
"VHM","13:10:50",39.9,0.1,600,3000400,"S"
"VHM","13:10:49",39.9,0.1,3000,2999800,"S"
"VHM","13:10:49",39.9,0.1,900,2996800,"S"
"VHM","13:10:44",39.9,0.1,100,2995900,"S"
"VHM","13:10:41",39.85,0.05,300,2995800,"B"
"VHM","13:10:38",39.85,0.05,600,2995500,"B"
"VHM","13:10:33",39.85,0.05,2600,2994900,"B"
"VHM","13:10:31",39.9,0.1,23800,2992300,"S"
"VHM","13:10:28",39.85,0.05,300,2968500,"B"
"VHM","13:10:06",39.85,0.05,600,2968200,"B"
"VHM","13:10:06",39.9,0.1,5000,2967600,"S"
"VHM","13:10:03",39.85,0.05,1000,2962600,"B"
"VHM","13:09:59",39.85,0.05,1000,2961600,"B"
"VHM","13:09:50",39.85,0.05,100,2960600,"B"
"VHM","13:09:47",39.85,0.05,1000,2960500,"B"
"VHM","13:09:44",39.85,0.05,500,2959500,"B"
"VHM","13:09:40",39.85,0.05,3500,2959000,"B"
"VHM","13:09:39",39.85,0.05,200,2955500,"B"
"VHM","13:09:34",39.85,0.05,600,2955300,"B"
"VHM","13:09:29",39.85,0.05,1000,2954700,"B"
"VHM","13:09:25",39.85,0.05,100,2953700,"B"
"VHM","13:09:24",39.85,0.05,4000,2953600,"B"
"VHM","13:09:08",39.85,0.05,1200,2949600,"S"
"VHM","13:09:03",39.8,0,600,2948400,"B"
"VHM","13:09:02",39.85,0.05,800,2947800,"B"
"VHM","13:09:01",39.85,0.05,200,2947000,"S"
"VHM","13:09:00",39.85,0.05,800,2946800,"B"
"VHM","13:08:55",39.85,0.05,100,2946000,"B"
"VHM","13:08:51",39.85,0.05,3000,2945900,"B"
"VHM","13:08:50",39.85,0.05,500,2942900,"B"
"VHM","13:08:47",39.85,0.05,1100,2942400,"S"
"VHM","13:08:44",39.85,0.05,2200,2941300,"B"
"VHM","13:08:31",39.85,0.05,600,2939100,"B"
"VHM","13:08:30",39.85,0.05,200,2938500,"B"
"VHM","13:08:23",39.85,0.05,1000,2938300,"B"
"VHM","13:08:16",39.85,0.05,10000,2937300,"B"
"VHM","13:08:16",39.85,0.05,500,2927300,"B"
"VHM","13:08:14",39.85,0.05,3300,2926800,"B"
"VHM","13:08:09",39.85,0.05,100,2923500,"S"
"VHM","13:07:59",39.8,0,600,2923400,"B"
"VHM","13:07:58",39.8,0,3000,2922800,"B"
"VHM","13:07:52",39.9,0.1,2500,2919800,"S"
"VHM","13:07:52",39.85,0.05,17500,2917300,"S"
"VHM","13:07:47",39.8,0,2500,2899800,"B"
"VHM","13:07:39",39.8,0,1000,2897300,"B"
"VHM","13:07:36",39.8,0,500,2896300,"S"
"VHM","13:07:27",39.75,-0.05,600,2895800,"B"
"VHM","13:07:25",39.85,0.05,2200,2895200,"S"
"VHM","13:07:21",39.75,-0.05,400,2893000,"B"
"VHM","13:07:21",39.8,0,500,2892600,"S"
"VHM","13:07:19",39.8,0,600,2892100,"B"
"VHM","13:07:08",39.8,0,6100,2891500,"B"
"VHM","13:07:01",39.8,0,500,2885400,"B"
"VHM","13:07:01",39.8,0,300,2884900,"B"
"VHM","13:06:55",39.8,0,600,2884600,"B"
"VHM","13:06:55",39.85,0.05,2200,2884000,"S"
"VHM","13:06:42",39.8,0,2000,2881800,"B"
"VHM","13:06:37",39.8,0,3300,2879800,"S"
"VHM","13:06:35",39.8,0,2000,2876500,"S"
"VHM","13:06:35",39.8,0,1200,2874500,"S"
"VHM","13:06:31",39.8,0,5000,2873300,"S"
"VHM","13:06:24",39.8,0,2200,2868300,"S"
"VHM","13:06:23",39.75,-0.05,600,2866100,"B"
"VHM","13:06:04",39.8,0,2200,2865500,"S"
"VHM","13:05:51",39.75,-0.05,600,2863300,"B"
"VHM","13:05:48",39.75,-0.05,200,2862700,"B"
"VHM","13:05:39",39.8,0,500,2862500,"S"
"VHM","13:05:38",39.8,0,2200,2862000,"S"
"VHM","13:05:20",39.8,0,200,2859800,"S"
"VHM","13:05:19",39.75,-0.05,600,2859600,"B"
"VHM","13:05:15",39.8,0,2200,2859000,"S"
"VHM","13:05:08",39.75,-0.05,1500,2856800,"B"
"VHM","13:04:57",39.75,-0.05,100,2855300,"B"
"VHM","13:04:56",39.8,0,2200,2855200,"S"
"VHM","13:04:47",39.75,-0.05,600,2853000,"B"
"VHM","13:04:41",39.75,-0.05,100,2852400,"B"
"VHM","13:04:23",39.8,0,2200,2852300,"S"
"VHM","13:04:15",39.75,-0.05,1100,2850100,"B"
"VHM","13:04:01",39.8,0,2200,2849000,"S"
"VHM","13:03:52",39.75,-0.05,2200,2846800,"B"
"VHM","13:03:50",39.75,-0.05,6000,2844600,"B"
"VHM","13:03:45",39.8,0,2000,2838600,"S"
"VHM","13:03:44",39.8,0,1000,2836600,"S"
"VHM","13:03:44",39.75,-0.05,600,2835600,"B"
"VHM","13:03:43",39.75,-0.05,600,2835000,"B"
"VHM","13:03:42",39.75,-0.05,100,2834400,"B"
"VHM","13:03:34",39.75,-0.05,100,2834300,"B"
"VHM","13:03:21",39.75,-0.05,200,2834200,"B"
"VHM","13:03:11",39.75,-0.05,600,2834000,"B"
"VHM","13:02:57",39.8,0,1300,2833400,"B"
"VHM","13:02:54",39.8,0,200,2832100,"B"
"VHM","13:02:51",39.8,0,100,2831900,"B"
"VHM","13:02:50",39.8,0,200,2831800,"B"
"VHM","13:02:49",39.8,0,200,2831600,"B"
"VHM","13:02:48",39.8,0,100,2831400,"B"
"VHM","13:02:39",39.8,0,600,2831300,"B"
"VHM","13:02:38",39.8,0,1700,2830700,"S"
"VHM","13:02:28",39.8,0,10000,2829000,"S"
"VHM","13:02:15",39.8,0,2600,2819000,"S"
"VHM","13:02:14",39.75,-0.05,200,2816400,"B"
"VHM","13:02:09",39.75,-0.05,100,2816200,"B"
"VHM","13:02:06",39.75,-0.05,600,2816100,"B"
"VHM","13:02:02",39.75,-0.05,9000,2815500,"B"
"VHM","13:01:42",39.8,0,2200,2806500,"S"
"VHM","13:01:34",39.75,-0.05,600,2804300,"B"
"VHM","13:01:29",39.8,0,25000,2803700,"S"
"VHM","13:01:25",39.75,-0.05,100,2778700,"B"
"VHM","13:01:25",39.75,-0.05,1900,2778600,"B"
"VHM","13:01:22",39.75,-0.05,100,2776700,"B"
"VHM","13:01:16",39.75,-0.05,900,2776600,"B"
"VHM","13:01:15",39.75,-0.05,1200,2775700,"B"
"VHM","13:01:10",39.75,-0.05,1000,2774500,"B"
"VHM","13:01:07",39.75,-0.05,1000,2773500,"B"
"VHM","13:01:03",39.75,-0.05,600,2772500,"B"
"VHM","13:00:58",39.75,-0.05,1000,2771900,"B"
"VHM","13:00:57",39.75,-0.05,5200,2770900,"B"
"VHM","13:00:55",39.75,-0.05,800,2765700,"B"
"VHM","13:00:50",39.75,-0.05,300,2764900,"B"
"VHM","13:00:42",39.75,-0.05,400,2764600,"B"
"VHM","13:00:35",39.75,-0.05,1000,2764200,"B"
"VHM","13:00:34",39.75,-0.05,1000,2763200,"B"
"VHM","13:00:28",39.75,-0.05,1000,2762200,"B"
"VHM","13:00:27",39.8,0,1100,2761200,"S"
"VHM","13:00:25",39.75,-0.05,4000,2760100,"B"
"VHM","13:00:24",39.8,0,100,2756100,"S"
"VHM","13:00:21",39.8,0,500,2756000,"S"
"VHM","13:00:19",39.8,0,100,2755500,"S"
"VHM","13:00:17",39.8,0,400,2755400,"S"
"VHM","13:00:16",39.8,0,100,2755000,"S"
"VHM","13:00:13",39.8,0,400,2754900,"S"
"VHM","13:00:10",39.8,0,1400,2754500,"B"
"VHM","13:00:09",39.8,0,100,2753100,"B"
"VHM","13:00:09",39.8,0,2800,2753000,"B"
"VHM","13:00:09",39.85,0.05,200,2750200,"S"
"VHM","13:00:08",39.8,0,100,2750000,"B"
"VHM","13:00:06",39.85,0.05,200,2749900,"S"
"VHM","13:00:05",39.85,0.05,1000,2749700,"S"
"VHM","13:00:05",39.8,0,1900,2748700,"S"
"VHM","13:00:03",39.85,0.05,6500,2746800,"S"
"VHM","13:00:03",39.8,0,3600,2740300,"S"
"VHM","13:00:02",39.8,0,1900,2736700,"B"
"VHM","13:00:01",39.8,0,300,2734800,"B"
"VHM","13:00:00",39.8,0,4900,2734500,"B"
"VHM","11:29:55",39.85,0.05,500,2729600,"S"
"VHM","11:29:53",39.8,0,400,2729100,"B"
"VHM","11:29:48",39.8,0,1500,2728700,"B"
"VHM","11:29:43",39.8,0,500,2727200,"B"
"VHM","11:29:39",39.8,0,1500,2726700,"B"
"VHM","11:29:14",39.8,0,100,2725200,"B"
"VHM","11:29:04",39.8,0,1000,2725100,"B"
"VHM","11:29:03",39.8,0,6000,2724100,"B"
"VHM","11:28:52",39.8,0,200,2718100,"B"
"VHM","11:28:42",39.85,0.05,1000,2717900,"S"
"VHM","11:28:39",39.8,0,500,2716900,"B"
"VHM","11:28:14",39.8,0,300,2716400,"B"
"VHM","11:27:53",39.8,0,900,2716100,"B"
"VHM","11:27:51",39.8,0,2000,2715200,"B"
"VHM","11:27:33",39.8,0,3000,2713200,"B"
"VHM","11:27:32",39.85,0.05,100,2710200,"S"
"VHM","11:27:24",39.8,0,1000,2710100,"B"
"VHM","11:27:16",39.8,0,100,2709100,"B"
"VHM","11:26:34",39.8,0,1000,2709000,"B"
"VHM","11:26:28",39.8,0,100,2708000,"B"
"VHM","11:26:27",39.8,0,800,2707900,"B"
"VHM","11:26:06",39.8,0,500,2707100,"B"
"VHM","11:25:54",39.8,0,800,2706600,"B"
"VHM","11:25:22",39.8,0,800,2705800,"B"
"VHM","11:25:16",39.8,0,2000,2705000,"B"
"VHM","11:24:50",39.8,0,800,2703000,"B"
"VHM","11:24:37",39.8,0,2500,2702200,"S"
"VHM","11:24:27",39.8,0,300,2699700,"B"
"VHM","11:24:18",39.8,0,800,2699400,"B"
"VHM","11:24:14",39.8,0,500,2698600,"B"
"VHM","11:23:47",39.8,0,800,2698100,"B"
"VHM","11:23:27",39.8,0,10500,2697300,"B"
"VHM","11:23:23",39.8,0,300,2686800,"B"
"VHM","11:23:15",39.8,0,800,2686500,"B"
"VHM","11:22:43",39.8,0,800,2685700,"B"
"VHM","11:22:27",39.8,0,3900,2684900,"B"
"VHM","11:22:12",39.8,0,700,2681000,"B"
"VHM","11:21:58",39.8,0,6000,2680300,"S"
"VHM","11:21:57",39.8,0,500,2674300,"S"
"VHM","11:21:54",39.8,0,1000,2673800,"S"
"VHM","11:21:53",39.8,0,400,2672800,"S"
"VHM","11:21:52",39.8,0,700,2672400,"S"
"VHM","11:21:51",39.8,0,500,2671700,"S"
"VHM","11:21:48",39.8,0,4000,2671200,"S"
"VHM","11:21:47",39.8,0,1000,2667200,"S"
"VHM","11:21:46",39.8,0,200,2666200,"S"
"VHM","11:21:44",39.8,0,100,2666000,"S"
"VHM","11:21:42",39.8,0,5000,2665900,"S"
"VHM","11:21:42",39.8,0,1000,2660900,"S"
"VHM","11:21:40",39.8,0,100,2659900,"S"
"VHM","11:21:39",39.75,-0.05,700,2659800,"B"
"VHM","11:21:37",39.8,0,1700,2659100,"S"
"VHM","11:21:34",39.8,0,300,2657400,"S"
"VHM","11:21:32",39.8,0,10000,2657100,"S"
"VHM","11:21:27",39.8,0,5000,2647100,"S"
"VHM","11:21:19",39.8,0,1000,2642100,"S"
"VHM","11:21:08",39.75,-0.05,100,2641100,"B"
"VHM","11:21:07",39.75,-0.05,700,2641000,"B"
"VHM","11:21:05",39.8,0,500,2640300,"S"
"VHM","11:21:01",39.8,0,500,2639800,"S"
"VHM","11:20:58",39.8,0,200,2639300,"S"
"VHM","11:20:51",39.8,0,3000,2639100,"S"
"VHM","11:20:43",39.75,-0.05,1000,2636100,"B"
"VHM","11:20:35",39.75,-0.05,700,2635100,"B"
"VHM","11:20:15",39.75,-0.05,400,2634400,"B"
"VHM","11:20:13",39.75,-0.05,600,2634000,"B"
"VHM","11:20:04",39.75,-0.05,700,2633400,"B"
"VHM","11:19:35",39.8,0,1500,2632700,"S"
"VHM","11:19:32",39.75,-0.05,700,2631200,"B"
"VHM","11:19:19",39.8,0,5000,2630500,"S"
"VHM","11:19:18",39.75,-0.05,1000,2625500,"B"
"VHM","11:19:06",39.8,0,1000,2624500,"S"
"VHM","11:19:00",39.75,-0.05,700,2623500,"B"
"VHM","11:18:49",39.8,0,100,2622800,"S"
"VHM","11:18:43",39.8,0,100,2622700,"S"
"VHM","11:18:29",39.8,0,2000,2622600,"S"
"VHM","11:18:29",39.75,-0.05,700,2620600,"B"
"VHM","11:18:28",39.8,0,200,2619900,"S"
"VHM","11:18:24",39.75,-0.05,500,2619700,"B"
"VHM","11:18:22",39.75,-0.05,400,2619200,"B"
"VHM","11:18:21",39.8,0,1300,2618800,"S"
"VHM","11:18:02",39.8,0,2200,2617500,"S"
"VHM","11:17:57",39.75,-0.05,200,2615300,"B"
"VHM","11:17:56",39.75,-0.05,700,2615100,"B"
"VHM","11:17:41",39.75,-0.05,200,2614400,"B"
"VHM","11:17:22",39.75,-0.05,700,2614200,"B"
"VHM","11:17:08",39.75,-0.05,2600,2613500,"B"
"VHM","11:17:05",39.8,0,1000,2610900,"S"
"VHM","11:16:48",39.75,-0.05,800,2609900,"B"
"VHM","11:16:25",39.75,-0.05,100,2609100,"B"
"VHM","11:16:15",39.75,-0.05,700,2609000,"B"
"VHM","11:16:05",39.75,-0.05,12000,2608300,"B"
"VHM","11:16:03",39.8,0,500,2596300,"S"
"VHM","11:15:52",39.75,-0.05,1800,2595800,"B"
"VHM","11:15:46",39.75,-0.05,2000,2594000,"B"
"VHM","11:15:41",39.75,-0.05,700,2592000,"B"
"VHM","11:15:38",39.75,-0.05,200,2591300,"B"
"VHM","11:15:36",39.75,-0.05,4000,2591100,"B"
"VHM","11:15:34",39.75,-0.05,800,2587100,"B"
"VHM","11:15:08",39.75,-0.05,700,2586300,"B"
"VHM","11:14:56",39.8,0,200,2585600,"S"
"VHM","11:14:49",39.8,0,400,2585400,"B"
"VHM","11:14:35",39.8,0,600,2585000,"B"
"VHM","11:14:28",39.8,0,3000,2584400,"B"
"VHM","11:14:26",39.8,0,3000,2581400,"B"
"VHM","11:14:25",39.8,0,3300,2578400,"S"
"VHM","11:14:22",39.8,0,500,2575100,"S"
"VHM","11:14:16",39.8,0,10000,2574600,"S"
"VHM","11:13:58",39.75,-0.05,600,2564600,"B"
"VHM","11:13:48",39.75,-0.05,500,2564000,"B"
"VHM","11:13:47",39.8,0,200,2563500,"S"
"VHM","11:13:42",39.75,-0.05,100,2563300,"B"
"VHM","11:13:27",39.75,-0.05,600,2563200,"B"
"VHM","11:13:22",39.8,0,1000,2562600,"S"
"VHM","11:13:09",39.8,0,200,2561600,"S"
"VHM","11:13:01",39.75,-0.05,100,2561400,"B"
"VHM","11:12:55",39.75,-0.05,600,2561300,"B"
"VHM","11:12:48",39.75,-0.05,1000,2560700,"B"
"VHM","11:12:48",39.75,-0.05,900,2559700,"S"
"VHM","11:12:47",39.75,-0.05,100,2558800,"S"
"VHM","11:12:41",39.8,0,1300,2558700,"S"
"VHM","11:12:38",39.7,-0.1,300,2557400,"B"
"VHM","11:12:38",39.75,-0.05,700,2557100,"B"
"VHM","11:12:23",39.7,-0.1,600,2556400,"B"
"VHM","11:12:10",39.75,-0.05,100,2555800,"S"
"VHM","11:12:02",39.75,-0.05,200,2555700,"S"
"VHM","11:11:51",39.7,-0.1,600,2555500,"B"
"VHM","11:11:44",39.75,-0.05,100,2554900,"S"
"VHM","11:11:36",39.75,-0.05,700,2554800,"B"
"VHM","11:11:29",39.75,-0.05,21500,2554100,"B"
"VHM","11:11:25",39.8,0,1600,2532600,"B"
"VHM","11:11:23",39.8,0,5100,2531000,"B"
"VHM","11:11:22",39.8,0,400,2525900,"B"
"VHM","11:11:19",39.8,0,1500,2525500,"B"
"VHM","11:11:15",39.8,0,400,2524000,"B"
"VHM","11:11:14",39.8,0,500,2523600,"B"
"VHM","11:11:08",39.8,0,1000,2523100,"B"
"VHM","11:11:06",39.8,0,5000,2522100,"B"
"VHM","11:11:04",39.8,0,1000,2517100,"B"
"VHM","11:11:00",39.8,0,10000,2516100,"B"
"VHM","11:10:56",39.8,0,5000,2506100,"B"
"VHM","11:10:48",39.8,0,600,2501100,"B"
"VHM","11:10:47",39.8,0,600,2500500,"B"
"VHM","11:10:42",39.8,0,500,2499900,"B"
"VHM","11:10:36",39.8,0,5000,2499400,"B"
"VHM","11:10:35",39.8,0,3000,2494400,"B"
"VHM","11:10:33",39.8,0,1000,2491400,"B"
"VHM","11:10:30",39.8,0,500,2490400,"B"
"VHM","11:10:27",39.8,0,400,2489900,"B"
"VHM","11:10:16",39.8,0,100,2489500,"B"
"VHM","11:10:15",39.8,0,600,2489400,"B"
"VHM","11:09:53",39.8,0,500,2488800,"B"
"VHM","11:09:50",39.8,0,1000,2488300,"B"
"VHM","11:09:42",39.8,0,600,2487300,"B"
"VHM","11:09:40",39.8,0,100,2486700,"B"
"VHM","11:09:40",39.8,0,200,2486600,"B"
"VHM","11:09:39",39.8,0,600,2486400,"B"
"VHM","11:09:20",39.8,0,3000,2485800,"B"
"VHM","11:09:12",39.8,0,700,2482800,"B"
"VHM","11:09:11",39.8,0,600,2482100,"B"
"VHM","11:09:04",39.8,0,3500,2481500,"B"
"VHM","11:08:58",39.85,0.05,200,2478000,"S"
"VHM","11:08:53",39.85,0.05,200,2477800,"S"
"VHM","11:08:50",39.85,0.05,100,2477600,"S"
"VHM","11:08:50",39.8,0,9800,2477500,"B"
"VHM","11:08:39",39.8,0,600,2467700,"B"
"VHM","11:08:25",39.8,0,200,2467100,"B"
"VHM","11:08:23",39.8,0,100,2466900,"B"
"VHM","11:08:07",39.8,0,600,2466800,"B"
"VHM","11:08:04",39.8,0,1900,2466200,"B"
"VHM","11:07:40",39.85,0.05,2000,2464300,"S"
"VHM","11:07:37",39.8,0,7200,2462300,"B"
"VHM","11:07:34",39.8,0,3600,2455100,"B"
"VHM","11:07:24",39.8,0,400,2451500,"B"
"VHM","11:07:20",39.85,0.05,24100,2451100,"B"
