"price","change","match_qtty","side","time","total_vol"
41.9,-2,131200,"","14:45:05",1901600
42.6,-1.3,100,"sd","14:29:48",1770400
42.6,-1.3,3000,"sd","14:29:34",1770300
42.6,-1.3,1600,"sd","14:29:30",1767300
42.7,-1.2,100,"bu","14:29:26",1765700
42.6,-1.3,200,"sd","14:29:25",1765600
42.65,-1.25,200,"sd","14:29:25",1765400
42.7,-1.2,2600,"sd","14:29:25",1765200
42.7,-1.2,1500,"sd","14:29:25",1762600
42.7,-1.2,2600,"sd","14:29:20",1761100
42.7,-1.2,200,"sd","14:29:13",1758500
42.7,-1.2,500,"sd","14:29:11",1758300
42.8,-1.1,200,"bu","14:29:05",1757800
42.7,-1.2,1000,"sd","14:29:04",1757600
42.7,-1.2,2300,"sd","14:29:04",1756600
42.7,-1.2,200,"sd","14:29:03",1754300
42.7,-1.2,500,"sd","14:29:00",1754100
42.8,-1.1,400,"sd","14:28:55",1753600
42.8,-1.1,100,"sd","14:28:52",1753200
42.85,-1.05,4400,"sd","14:28:46",1753100
42.85,-1.05,5800,"sd","14:28:45",1748700
42.9,-1,2500,"sd","14:28:29",1742900
42.9,-1,1100,"sd","14:28:26",1740400
42.95,-0.95,900,"sd","14:28:26",1739300
42.95,-0.95,100,"bu","14:28:23",1738400
42.95,-0.95,400,"sd","14:28:22",1738300
42.95,-0.95,500,"sd","14:28:14",1737900
42.95,-0.95,100,"sd","14:27:59",1737400
43,-0.9,100,"sd","14:27:59",1737300
43.05,-0.85,500,"sd","14:27:50",1737200
43,-0.9,200,"sd","14:27:41",1736700
43.2,-0.7,500,"bu","14:27:35",1736500
43,-0.9,1900,"sd","14:27:33",1736000
43.1,-0.8,3100,"sd","14:27:33",1734100
43.1,-0.8,100,"sd","14:27:28",1731000
43.1,-0.8,300,"sd","14:27:26",1730900
43.15,-0.75,1100,"sd","14:27:26",1730600
43.2,-0.7,200,"sd","14:27:23",1729400
43.2,-0.7,1700,"bu","14:27:16",1729200
43.15,-0.75,500,"sd","14:27:13",1727500
43.2,-0.7,300,"sd","14:27:09",1727000
43.2,-0.7,100,"sd","14:26:56",1726700
43.2,-0.7,500,"bu","14:26:45",1726600
43.2,-0.7,7700,"sd","14:26:44",1726100
43.2,-0.7,2300,"sd","14:26:41",1718400
43.35,-0.55,500,"bu","14:26:33",1716100
43.35,-0.55,100,"bu","14:26:30",1715600
43.15,-0.75,500,"sd","14:26:17",1715500
43.2,-0.7,1500,"sd","14:26:17",1715000
43.25,-0.65,200,"sd","14:26:11",1713500
43.25,-0.65,100,"sd","14:25:59",1713300
43.2,-0.7,1000,"sd","14:25:30",1713200
43.5,-0.4,500,"bu","14:24:46",1712200
43.5,-0.4,300,"bu","14:24:42",1711700
43.2,-0.7,2100,"bu","14:24:42",1711400
43.15,-0.75,600,"bu","14:24:42",1709300
43.15,-0.75,400,"sd","14:24:38",1708700
43.15,-0.75,100,"bu","14:24:35",1708300
43,-0.9,10300,"bu","14:24:25",1708200
43,-0.9,3100,"bu","14:24:20",1697900
43,-0.9,2100,"bu","14:24:19",1694800
42.95,-0.95,1100,"sd","14:24:19",1692700
42.95,-0.95,800,"sd","14:24:18",1691600
43,-0.9,2000,"bu","14:24:18",1690800
43,-0.9,500,"bu","14:24:10",1688800
42.95,-0.95,2000,"sd","14:24:05",1688300
42.95,-0.95,200,"sd","14:23:47",1686300
43,-0.9,200,"bu","14:23:47",1686100
42.95,-0.95,100,"sd","14:23:46",1685900
42.95,-0.95,600,"bu","14:23:32",1685800
42.95,-0.95,200,"bu","14:23:22",1685200
42.95,-0.95,1100,"bu","14:23:19",1685000
42.9,-1,200,"bu","14:23:02",1683900
42.9,-1,300,"bu","14:22:51",1683700
42.9,-1,200,"bu","14:22:48",1683400
42.9,-1,1200,"bu","14:22:41",1683200
42.8,-1.1,300,"bu","14:22:41",1682000
42.7,-1.2,500,"bu","14:22:41",1681700
42.7,-1.2,100,"bu","14:22:34",1681200
42.65,-1.25,400,"bu","14:22:28",1681100
42.6,-1.3,3100,"bu","14:22:09",1680700
42.55,-1.35,900,"sd","14:22:08",1677600
42.55,-1.35,2000,"sd","14:21:59",1676700
42.55,-1.35,1900,"bu","14:21:41",1674700
42.55,-1.35,900,"bu","14:21:33",1672800
42.5,-1.4,200,"bu","14:21:18",1671900
42.5,-1.4,8300,"bu","14:21:08",1671700
42.45,-1.45,1700,"bu","14:21:08",1663400
42.45,-1.45,5000,"bu","14:21:07",1661700
42.25,-1.65,200,"bu","14:20:37",1656700
42.25,-1.65,1000,"bu","14:20:36",1656500
42.25,-1.65,1000,"bu","14:20:34",1655500
42.25,-1.65,700,"bu","14:20:32",1654500
42.25,-1.65,100,"bu","14:20:27",1653800
42.25,-1.65,1000,"bu","14:20:26",1653700
42.25,-1.65,1000,"bu","14:20:23",1652700
42.2,-1.7,1500,"bu","14:20:04",1651700
42.2,-1.7,1000,"bu","14:20:02",1650200
42.2,-1.7,500,"bu","14:19:54",1649200
42.2,-1.7,1000,"bu","14:19:52",1648700
42.2,-1.7,1000,"bu","14:19:51",1647700
42.2,-1.7,1700,"bu","14:19:50",1646700
42.2,-1.7,100,"bu","14:19:48",1645000
42.2,-1.7,1000,"bu","14:19:45",1644900
42.2,-1.7,100,"bu","14:19:33",1643900
42.2,-1.7,2000,"bu","14:19:30",1643800
42.2,-1.7,1000,"bu","14:19:27",1641800
42.2,-1.7,1500,"bu","14:19:22",1640800
42.2,-1.7,200,"bu","14:19:12",1639300
42.2,-1.7,900,"bu","14:19:09",1639100
42.2,-1.7,500,"bu","14:19:08",1638200
42.2,-1.7,2000,"bu","14:19:02",1637700
42.2,-1.7,600,"bu","14:18:59",1635700
42.2,-1.7,200,"bu","14:18:40",1635100
42.2,-1.7,200,"bu","14:18:39",1634900
42.2,-1.7,2600,"bu","14:18:34",1634700
42.2,-1.7,1000,"bu","14:18:32",1632100
42.2,-1.7,3500,"bu","14:18:18",1631100
42.2,-1.7,100,"bu","14:17:58",1627600
42.2,-1.7,2500,"sd","14:17:51",1627500
42.2,-1.7,1800,"sd","14:17:49",1625000
42.2,-1.7,500,"sd","14:17:28",1623200
42.2,-1.7,100,"sd","14:17:04",1622700
42.2,-1.7,500,"sd","14:16:55",1622600
42.2,-1.7,4600,"bu","14:16:45",1622100
42.2,-1.7,100,"bu","14:16:40",1617500
42.2,-1.7,500,"bu","14:16:38",1617400
42.2,-1.7,500,"bu","14:16:21",1616900
42.15,-1.75,100,"bu","14:15:55",1616400
42.15,-1.75,400,"sd","14:15:44",1616300
42.2,-1.7,1000,"bu","14:15:25",1615900
42.2,-1.7,500,"bu","14:15:20",1614900
42.15,-1.75,200,"bu","14:14:50",1614400
42.2,-1.7,2000,"bu","14:14:42",1614200
42.2,-1.7,700,"bu","14:14:28",1612200
42.2,-1.7,100,"bu","14:14:22",1611500
42.2,-1.7,1000,"bu","14:14:10",1611400
42.1,-1.8,900,"bu","14:13:51",1610400
42.1,-1.8,400,"bu","14:13:42",1609500
42.1,-1.8,900,"sd","14:13:29",1609100
42.1,-1.8,3900,"sd","14:13:25",1608200
42.1,-1.8,2000,"sd","14:13:17",1604300
42.1,-1.8,100,"sd","14:12:49",1602300
42.1,-1.8,200,"sd","14:12:26",1602200
42.25,-1.65,100,"bu","14:12:24",1602000
42.1,-1.8,200,"bu","14:12:06",1601900
42.1,-1.8,100,"bu","14:12:04",1601700
42.1,-1.8,3300,"sd","14:12:00",1600100
42.1,-1.8,300,"sd","14:11:44",1596800
42.1,-1.8,100,"sd","14:11:39",1596500
42.3,-1.6,500,"bu","14:11:30",1596400
42.1,-1.8,200,"sd","14:11:27",1595900
42.05,-1.85,200,"sd","14:11:16",1595700
42.1,-1.8,1800,"sd","14:11:16",1595500
42.3,-1.6,200,"sd","14:11:15",1593700
42.35,-1.55,100,"bu","14:11:15",1593500
42.3,-1.6,700,"sd","14:11:08",1593400
42.3,-1.6,1100,"bu","14:11:01",1592700
42.1,-1.8,5000,"sd","14:10:56",1591600
42.15,-1.75,1000,"sd","14:10:56",1586600
42.2,-1.7,10500,"sd","14:10:53",1585600
42.25,-1.65,1000,"sd","14:10:53",1575100
42.3,-1.6,400,"sd","14:10:41",1574100
42.35,-1.55,500,"bu","14:10:23",1573700
42.35,-1.55,500,"sd","14:10:21",1573200
42.35,-1.55,2100,"sd","14:10:12",1572700
42.35,-1.55,500,"sd","14:10:11",1570600
42.4,-1.5,1400,"sd","14:10:06",1570100
42.45,-1.45,100,"bu","14:10:04",1568700
42.45,-1.45,100,"sd","14:09:32",1568600
42.45,-1.45,100,"sd","14:09:31",1568500
42.5,-1.4,100,"bu","14:09:31",1568400
42.45,-1.45,100,"sd","14:09:25",1568300
42.45,-1.45,500,"sd","14:09:16",1568200
42.5,-1.4,100,"bu","14:09:12",1567700
42.5,-1.4,9600,"bu","14:09:04",1567600
42.5,-1.4,600,"bu","14:08:46",1558000
42.5,-1.4,2400,"bu","14:08:37",1557400
42.5,-1.4,1000,"bu","14:08:31",1555000
42.5,-1.4,100,"bu","14:08:29",1554000
42.5,-1.4,100,"bu","14:08:27",1553900
42.5,-1.4,200,"bu","14:08:16",1553800
42.5,-1.4,7200,"bu","14:08:08",1553600
42.45,-1.45,2400,"bu","14:08:08",1546400
42.4,-1.5,400,"bu","14:08:08",1544000
42.4,-1.5,300,"sd","14:08:02",1543600
42.45,-1.45,500,"bu","14:07:21",1543300
42.45,-1.45,600,"bu","14:07:17",1542800
42.45,-1.45,1000,"bu","14:07:13",1542200
42.45,-1.45,2000,"bu","14:07:09",1541200
42.45,-1.45,100,"bu","14:07:08",1539200
42.45,-1.45,1000,"bu","14:07:06",1539100
42.45,-1.45,1000,"bu","14:06:57",1538100
42.4,-1.5,1300,"bu","14:06:56",1537100
42.35,-1.55,100,"bu","14:06:45",1535800
42.4,-1.5,500,"bu","14:06:29",1535700
42.4,-1.5,100,"bu","14:06:19",1535200
42.4,-1.5,100,"bu","14:06:16",1535100
42.15,-1.75,700,"sd","14:06:15",1535000
42.1,-1.8,1000,"bu","14:05:10",1534300
42,-1.9,400,"sd","14:05:03",1533300
42.05,-1.85,600,"sd","14:05:03",1532900
42.1,-1.8,100,"bu","14:04:49",1532300
42,-1.9,3300,"bu","14:04:41",1532200
42,-1.9,500,"bu","14:04:36",1528900
42,-1.9,200,"bu","14:04:34",1528400
42,-1.9,500,"bu","14:04:33",1528200
42,-1.9,2000,"bu","14:04:23",1527700
42,-1.9,100,"bu","14:04:12",1525700
42,-1.9,100,"bu","14:04:08",1525600
42,-1.9,1000,"bu","14:04:03",1525500
42,-1.9,2100,"bu","14:03:44",1524500
41.95,-1.95,100,"sd","14:03:44",1522400
41.95,-1.95,1100,"sd","14:03:38",1522300
42,-1.9,2000,"bu","14:03:33",1521200
42,-1.9,100,"bu","14:03:31",1519200
42,-1.9,400,"bu","14:03:10",1519100
42,-1.9,300,"bu","14:02:51",1518700
42,-1.9,10700,"sd","14:02:42",1518400
42.05,-1.85,4300,"sd","14:02:42",1507700
42.1,-1.8,1900,"sd","14:02:28",1503400
42.5,-1.4,1000,"bu","14:00:58",1501500
42.5,-1.4,300,"bu","14:00:42",1500500
42.45,-1.45,200,"bu","14:00:42",1500200
42.4,-1.5,2000,"bu","14:00:42",1500000
42.3,-1.6,500,"bu","14:00:42",1498000
42,-1.9,4300,"sd","14:00:15",1497500
42.5,-1.4,2100,"bu","14:00:03",1493200
42.3,-1.6,400,"bu","14:00:03",1488100
42,-1.9,12200,"sd","13:59:51",1487700
42.05,-1.85,2700,"sd","13:59:51",1475500
42.1,-1.8,100,"sd","13:59:51",1472800
42.05,-1.85,600,"sd","13:59:45",1472700
42.05,-1.85,500,"sd","13:59:36",1472100
42.3,-1.6,1000,"sd","13:59:36",1470700
42.35,-1.55,2500,"sd","13:59:36",1469700
42.4,-1.5,4000,"sd","13:59:36",1467200
42.5,-1.4,1000,"bu","13:59:32",1463200
42.45,-1.45,2000,"bu","13:59:32",1462200
42.4,-1.5,100,"sd","13:59:20",1460200
42.45,-1.45,1000,"sd","13:59:02",1460100
42.5,-1.4,800,"bu","13:58:52",1459100
42.5,-1.4,2500,"sd","13:58:47",1458300
42.5,-1.4,600,"sd","13:58:46",1455800
42.5,-1.4,900,"sd","13:58:42",1455200
42.5,-1.4,2900,"sd","13:58:40",1454300
42.5,-1.4,800,"sd","13:58:29",1451400
42.5,-1.4,100,"sd","13:58:25",1448600
42.5,-1.4,1000,"sd","13:58:23",1448500
42.5,-1.4,300,"sd","13:58:21",1447500
42.5,-1.4,600,"sd","13:58:16",1447200
42.6,-1.3,5400,"sd","13:58:06",1446600
42.6,-1.3,100,"sd","13:58:04",1441200
42.6,-1.3,1000,"sd","13:57:50",1441100
42.6,-1.3,300,"sd","13:57:49",1440100
42.7,-1.2,100,"bu","13:57:49",1439800
42.7,-1.2,100,"bu","13:57:42",1439700
42.7,-1.2,3600,"sd","13:57:40",1439600
42.7,-1.2,900,"bu","13:57:30",1436000
42.7,-1.2,500,"bu","13:57:23",1435100
42.65,-1.25,100,"bu","13:57:21",1434600
42.7,-1.2,300,"bu","13:57:15",1434500
42.65,-1.25,400,"bu","13:57:15",1434200
42.65,-1.25,2000,"bu","13:57:13",1433800
42.6,-1.3,2400,"bu","13:57:06",1431800
42.5,-1.4,500,"sd","13:56:54",1429400
42.55,-1.35,500,"sd","13:56:54",1428900
42.55,-1.35,300,"bu","13:56:53",1428400
42.5,-1.4,700,"bu","13:56:40",1428100
42.45,-1.45,100,"bu","13:56:36",1427400
42.45,-1.45,2000,"bu","13:56:26",1427300
42.4,-1.5,1300,"bu","13:56:22",1425300
42.4,-1.5,700,"bu","13:56:19",1424000
42.4,-1.5,300,"bu","13:56:19",1423300
42.4,-1.5,100,"bu","13:56:13",1423000
42.4,-1.5,100,"bu","13:56:11",1422900
42.4,-1.5,1000,"bu","13:56:09",1422800
42.35,-1.55,3000,"bu","13:56:02",1421800
42.3,-1.6,100,"bu","13:55:56",1418800
42.3,-1.6,1300,"bu","13:55:51",1418700
42.3,-1.6,100,"bu","13:55:50",1417400
42.3,-1.6,200,"bu","13:55:46",1417300
42.3,-1.6,100,"bu","13:55:40",1417100
42.25,-1.65,100,"bu","13:55:40",1417000
42.2,-1.7,2200,"bu","13:55:40",1416900
42.2,-1.7,2300,"bu","13:55:37",1414700
42.15,-1.75,700,"bu","13:55:37",1412400
42.05,-1.85,400,"bu","13:55:25",1411700
42.05,-1.85,100,"bu","13:55:20",1411300
42,-1.9,1800,"bu","13:55:19",1411200
42,-1.9,1500,"bu","13:55:17",1409400
42,-1.9,1000,"bu","13:55:16",1407900
42,-1.9,2000,"bu","13:55:15",1406900
42,-1.9,1000,"bu","13:55:14",1404900
42,-1.9,1500,"bu","13:55:12",1403900
42,-1.9,1000,"bu","13:55:10",1402400
42,-1.9,1000,"bu","13:54:52",1401400
41.95,-1.95,400,"sd","13:54:47",1400400
42,-1.9,500,"bu","13:54:46",1400000
41.95,-1.95,1500,"bu","13:54:34",1399500
41.95,-1.95,100,"bu","13:54:28",1398000
41.95,-1.95,100,"bu","13:54:27",1397900
41.95,-1.95,1000,"bu","13:54:25",1397800
41.95,-1.95,100,"bu","13:54:24",1396800
41.9,-2,100,"sd","13:54:21",1396700
41.9,-2,5500,"bu","13:54:12",1396600
41.55,-2.35,1300,"sd","13:54:05",1391100
41.65,-2.25,400,"sd","13:54:05",1389800
41.8,-2.1,1100,"sd","13:54:05",1389400
41.6,-2.3,1400,"sd","13:54:02",1388300
41.7,-2.2,1800,"sd","13:54:02",1386900
41.75,-2.15,1000,"sd","13:54:02",1385100
41.8,-2.1,1000,"bu","13:54:02",1384100
41.8,-2.1,1100,"bu","13:53:58",1383100
41.75,-2.15,4400,"bu","13:53:58",1382000
41.75,-2.15,1100,"bu","13:53:55",1377600
41.7,-2.2,200,"bu","13:53:50",1376500
41.65,-2.25,600,"bu","13:53:50",1376300
41.7,-2.2,1000,"bu","13:53:41",1375700
41.6,-2.3,1000,"sd","13:53:38",1374700
41.7,-2.2,4000,"bu","13:53:36",1373700
41.6,-2.3,800,"bu","13:53:31",1369700
41.55,-2.35,1000,"sd","13:53:27",1368900
41.5,-2.4,5000,"bu","13:53:22",1367900
41.5,-2.4,2000,"bu","13:53:20",1362900
41.5,-2.4,2000,"bu","13:53:16",1360900
41.5,-2.4,100,"bu","13:53:11",1358900
41.5,-2.4,2000,"bu","13:53:06",1358800
41.5,-2.4,500,"bu","13:53:05",1356800
41.5,-2.4,1000,"bu","13:53:05",1356300
41.5,-2.4,500,"bu","13:53:04",1355300
41.5,-2.4,100,"bu","13:52:58",1354800
41.5,-2.4,1000,"bu","13:52:55",1354700
41.5,-2.4,100,"bu","13:52:49",1353700
41.5,-2.4,1000,"bu","13:52:47",1353600
41.5,-2.4,1000,"bu","13:52:46",1352600
41.5,-2.4,500,"bu","13:52:43",1351600
41.5,-2.4,500,"bu","13:52:37",1351100
41.45,-2.45,1000,"sd","13:52:36",1350600
41.5,-2.4,5000,"bu","13:52:36",1349600
41.5,-2.4,6000,"bu","13:52:30",1344600
41.45,-2.45,3000,"sd","13:52:18",1338600
41.5,-2.4,500,"sd","13:52:17",1335600
41.6,-2.3,4500,"bu","13:52:16",1335100
41.5,-2.4,500,"bu","13:52:16",1330600
41.5,-2.4,100,"bu","13:52:14",1330100
41.5,-2.4,600,"bu","13:52:13",1330000
41.5,-2.4,300,"bu","13:52:09",1329400
41.5,-2.4,1000,"bu","13:52:08",1329100
41.6,-2.3,300,"bu","13:52:04",1328100
41.5,-2.4,2700,"bu","13:52:04",1327800
41.5,-2.4,600,"bu","13:51:59",1325100
41.5,-2.4,100,"bu","13:51:58",1324500
41.5,-2.4,400,"bu","13:51:57",1324400
41.5,-2.4,500,"bu","13:51:52",1324000
41.5,-2.4,100,"bu","13:51:51",1323500
41.5,-2.4,1000,"bu","13:51:46",1323400
41.5,-2.4,2400,"sd","13:51:43",1322400
41.5,-2.4,2700,"sd","13:51:38",1320000
41.5,-2.4,800,"sd","13:51:35",1317300
41.5,-2.4,300,"sd","13:51:33",1316500
41.5,-2.4,400,"sd","13:51:32",1316200
41.55,-2.35,1600,"sd","13:51:32",1315800
41.6,-2.3,100,"bu","13:51:30",1314200
41.6,-2.3,100,"bu","13:51:25",1314100
41.6,-2.3,500,"bu","13:51:24",1314000
41.6,-2.3,8700,"sd","13:51:20",1313500
41.6,-2.3,2500,"sd","13:51:14",1304800
41.65,-2.25,800,"sd","13:51:14",1302300
41.7,-2.2,7200,"sd","13:51:14",1301500
41.7,-2.2,700,"sd","13:51:07",1294300
41.7,-2.2,8000,"sd","13:51:04",1293600
41.75,-2.15,100,"bu","13:51:03",1285600
41.75,-2.15,200,"bu","13:50:46",1285500
41.75,-2.15,3300,"sd","13:50:45",1285300
41.8,-2.1,800,"bu","13:50:43",1282000
41.75,-2.15,1000,"sd","13:50:41",1281200
41.9,-2,100,"bu","13:50:36",1280200
41.75,-2.15,3000,"sd","13:50:33",1280100
41.75,-2.15,8200,"sd","13:50:26",1277100
41.8,-2.1,1200,"sd","13:50:26",1268900
41.8,-2.1,500,"sd","13:50:10",1267100
41.8,-2.1,1000,"sd","13:50:08",1266600
41.95,-1.95,500,"bu","13:50:06",1265600
41.75,-2.15,5800,"sd","13:50:02",1265100
41.8,-2.1,1700,"sd","13:50:02",1259300
41.8,-2.1,700,"bu","13:50:00",1257600
41.8,-2.1,100,"bu","13:49:58",1256900
41.8,-2.1,1000,"bu","13:49:53",1256800
41.8,-2.1,800,"bu","13:49:52",1255800
41.8,-2.1,1000,"bu","13:49:50",1255000
41.75,-2.15,1000,"sd","13:49:46",1254000
41.75,-2.15,600,"sd","13:49:43",1253000
41.75,-2.15,1000,"sd","13:49:40",1252400
41.8,-2.1,500,"bu","13:49:37",1251400
41.8,-2.1,500,"bu","13:49:36",1250900
41.75,-2.15,500,"sd","13:49:36",1250400
41.8,-2.1,100,"bu","13:49:35",1249900
41.75,-2.15,1000,"sd","13:49:35",1249800
41.8,-2.1,100,"bu","13:49:32",1248800
41.8,-2.1,600,"sd","13:49:26",1248700
41.8,-2.1,400,"sd","13:49:20",1248100
41.8,-2.1,100,"sd","13:49:18",1247700
41.8,-2.1,2000,"sd","13:49:10",1247600
41.8,-2.1,1200,"sd","13:49:09",1245600
41.8,-2.1,500,"sd","13:49:08",1244400
41.8,-2.1,100,"sd","13:49:05",1243900
41.85,-2.05,2600,"sd","13:49:05",1243800
41.9,-2,9200,"sd","13:49:05",1241200
41.95,-1.95,900,"sd","13:49:05",1232000
42,-1.9,2500,"sd","13:49:05",1231100
42,-1.9,1300,"sd","13:49:05",1228600
42,-1.9,300,"sd","13:48:59",1227300
42,-1.9,1000,"sd","13:48:58",1227000
42,-1.9,1000,"sd","13:48:58",1226000
42,-1.9,1000,"sd","13:48:55",1225000
42,-1.9,2700,"sd","13:48:52",1224000
42,-1.9,500,"sd","13:48:51",1221300
42,-1.9,2600,"sd","13:48:50",1220800
42,-1.9,2000,"sd","13:48:44",1218200
42,-1.9,600,"sd","13:48:42",1216200
42,-1.9,3800,"sd","13:48:40",1215600
42,-1.9,4900,"sd","13:48:37",1211800
42.05,-1.85,100,"sd","13:48:37",1206900
42,-1.9,4500,"sd","13:48:36",1206800
42,-1.9,1900,"sd","13:48:36",1202300
42,-1.9,2000,"sd","13:48:35",1200400
42.05,-1.85,3500,"sd","13:48:35",1198400
42.1,-1.8,100,"bu","13:48:31",1194900
42.05,-1.85,5300,"sd","13:48:26",1194800
42.1,-1.8,1000,"sd","13:48:26",1189500
42.1,-1.8,3700,"sd","13:48:25",1188500
42.1,-1.8,100,"sd","13:48:23",1184800
42.1,-1.8,300,"sd","13:48:21",1184700
42.1,-1.8,1000,"sd","13:48:15",1184400
42.1,-1.8,5300,"sd","13:48:08",1183400
42.15,-1.75,5900,"sd","13:47:58",1178100
42.15,-1.75,3000,"sd","13:47:55",1172200
42.15,-1.75,1000,"sd","13:47:55",1169200
42.15,-1.75,100,"sd","13:47:54",1168200
42.15,-1.75,900,"sd","13:47:53",1168100
42.15,-1.75,2300,"sd","13:47:47",1167200
42.15,-1.75,1500,"sd","13:47:46",1164900
42.15,-1.75,1000,"sd","13:47:35",1163400
42.15,-1.75,400,"sd","13:47:25",1162400
42.15,-1.75,100,"sd","13:47:20",1162000
42.2,-1.7,200,"sd","13:47:20",1161900
42.2,-1.7,1000,"sd","13:47:12",1161700
42.2,-1.7,1000,"sd","13:47:08",1160700
42.2,-1.7,2000,"sd","13:47:08",1159700
42.2,-1.7,2000,"sd","13:46:56",1157700
42.25,-1.65,3400,"sd","13:46:39",1155700
42.25,-1.65,1000,"sd","13:46:29",1152300
42.3,-1.6,500,"sd","13:46:15",1151300
42.3,-1.6,100,"bu","13:45:49",1150800
42.3,-1.6,100,"sd","13:45:45",1150700
42.3,-1.6,100,"bu","13:45:27",1150600
42.3,-1.6,100,"sd","13:45:21",1150500
42.3,-1.6,100,"sd","13:45:16",1150400
42.35,-1.55,900,"sd","13:45:16",1150300
42.35,-1.55,3200,"bu","13:45:11",1149400
42.35,-1.55,900,"bu","13:45:10",1146200
42.3,-1.6,1200,"sd","13:45:03",1145300
42.3,-1.6,2000,"sd","13:44:56",1144100
42.35,-1.55,200,"bu","13:44:49",1142100
42.35,-1.55,3000,"bu","13:44:45",1141900
42.35,-1.55,500,"bu","13:44:38",1138900
42.3,-1.6,200,"sd","13:44:38",1138400
42.35,-1.55,600,"bu","13:44:31",1138200
42.3,-1.6,500,"sd","13:44:27",1137600
42.3,-1.6,100,"sd","13:44:12",1137100
42.3,-1.6,200,"sd","13:44:06",1137000
42.3,-1.6,800,"sd","13:43:56",1136800
42.3,-1.6,500,"sd","13:43:33",1136000
42.35,-1.55,300,"bu","13:43:25",1135500
42.35,-1.55,500,"bu","13:43:06",1135200
42.35,-1.55,500,"bu","13:42:45",1134700
42.3,-1.6,100,"bu","13:42:32",1134200
42.3,-1.6,3000,"bu","13:42:28",1134100
42.3,-1.6,600,"bu","13:42:19",1131100
42.3,-1.6,1000,"sd","13:41:52",1130500
42.3,-1.6,100,"bu","13:41:41",1129500
42.3,-1.6,500,"bu","13:41:39",1129400
42.3,-1.6,1000,"bu","13:41:36",1128900
42.3,-1.6,400,"sd","13:41:33",1127900
42.3,-1.6,2000,"sd","13:41:23",1127500
42.3,-1.6,500,"sd","13:41:09",1125500
42.3,-1.6,200,"bu","13:40:39",1125000
42.3,-1.6,100,"bu","13:40:36",1124800
42.3,-1.6,200,"bu","13:40:34",1124700
42.3,-1.6,2500,"sd","13:40:33",1124500
42.3,-1.6,900,"bu","13:40:14",1122000
42.3,-1.6,2000,"bu","13:40:09",1121100
42.3,-1.6,500,"bu","13:40:00",1119100
42.2,-1.7,9300,"sd","13:39:56",1118600
42.25,-1.65,300,"sd","13:39:56",1109300
42.3,-1.6,500,"bu","13:39:54",1109000
42.3,-1.6,1000,"sd","13:39:47",1108500
42.3,-1.6,5000,"sd","13:39:46",1107500
42.3,-1.6,700,"sd","13:39:30",1102500
42.3,-1.6,1900,"bu","13:39:25",1101800
42.25,-1.65,700,"bu","13:39:22",1099900
42.2,-1.7,700,"sd","13:39:21",1099200
42.2,-1.7,500,"sd","13:39:16",1098500
42.25,-1.65,200,"bu","13:39:15",1098000
42.25,-1.65,500,"sd","13:39:14",1097800
42.25,-1.65,500,"bu","13:39:03",1097300
42.25,-1.65,100,"bu","13:38:55",1096800
42.25,-1.65,800,"sd","13:38:49",1096700
42.25,-1.65,1400,"bu","13:38:46",1095900
42.25,-1.65,1000,"bu","13:38:28",1094500
42.25,-1.65,300,"bu","13:38:27",1093500
42.25,-1.65,100,"bu","13:38:25",1093200
42.25,-1.65,100,"bu","13:38:23",1093100
42.25,-1.65,200,"bu","13:38:19",1093000
42.25,-1.65,500,"bu","13:38:15",1092800
42.25,-1.65,200,"bu","13:38:13",1092300
42.25,-1.65,1000,"bu","13:38:01",1092100
42.2,-1.7,1000,"sd","13:37:57",1091100
42.25,-1.65,300,"bu","13:37:56",1090100
42.2,-1.7,400,"sd","13:37:54",1089800
42.2,-1.7,1000,"sd","13:37:54",1089400
42.2,-1.7,4500,"sd","13:37:46",1088400
42.2,-1.7,100,"sd","13:37:37",1083900
42.25,-1.65,200,"bu","13:37:36",1083800
42.25,-1.65,100,"bu","13:37:29",1083600
42.25,-1.65,5600,"sd","13:37:19",1083500
42.3,-1.6,200,"bu","13:37:10",1077900
42.3,-1.6,900,"sd","13:37:02",1077700
42.35,-1.55,100,"bu","13:36:59",1076800
42.3,-1.6,100,"sd","13:36:57",1076700
42.3,-1.6,200,"sd","13:36:43",1076600
42.3,-1.6,4100,"sd","13:36:35",1076400
42.3,-1.6,500,"sd","13:36:31",1072300
42.3,-1.6,4300,"sd","13:36:21",1071800
42.3,-1.6,100,"sd","13:36:10",1067500
42.3,-1.6,200,"sd","13:36:04",1067400
42.4,-1.5,200,"bu","13:36:04",1067200
42.35,-1.55,600,"sd","13:36:04",1067000
42.4,-1.5,500,"sd","13:35:55",1066400
42.4,-1.5,300,"sd","13:35:49",1065900
42.5,-1.4,1000,"sd","13:35:23",1065600
42.5,-1.4,500,"sd","13:35:07",1064600
42.55,-1.35,500,"sd","13:35:05",1064100
42.6,-1.3,700,"bu","13:34:55",1063600
42.55,-1.35,300,"bu","13:34:40",1062900
42.4,-1.5,100,"bu","13:34:23",1062600
42.3,-1.6,1000,"sd","13:34:06",1062500
42.4,-1.5,200,"bu","13:33:55",1061500
42.3,-1.6,300,"bu","13:33:51",1061300
42.3,-1.6,1500,"sd","13:33:46",1061000
42.35,-1.55,100,"sd","13:33:46",1059500
42.4,-1.5,400,"bu","13:33:38",1059400
42.4,-1.5,1700,"bu","13:33:35",1059000
42.35,-1.55,100,"bu","13:33:32",1056600
42.35,-1.55,9500,"sd","13:33:21",1056500
42.4,-1.5,300,"bu","13:33:20",1047000
42.4,-1.5,100,"bu","13:33:15",1046700
42.4,-1.5,200,"bu","13:33:08",1046600
42.4,-1.5,100,"bu","13:33:04",1046400
42.4,-1.5,900,"sd","13:33:00",1046300
42.4,-1.5,1700,"sd","13:32:45",1045400
42.45,-1.45,400,"sd","13:32:45",1043700
42.5,-1.4,900,"sd","13:32:44",1043300
42.5,-1.4,2200,"sd","13:32:43",1042400
42.5,-1.4,5000,"sd","13:32:31",1040200
42.5,-1.4,6300,"sd","13:32:20",1035200
42.6,-1.3,700,"sd","13:32:20",1028900
42.65,-1.25,500,"bu","13:32:11",1028200
42.65,-1.25,300,"bu","13:32:10",1027700
42.65,-1.25,100,"bu","13:31:54",1027400
42.65,-1.25,8400,"sd","13:31:54",1027300
42.7,-1.2,500,"sd","13:31:30",1018900
42.7,-1.2,1500,"sd","13:31:18",1018400
42.75,-1.15,300,"bu","13:31:17",1016900
42.75,-1.15,2500,"sd","13:31:06",1016600
42.75,-1.15,3000,"sd","13:30:57",1014100
42.8,-1.1,2000,"bu","13:30:48",1011100
42.8,-1.1,100,"bu","13:30:34",1009100
42.75,-1.15,500,"sd","13:30:30",1009000
42.75,-1.15,100,"sd","13:30:28",1008500
42.75,-1.15,4400,"bu","13:30:26",1008400
42.7,-1.2,500,"sd","13:30:18",1004000
42.75,-1.15,200,"bu","13:30:16",1003500
42.7,-1.2,2200,"bu","13:30:16",1003300
42.7,-1.2,2400,"sd","13:30:14",1001100
42.7,-1.2,500,"bu","13:29:58",998700
42.7,-1.2,200,"sd","13:29:57",998200
42.7,-1.2,200,"sd","13:29:50",998000
42.75,-1.15,1300,"bu","13:29:42",997800
42.7,-1.2,200,"bu","13:29:41",994800
42.7,-1.2,500,"bu","13:29:41",994600
42.7,-1.2,200,"bu","13:29:39",994100
42.7,-1.2,200,"bu","13:29:32",993900
42.65,-1.25,900,"sd","13:29:32",993700
42.65,-1.25,300,"sd","13:29:15",992800
42.7,-1.2,300,"bu","13:29:14",992500
42.7,-1.2,1000,"sd","13:29:11",992200
42.7,-1.2,400,"sd","13:29:10",991200
42.7,-1.2,3400,"bu","13:29:04",990800
42.6,-1.3,1200,"bu","13:29:04",987400
42.55,-1.35,300,"bu","13:28:57",986200
42.55,-1.35,200,"bu","13:28:56",985900
42.55,-1.35,100,"bu","13:28:54",985700
42.5,-1.4,100,"sd","13:28:54",985600
42.55,-1.35,100,"bu","13:28:54",985500
42.55,-1.35,100,"bu","13:28:45",985400
42.5,-1.4,400,"sd","13:28:36",985300
42.5,-1.4,1000,"bu","13:28:34",984900
42.4,-1.5,400,"bu","13:28:26",983900
42.4,-1.5,1000,"bu","13:28:24",983500
42.4,-1.5,100,"bu","13:28:16",982500
42.4,-1.5,1000,"bu","13:28:16",982400
42.35,-1.55,600,"bu","13:28:06",981400
42.35,-1.55,2000,"bu","13:28:03",980800
42.25,-1.65,100,"sd","13:27:49",978800
42.3,-1.6,100,"bu","13:27:49",978700
42.3,-1.6,300,"bu","13:27:46",978600
42.3,-1.6,300,"bu","13:27:45",978300
42.25,-1.65,500,"bu","13:27:41",978000
42.25,-1.65,500,"bu","13:27:40",977500
42.25,-1.65,2000,"sd","13:27:38",977000
42.25,-1.65,200,"sd","13:27:36",975000
42.25,-1.65,800,"bu","13:27:30",974800
42.25,-1.65,5000,"bu","13:27:26",974000
42.2,-1.7,2800,"bu","13:27:17",969000
42.2,-1.7,200,"bu","13:27:16",966200
42.2,-1.7,600,"bu","13:27:13",966000
42.2,-1.7,2000,"bu","13:27:08",965400
42.2,-1.7,600,"bu","13:27:05",963400
42.2,-1.7,2000,"bu","13:27:03",962800
42.2,-1.7,500,"bu","13:26:58",960800
42.2,-1.7,800,"bu","13:26:57",960300
42.1,-1.8,3900,"sd","13:26:56",959500
42.2,-1.7,100,"bu","13:26:55",955600
42.2,-1.7,100,"bu","13:26:50",955500
42.2,-1.7,300,"bu","13:26:45",955400
42.1,-1.8,200,"sd","13:26:44",955100
42.1,-1.8,100,"sd","13:26:42",954900
42.1,-1.8,1300,"bu","13:26:41",954800
42.1,-1.8,2700,"sd","13:26:41",953500
42.1,-1.8,1500,"bu","13:26:36",950800
42.1,-1.8,4500,"sd","13:26:35",949300
42.1,-1.8,1000,"sd","13:26:30",944800
42.1,-1.8,5300,"sd","13:26:29",943800
42.15,-1.75,1100,"sd","13:26:29",938500
42.2,-1.7,1000,"bu","13:26:29",937400
42.1,-1.8,700,"sd","13:26:23",936400
42.1,-1.8,900,"sd","13:26:22",935700
42.1,-1.8,3000,"sd","13:26:07",934800
42.1,-1.8,2600,"bu","13:25:52",931800
42.1,-1.8,4400,"sd","13:25:50",929200
42.1,-1.8,1000,"sd","13:25:49",924800
42.1,-1.8,400,"sd","13:25:35",923800
42.1,-1.8,800,"sd","13:25:32",923400
42.15,-1.75,3000,"sd","13:25:32",922600
42.2,-1.7,200,"sd","13:25:32",919600
42.25,-1.65,100,"bu","13:25:19",919400
42.2,-1.7,800,"sd","13:25:19",919300
42.25,-1.65,2600,"sd","13:25:02",918500
42.3,-1.6,6300,"sd","13:24:53",915900
42.3,-1.6,1000,"sd","13:24:50",909600
42.3,-1.6,2000,"sd","13:24:49",908600
42.3,-1.6,1700,"sd","13:24:46",906600
42.3,-1.6,1000,"sd","13:24:45",904900
42.3,-1.6,100,"sd","13:24:45",903900
42.3,-1.6,400,"sd","13:24:36",903800
42.3,-1.6,600,"sd","13:24:34",903400
42.3,-1.6,500,"sd","13:24:32",902800
42.3,-1.6,1000,"sd","13:24:31",902300
42.35,-1.55,100,"sd","13:24:27",901300
42.35,-1.55,500,"sd","13:24:19",901200
42.4,-1.5,13700,"sd","13:24:02",900700
42.45,-1.45,600,"sd","13:24:02",887000
42.45,-1.45,2500,"sd","13:23:54",886400
42.5,-1.4,4300,"sd","13:23:51",883900
42.5,-1.4,500,"sd","13:23:46",879600
42.5,-1.4,1400,"sd","13:23:46",879100
42.5,-1.4,20000,"sd","13:23:45",877700
42.5,-1.4,1000,"sd","13:23:36",857700
42.5,-1.4,1300,"sd","13:23:35",856700
42.5,-1.4,500,"sd","13:23:27",855400
42.5,-1.4,1900,"sd","13:23:19",854900
42.5,-1.4,1200,"sd","13:23:17",853000
42.55,-1.35,10100,"sd","13:23:08",851800
42.6,-1.3,3000,"sd","13:22:58",841700
42.6,-1.3,1400,"sd","13:22:45",838700
42.65,-1.25,8600,"sd","13:22:45",837300
42.7,-1.2,200,"bu","13:22:45",828700
42.7,-1.2,1400,"sd","13:22:34",828500
42.7,-1.2,1000,"sd","13:22:24",827100
42.75,-1.15,700,"sd","13:22:17",826100
42.75,-1.15,300,"sd","13:22:16",825400
42.7,-1.2,200,"bu","13:21:57",825100
42.7,-1.2,1500,"sd","13:21:55",824900
42.75,-1.15,300,"sd","13:21:55",823400
42.75,-1.15,1200,"sd","13:21:42",823100
42.75,-1.15,500,"bu","13:21:40",821900
42.7,-1.2,500,"sd","13:21:37",821400
42.7,-1.2,500,"sd","13:21:34",820900
42.7,-1.2,400,"sd","13:21:25",820400
42.7,-1.2,2800,"sd","13:21:23",820000
42.7,-1.2,100,"sd","13:20:57",817200
42.75,-1.15,2000,"bu","13:20:56",817100
42.75,-1.15,200,"sd","13:20:51",815100
42.8,-1.1,200,"bu","13:20:31",814900
42.8,-1.1,100,"bu","13:20:29",814700
42.8,-1.1,400,"sd","13:20:28",814600
42.8,-1.1,600,"bu","13:20:10",814200
42.8,-1.1,400,"sd","13:20:06",813600
42.8,-1.1,100,"bu","13:20:03",813200
42.8,-1.1,100,"bu","13:20:01",813100
42.8,-1.1,200,"bu","13:19:49",813000
42.8,-1.1,600,"bu","13:19:17",812800
42.7,-1.2,1000,"sd","13:18:20",812200
42.7,-1.2,500,"sd","13:18:19",811200
42.7,-1.2,500,"sd","13:17:55",810700
42.7,-1.2,2200,"sd","13:17:26",810200
42.75,-1.15,2000,"sd","13:17:26",807200
42.8,-1.1,1000,"sd","13:17:26",805200
42.8,-1.1,500,"sd","13:17:00",804200
42.8,-1.1,2000,"bu","13:16:42",803700
42.8,-1.1,100,"sd","13:15:35",801700
42.75,-1.15,500,"sd","13:15:25",801600
42.85,-1.05,500,"bu","13:15:15",801100
42.8,-1.1,2000,"sd","13:15:15",800600
42.85,-1.05,100,"bu","13:15:06",798600
42.85,-1.05,100,"sd","13:14:57",798500
42.85,-1.05,400,"bu","13:14:23",798400
42.85,-1.05,2100,"bu","13:14:18",798000
42.8,-1.1,200,"sd","13:14:16",795900
42.85,-1.05,3500,"bu","13:14:15",795700
42.85,-1.05,300,"bu","13:14:12",792200
42.85,-1.05,200,"bu","13:14:07",791900
42.85,-1.05,100,"bu","13:13:50",791700
42.85,-1.05,100,"bu","13:13:50",791600
42.85,-1.05,200,"bu","13:13:47",791500
42.85,-1.05,100,"bu","13:12:54",791300
42.8,-1.1,1600,"sd","13:12:52",791200
42.8,-1.1,3000,"sd","13:12:17",789600
42.8,-1.1,1000,"bu","13:12:11",786600
42.8,-1.1,100,"bu","13:12:03",785600
42.8,-1.1,200,"bu","13:12:01",785500
42.8,-1.1,100,"bu","13:11:59",785300
42.8,-1.1,3600,"sd","13:11:57",785200
42.85,-1.05,200,"bu","13:11:47",781600
42.85,-1.05,2000,"bu","13:11:46",781400
42.85,-1.05,100,"bu","13:11:45",779400
42.85,-1.05,100,"bu","13:11:40",779300
42.85,-1.05,1300,"bu","13:11:39",779200
42.8,-1.1,200,"sd","13:11:24",777900
42.85,-1.05,5000,"bu","13:11:14",777700
42.85,-1.05,200,"bu","13:11:12",772700
42.85,-1.05,100,"bu","13:10:54",772500
42.85,-1.05,300,"bu","13:10:51",772400
42.75,-1.15,600,"bu","13:10:42",772100
42.75,-1.15,1000,"bu","13:10:31",771500
42.75,-1.15,500,"bu","13:10:27",770500
42.7,-1.2,800,"bu","13:10:17",770000
42.7,-1.2,500,"bu","13:09:39",769200
42.7,-1.2,700,"sd","13:09:36",768700
42.75,-1.15,500,"bu","13:09:36",768000
42.75,-1.15,100,"bu","13:09:33",767500
42.75,-1.15,700,"bu","13:09:30",763400
42.75,-1.15,200,"bu","13:09:28",762700
42.75,-1.15,100,"bu","13:09:25",762500
42.75,-1.15,100,"bu","13:09:24",762400
42.75,-1.15,100,"bu","13:09:21",762300
42.7,-1.2,1000,"sd","13:09:14",762200
42.7,-1.2,100,"sd","13:09:05",761200
42.7,-1.2,500,"sd","13:08:37",761100
42.7,-1.2,100,"bu","13:08:07",760600
42.7,-1.2,2000,"bu","13:08:02",760500
42.7,-1.2,200,"bu","13:08:01",758500
42.7,-1.2,900,"bu","13:07:59",758300
42.7,-1.2,100,"bu","13:07:58",757400
42.7,-1.2,200,"bu","13:07:48",757300
42.65,-1.25,1700,"bu","13:07:42",757100
42.65,-1.25,100,"bu","13:07:41",755400
42.65,-1.25,3200,"sd","13:07:28",755300
42.7,-1.2,100,"bu","13:07:25",752100
42.7,-1.2,400,"sd","13:07:24",752000
42.8,-1.1,500,"sd","13:07:16",751600
42.8,-1.1,1100,"sd","13:07:09",751100
42.8,-1.1,600,"bu","13:07:06",750000
42.65,-1.25,600,"sd","13:06:37",749400
42.7,-1.2,1400,"sd","13:06:37",748800
42.75,-1.15,100,"bu","13:06:35",747400
42.75,-1.15,1000,"bu","13:06:27",747300
42.7,-1.2,4300,"bu","13:06:17",746300
42.65,-1.25,400,"sd","13:05:57",742000
42.65,-1.25,300,"bu","13:05:23",741600
42.55,-1.35,500,"bu","13:04:50",741300
42.55,-1.35,1000,"bu","13:04:49",740800
42.55,-1.35,500,"bu","13:04:41",739800
42.55,-1.35,300,"bu","13:04:37",739300
42.5,-1.4,300,"sd","13:04:33",739000
42.55,-1.35,100,"bu","13:04:32",738700
42.55,-1.35,300,"bu","13:04:24",738600
42.55,-1.35,100,"bu","13:04:22",738300
42.55,-1.35,700,"bu","13:04:20",738200
42.55,-1.35,200,"bu","13:04:15",737500
42.5,-1.4,1600,"sd","13:03:57",737300
42.55,-1.35,1100,"sd","13:03:54",735700
42.5,-1.4,2500,"sd","13:03:26",734600
42.55,-1.35,3500,"sd","13:03:26",732100
42.7,-1.2,200,"bu","13:03:21",728600
42.7,-1.2,100,"bu","13:03:14",728400
42.55,-1.35,1200,"bu","13:03:00",728300
42.55,-1.35,2700,"bu","13:02:58",727100
42.5,-1.4,2300,"sd","13:02:58",724400
42.55,-1.35,100,"bu","13:02:55",722100
42.55,-1.35,500,"bu","13:02:54",722000
42.55,-1.35,5000,"bu","13:02:50",721500
42.55,-1.35,900,"bu","13:02:49",716500
42.55,-1.35,100,"bu","13:02:48",715600
42.55,-1.35,5000,"bu","13:02:42",715500
42.55,-1.35,300,"bu","13:02:42",710500
42.55,-1.35,400,"bu","13:02:37",710200
42.55,-1.35,100,"bu","13:02:33",709800
42.5,-1.4,3000,"sd","13:02:31",709700
42.55,-1.35,500,"bu","13:02:25",706700
42.55,-1.35,500,"bu","13:02:24",706200
42.55,-1.35,200,"bu","13:02:24",705700
42.55,-1.35,100,"bu","13:02:20",705500
42.55,-1.35,1000,"bu","13:02:16",705400
42.55,-1.35,1000,"bu","13:02:15",704400
42.5,-1.4,4000,"sd","13:02:15",703400
42.55,-1.35,400,"bu","13:01:52",699400
42.5,-1.4,1700,"sd","13:01:50",699000
42.55,-1.35,1000,"bu","13:01:37",697300
42.5,-1.4,1000,"sd","13:01:19",696300
42.5,-1.4,1200,"sd","13:01:17",695300
42.5,-1.4,1500,"sd","13:01:15",694100
42.55,-1.35,200,"bu","13:01:10",692600
42.55,-1.35,3500,"sd","13:01:04",692400
42.6,-1.3,2400,"sd","13:01:04",688900
42.65,-1.25,900,"sd","13:01:04",686500
42.7,-1.2,500,"bu","13:01:00",685600
42.7,-1.2,300,"sd","13:00:58",685100
42.75,-1.15,500,"bu","13:00:57",684800
42.75,-1.15,1900,"bu","13:00:56",684300
42.7,-1.2,100,"sd","13:00:56",682400
42.75,-1.15,300,"bu","13:00:55",682300
42.7,-1.2,100,"sd","13:00:54",682000
42.85,-1.05,300,"bu","13:00:54",681900
42.85,-1.05,600,"sd","13:00:53",681600
42.8,-1.1,1900,"bu","13:00:53",681000
42.8,-1.1,100,"sd","13:00:47",679100
42.7,-1.2,3500,"sd","13:00:44",679000
42.75,-1.15,200,"sd","13:00:44",675500
42.8,-1.1,600,"sd","13:00:44",675300
42.8,-1.1,100,"sd","13:00:41",674700
42.9,-1,500,"bu","13:00:40",674600
42.8,-1.1,2000,"sd","13:00:18",674100
42.9,-1,1000,"bu","13:00:17",672100
42.9,-1,100,"bu","13:00:17",671100
42.8,-1.1,700,"sd","13:00:17",671000
42.85,-1.05,1300,"sd","13:00:17",670300
42.9,-1,3000,"bu","13:00:17",669000
42.8,-1.1,800,"sd","13:00:09",666000
43,-0.9,500,"bu","13:00:08",665200
42.9,-1,1900,"bu","13:00:08",664700
43,-0.9,1000,"bu","13:00:06",662800
43,-0.9,2800,"bu","13:00:01",661800
42.8,-1.1,1300,"sd","13:00:01",659000
42.85,-1.05,1500,"sd","13:00:01",657700
42.9,-1,4000,"sd","13:00:01",656200
42.9,-1,400,"sd","11:29:51",652200
42.9,-1,300,"sd","11:29:41",651800
42.9,-1,400,"sd","11:29:35",651500
42.9,-1,200,"sd","11:29:31",651100
43,-0.9,300,"bu","11:29:30",650900
42.9,-1,4400,"sd","11:29:25",650600
42.95,-0.95,900,"sd","11:29:20",645600
43,-0.9,100,"bu","11:29:17",644700
42.95,-0.95,300,"sd","11:29:14",644600
42.95,-0.95,500,"sd","11:29:05",644300
42.95,-0.95,500,"sd","11:29:03",643800
43,-0.9,2000,"bu","11:29:01",643300
43,-0.9,2800,"sd","11:29:00",641300
43,-0.9,20000,"sd","11:29:00",638500
43,-0.9,100,"sd","11:28:54",618500
43,-0.9,6000,"sd","11:28:53",618400
43.1,-0.8,1000,"bu","11:28:50",612400
43,-0.9,17800,"sd","11:28:44",611400
43.1,-0.8,1000,"bu","11:28:43",593600
43.05,-0.85,1100,"bu","11:28:43",592600
43,-0.9,2100,"sd","11:28:43",591500
43,-0.9,3900,"sd","11:28:42",589400
43.05,-0.85,100,"bu","11:28:40",585500
43.05,-0.85,300,"sd","11:28:31",585400
43,-0.9,500,"sd","11:28:12",585100
43.05,-0.85,100,"bu","11:28:03",584600
43,-0.9,1000,"sd","11:27:53",584500
43.05,-0.85,100,"sd","11:27:40",583500
43.1,-0.8,100,"bu","11:27:30",583400
43,-0.9,100,"sd","11:27:25",583300
43,-0.9,2000,"sd","11:27:21",583200
43,-0.9,1000,"sd","11:27:19",581200
43,-0.9,500,"sd","11:27:05",580200
43.05,-0.85,200,"bu","11:26:56",579700
43.05,-0.85,200,"bu","11:26:50",579500
43.05,-0.85,200,"bu","11:26:46",579300
43.05,-0.85,1000,"bu","11:26:42",579100
43.05,-0.85,200,"bu","11:26:39",578100
43.05,-0.85,200,"sd","11:26:35",577900
43.05,-0.85,200,"sd","11:26:30",577700
43.05,-0.85,6000,"sd","11:26:26",577500
43.05,-0.85,4000,"sd","11:26:13",571500
43.05,-0.85,200,"sd","11:25:44",567500
43.1,-0.8,100,"bu","11:25:43",567300
43.05,-0.85,100,"sd","11:25:36",567200
43.05,-0.85,2400,"bu","11:25:32",567100
43,-0.9,4000,"sd","11:25:27",564700
43.05,-0.85,200,"bu","11:25:24",560700
43,-0.9,5000,"sd","11:25:18",560500
43,-0.9,2500,"sd","11:25:13",555500
43.05,-0.85,100,"bu","11:25:12",553000
43.05,-0.85,200,"bu","11:25:02",552900
43,-0.9,300,"sd","11:25:01",552700
43.05,-0.85,200,"sd","11:24:59",552400
43.05,-0.85,2000,"sd","11:24:58",552200
43.1,-0.8,200,"bu","11:24:57",550200
43.1,-0.8,100,"bu","11:24:38",550000
43.05,-0.85,500,"sd","11:24:38",549900
43.05,-0.85,500,"sd","11:24:33",549400
43.1,-0.8,200,"sd","11:24:15",548900
43.05,-0.85,24600,"sd","11:24:12",548700
43.1,-0.8,400,"sd","11:24:12",524100
43.1,-0.8,600,"bu","11:24:09",523700
43.05,-0.85,8000,"sd","11:24:02",523100
43.1,-0.8,500,"bu","11:23:59",515100
43.1,-0.8,6400,"sd","11:23:51",514600
43.1,-0.8,4300,"sd","11:23:50",508200
43.1,-0.8,12100,"sd","11:23:47",503900
43.1,-0.8,7000,"sd","11:23:33",491800
43.15,-0.75,200,"bu","11:23:32",484800
43.15,-0.75,200,"bu","11:23:14",484600
43.15,-0.75,200,"bu","11:23:08",484400
43.15,-0.75,200,"bu","11:23:05",484200
43.15,-0.75,200,"bu","11:23:03",484000
43.15,-0.75,100,"bu","11:22:59",483800
43.15,-0.75,200,"bu","11:22:58",483700
43.15,-0.75,200,"bu","11:22:47",483500
43.15,-0.75,100,"bu","11:22:43",483300
43.15,-0.75,300,"bu","11:22:40",483200
43.15,-0.75,100,"bu","11:22:33",482900
43.15,-0.75,100,"bu","11:22:29",482800
43.15,-0.75,800,"bu","11:22:26",482700
43.15,-0.75,200,"bu","11:22:09",481900
43.15,-0.75,900,"bu","11:22:07",481700
43.15,-0.75,4100,"bu","11:22:07",480800
43.1,-0.8,2000,"sd","11:22:04",476700
43.1,-0.8,3000,"sd","11:21:35",474700
43.1,-0.8,500,"sd","11:21:18",471700
43.15,-0.75,100,"bu","11:20:59",471200
43.1,-0.8,5000,"sd","11:20:33",471100
43.15,-0.75,500,"bu","11:20:32",466100
43.1,-0.8,1000,"sd","11:20:28",465600
43.15,-0.75,15000,"sd","11:20:24",464600
43.15,-0.75,9000,"sd","11:20:22",449600
43.2,-0.7,2000,"bu","11:19:55",440600
43.2,-0.7,2500,"bu","11:19:54",438600
43.2,-0.7,2000,"bu","11:19:25",436100
43.2,-0.7,4200,"bu","11:19:18",434100
43.2,-0.7,7300,"sd","11:18:53",429900
43.2,-0.7,1100,"sd","11:18:45",422600
43.2,-0.7,10000,"sd","11:18:42",421500
43.2,-0.7,1100,"sd","11:18:15",411500
43.2,-0.7,1100,"sd","11:17:45",410400
43.2,-0.7,1100,"sd","11:17:15",409300
43.2,-0.7,1100,"sd","11:16:45",408200
43.2,-0.7,500,"sd","11:16:25",407100
43.2,-0.7,1100,"sd","11:16:14",406600
43.2,-0.7,9000,"sd","11:16:10",405500
43.2,-0.7,600,"sd","11:16:02",396500
43.2,-0.7,3000,"sd","11:15:50",395900
43.2,-0.7,900,"sd","11:15:44",392900
43.25,-0.65,1200,"sd","11:15:44",392000
43.25,-0.65,1100,"sd","11:15:14",390800
43.25,-0.65,1400,"sd","11:15:07",389700
43.25,-0.65,600,"sd","11:15:06",388300
43.25,-0.65,1000,"sd","11:15:00",387700
43.25,-0.65,1100,"sd","11:14:44",386700
43.25,-0.65,1100,"sd","11:14:15",385600
43.25,-0.65,1100,"sd","11:13:45",384500
43.25,-0.65,1100,"sd","11:13:15",383400
43.2,-0.7,1100,"sd","11:12:52",382300
43.25,-0.65,100,"sd","11:12:52",381200
43.3,-0.6,100,"bu","11:12:49",381100
43.2,-0.7,500,"sd","11:12:45",381000
43.25,-0.65,600,"sd","11:12:44",380500
43.25,-0.65,2300,"sd","11:12:36",379900
43.25,-0.65,1100,"sd","11:12:14",377600
43.25,-0.65,1000,"sd","11:12:07",376500
43.25,-0.65,7000,"sd","11:12:00",375500
43.25,-0.65,500,"sd","11:11:57",368500
43.25,-0.65,1500,"sd","11:11:44",367800
43.25,-0.65,700,"sd","11:11:34",366300
43.3,-0.6,500,"bu","11:11:31",365600
43.3,-0.6,1000,"bu","11:11:25",365100
43.25,-0.65,3000,"sd","11:11:24",364100
43.25,-0.65,200,"sd","11:11:22",361100
43.25,-0.65,1100,"sd","11:11:14",360900
43.3,-0.6,200,"bu","11:11:13",359800
43.3,-0.6,800,"bu","11:11:02",359600
43.25,-0.65,500,"sd","11:10:51",358800
43.25,-0.65,1100,"sd","11:10:44",358300
43.3,-0.6,300,"bu","11:10:25",357200
43.3,-0.6,500,"bu","11:10:15",356900
43.25,-0.65,1100,"sd","11:10:14",356400
43.3,-0.6,100,"bu","11:10:14",355300
43.3,-0.6,200,"bu","11:09:50",355200
43.25,-0.65,1100,"sd","11:09:44",355000
43.3,-0.6,500,"bu","11:09:32",353900
43.3,-0.6,300,"bu","11:09:28",353400
43.3,-0.6,100,"bu","11:09:22",353100
43.3,-0.6,5500,"sd","11:09:15",353000
43.3,-0.6,5400,"sd","11:09:15",347500
43.3,-0.6,1100,"sd","11:09:14",342100
43.3,-0.6,200,"sd","11:09:06",341000
43.3,-0.6,1100,"sd","11:08:44",340800
43.3,-0.6,200,"sd","11:08:23",339700
43.3,-0.6,13600,"sd","11:08:18",339500
43.3,-0.6,1100,"sd","11:08:14",325900
43.3,-0.6,100,"sd","11:07:47",324800
43.35,-0.55,200,"bu","11:07:46",324700
43.3,-0.6,1100,"sd","11:07:44",324500
43.35,-0.55,500,"bu","11:07:37",323400
43.35,-0.55,200,"bu","11:07:20",322900
43.3,-0.6,1100,"sd","11:07:15",322700
43.3,-0.6,9000,"sd","11:07:12",321600
43.35,-0.55,12200,"sd","11:06:49",312600
43.4,-0.5,500,"bu","11:06:48",300400
43.35,-0.55,1100,"sd","11:06:44",299900
43.35,-0.55,6000,"sd","11:06:31",298800
43.35,-0.55,1100,"sd","11:06:14",292800
43.35,-0.55,1100,"sd","11:05:44",291700
43.35,-0.55,100,"sd","11:05:14",290600
43.35,-0.55,1000,"sd","11:05:13",290500
43.35,-0.55,1100,"sd","11:04:44",289500
43.35,-0.55,1100,"sd","11:04:14",288400
43.45,-0.45,2500,"bu","11:03:53",287300
43.45,-0.45,100,"bu","11:03:46",284800
43.35,-0.55,1100,"sd","11:03:44",284700
43.35,-0.55,1100,"sd","11:03:14",283600
43.35,-0.55,100,"sd","11:03:00",282500
43.35,-0.55,1100,"sd","11:02:44",282400
43.35,-0.55,100,"sd","11:02:13",281300
43.4,-0.5,1000,"sd","11:02:13",281200
43.35,-0.55,300,"sd","11:01:44",280200
43.4,-0.5,800,"sd","11:01:44",279900
43.4,-0.5,700,"sd","11:01:42",279100
43.45,-0.45,5000,"bu","11:01:22",278400
43.4,-0.5,1600,"sd","11:01:14",273400
43.4,-0.5,800,"sd","11:00:50",271800
43.4,-0.5,3000,"sd","11:00:44",271000
43.4,-0.5,1100,"sd","11:00:43",268000
43.4,-0.5,500,"sd","11:00:14",266900
43.4,-0.5,800,"sd","11:00:13",266400
43.4,-0.5,300,"sd","11:00:13",265600
43.4,-0.5,400,"sd","11:00:03",265300
43.4,-0.5,100,"sd","10:59:47",264900
43.4,-0.5,1100,"sd","10:59:43",264800
43.4,-0.5,5000,"sd","10:59:17",263700
43.4,-0.5,1100,"sd","10:59:13",258700
43.4,-0.5,1100,"sd","10:58:43",257600
43.45,-0.45,800,"bu","10:58:18",256500
43.4,-0.5,1100,"sd","10:58:13",255700
43.45,-0.45,100,"bu","10:57:56",254600
43.4,-0.5,1100,"sd","10:57:43",254500
43.45,-0.45,2500,"bu","10:57:37",253400
43.45,-0.45,100,"bu","10:57:22",250900
43.4,-0.5,1100,"sd","10:57:13",250800
43.45,-0.45,700,"bu","10:57:11",249700
43.45,-0.45,5000,"bu","10:57:04",249000
43.4,-0.5,1100,"sd","10:56:43",244000
43.4,-0.5,700,"sd","10:56:17",242900
43.4,-0.5,1100,"sd","10:56:13",242200
43.45,-0.45,1000,"bu","10:56:02",241100
43.4,-0.5,1100,"sd","10:55:43",240100
43.4,-0.5,1100,"sd","10:55:13",239000
43.4,-0.5,1100,"sd","10:54:43",237900
43.45,-0.45,100,"bu","10:54:42",236800
43.45,-0.45,100,"bu","10:54:18",236700
43.4,-0.5,1000,"sd","10:54:13",236600
43.45,-0.45,3000,"bu","10:53:48",235600
43.4,-0.5,1000,"sd","10:53:43",232600
43.45,-0.45,100,"bu","10:53:36",231600
43.45,-0.45,100,"bu","10:53:30",231500
43.45,-0.45,100,"bu","10:53:28",231400
43.4,-0.5,1000,"sd","10:53:13",231300
43.45,-0.45,3100,"sd","10:53:08",230300
43.45,-0.45,1000,"sd","10:52:43",227200
43.45,-0.45,500,"sd","10:52:41",226200
43.45,-0.45,1000,"sd","10:52:13",225700
43.45,-0.45,1000,"sd","10:51:43",224700
43.45,-0.45,1000,"sd","10:51:13",223700
43.45,-0.45,1000,"sd","10:50:43",222700
43.45,-0.45,900,"sd","10:50:12",221700
43.5,-0.4,100,"sd","10:50:12",220800
43.45,-0.45,1000,"sd","10:49:43",220700
43.7,-0.2,500,"bu","10:49:27",219700
43.7,-0.2,100,"bu","10:49:15",219200
43.45,-0.45,1000,"sd","10:49:13",219100
43.45,-0.45,800,"sd","10:48:42",218100
43.5,-0.4,200,"sd","10:48:42",217300
43.45,-0.45,100,"sd","10:48:13",217100
43.45,-0.45,800,"sd","10:48:12",217000
43.5,-0.4,100,"sd","10:48:12",216200
43.45,-0.45,1000,"sd","10:47:42",216100
43.45,-0.45,1000,"sd","10:47:12",215100
43.45,-0.45,100,"sd","10:46:49",214100
43.45,-0.45,500,"sd","10:46:44",214000
43.45,-0.45,1000,"sd","10:46:42",213500
43.45,-0.45,1000,"sd","10:46:12",212500
43.5,-0.4,200,"sd","10:45:54",211500
43.45,-0.45,800,"sd","10:45:43",211300
43.5,-0.4,200,"sd","10:45:43",210500
43.7,-0.2,100,"bu","10:45:32",210300
43.5,-0.4,500,"sd","10:45:12",210200
43.6,-0.3,500,"sd","10:45:12",209700
43.5,-0.4,900,"sd","10:44:42",209200
43.6,-0.3,100,"sd","10:44:42",208300
43.6,-0.3,100,"bu","10:44:39",208200
43.6,-0.3,100,"bu","10:44:24",208100
43.6,-0.3,100,"bu","10:44:17",208000
43.6,-0.3,200,"bu","10:44:13",207900
43.5,-0.4,1000,"sd","10:44:12",207700
43.6,-0.3,100,"bu","10:44:10",206700
43.6,-0.3,100,"bu","10:43:54",206600
43.5,-0.4,1000,"sd","10:43:42",206500
43.5,-0.4,2000,"sd","10:43:38",205500
43.5,-0.4,500,"sd","10:43:12",203500
43.55,-0.35,500,"sd","10:43:12",203000
43.5,-0.4,1000,"sd","10:42:42",202500
43.5,-0.4,1000,"sd","10:42:12",201500
43.5,-0.4,1000,"sd","10:41:42",200500
43.5,-0.4,1000,"sd","10:41:12",199500
43.5,-0.4,1000,"sd","10:41:00",198500
43.5,-0.4,500,"sd","10:40:42",197500
43.55,-0.35,500,"sd","10:40:42",197000
43.6,-0.3,5000,"bu","10:40:40",196500
43.5,-0.4,1000,"sd","10:40:12",191500
43.5,-0.4,1000,"sd","10:39:42",190500
43.5,-0.4,1000,"sd","10:39:12",189500
43.5,-0.4,1000,"sd","10:38:42",188500
43.5,-0.4,600,"sd","10:38:28",187500
43.5,-0.4,1000,"sd","10:38:12",186900
43.5,-0.4,1000,"sd","10:37:42",185900
43.5,-0.4,1200,"bu","10:37:07",184900
43.5,-0.4,100,"bu","10:36:57",183700
43.5,-0.4,1500,"bu","10:36:40",183600
43.5,-0.4,2000,"bu","10:36:16",182100
43.5,-0.4,800,"bu","10:35:34",180100
43.5,-0.4,1400,"bu","10:33:48",179300
43.5,-0.4,200,"bu","10:32:52",177900
43.5,-0.4,1100,"bu","10:31:04",177700
43.45,-0.45,2000,"bu","10:30:32",176600
43.45,-0.45,500,"bu","10:30:20",174600
43.45,-0.45,2000,"bu","10:30:03",174100
43.4,-0.5,200,"sd","10:29:50",172100
43.4,-0.5,800,"bu","10:29:23",171900
43.4,-0.5,500,"bu","10:29:18",171100
43.4,-0.5,1000,"bu","10:29:00",170600
43.4,-0.5,200,"bu","10:28:55",169600
43.4,-0.5,600,"bu","10:28:53",169400
43.4,-0.5,100,"bu","10:28:26",168800
43.4,-0.5,200,"bu","10:28:07",168700
43.35,-0.55,1000,"sd","10:28:05",168500
43.35,-0.55,200,"sd","10:27:47",167500
43.35,-0.55,100,"sd","10:27:21",167300
43.35,-0.55,200,"sd","10:26:33",167200
43.35,-0.55,300,"sd","10:25:42",167000
43.35,-0.55,600,"sd","10:25:29",166700
43.35,-0.55,200,"sd","10:24:51",166100
43.4,-0.5,1500,"sd","10:24:35",165900
43.4,-0.5,500,"sd","10:24:32",164400
43.4,-0.5,1000,"sd","10:22:46",163900
43.4,-0.5,500,"sd","10:22:02",162900
43.45,-0.45,900,"bu","10:21:47",162400
43.4,-0.5,200,"sd","10:21:46",161500
43.45,-0.45,4600,"sd","10:20:55",161300
43.45,-0.45,200,"sd","10:20:15",156700
43.5,-0.4,600,"sd","10:19:55",156500
43.5,-0.4,2000,"sd","10:19:21",155900
43.55,-0.35,500,"sd","10:19:09",153900
43.6,-0.3,100,"sd","10:16:09",153400
43.6,-0.3,1000,"sd","10:15:44",153300
43.6,-0.3,800,"sd","10:15:27",152300
43.6,-0.3,2000,"sd","10:15:24",151500
43.6,-0.3,2900,"sd","10:12:38",149500
43.65,-0.25,100,"sd","10:12:38",146600
43.75,-0.15,200,"sd","10:11:36",146500
43.75,-0.15,300,"bu","10:08:08",146300
43.75,-0.15,400,"bu","10:07:43",146000
43.7,-0.2,400,"bu","10:07:43",145600
43.7,-0.2,200,"bu","10:07:18",145200
43.6,-0.3,1300,"bu","10:05:52",145000
43.55,-0.35,100,"bu","10:05:36",143700
43.55,-0.35,800,"bu","10:05:35",143600
43.55,-0.35,100,"bu","10:05:32",142800
43.55,-0.35,300,"bu","10:05:11",142700
43.5,-0.4,1000,"bu","10:05:01",142300
43.45,-0.45,2100,"bu","10:04:30",141300
43.4,-0.5,300,"sd","10:04:17",139200
43.35,-0.55,800,"sd","10:03:05",138900
43.35,-0.55,1000,"bu","10:02:37",138100
43.35,-0.55,200,"bu","10:02:31",137100
43.35,-0.55,100,"bu","10:02:18",136900
43.35,-0.55,500,"bu","10:02:14",136800
43.3,-0.6,2100,"sd","10:02:10",136300
43.35,-0.55,900,"sd","10:02:10",134200
43.35,-0.55,2000,"sd","10:01:46",133300
43.4,-0.5,500,"sd","10:01:46",131300
43.45,-0.45,600,"bu","10:01:18",130800
43.35,-0.55,100,"sd","10:01:11",130200
43.35,-0.55,500,"sd","10:00:38",130100
43.4,-0.5,500,"sd","10:00:38",129600
43.45,-0.45,500,"bu","09:59:46",129100
43.35,-0.55,3100,"sd","09:59:35",128600
43.4,-0.5,5400,"sd","09:59:35",125500
43.45,-0.45,100,"bu","09:58:56",120100
43.45,-0.45,200,"bu","09:58:41",120000
43.45,-0.45,400,"bu","09:58:00",119800
43.45,-0.45,200,"bu","09:57:50",119400
43.45,-0.45,100,"bu","09:57:22",119200
43.45,-0.45,2100,"sd","09:57:12",119100
43.45,-0.45,600,"sd","09:57:02",117000
43.5,-0.4,200,"sd","09:56:07",116400
43.45,-0.45,3000,"sd","09:55:09",116200
43.5,-0.4,400,"sd","09:54:49",113200
43.5,-0.4,100,"sd","09:54:47",112800
43.5,-0.4,1200,"sd","09:54:42",112700
43.5,-0.4,200,"sd","09:54:23",111500
43.5,-0.4,600,"sd","09:54:14",111300
43.5,-0.4,1000,"sd","09:52:44",110700
43.5,-0.4,100,"sd","09:52:11",109700
43.55,-0.35,800,"sd","09:52:11",109600
43.55,-0.35,200,"sd","09:51:21",108800
43.55,-0.35,1000,"sd","09:51:05",108600
43.55,-0.35,1000,"sd","09:50:52",107600
43.55,-0.35,400,"bu","09:48:50",106600
43.55,-0.35,1000,"bu","09:48:48",106200
43.55,-0.35,1000,"bu","09:48:45",105200
43.55,-0.35,100,"bu","09:48:42",104200
43.55,-0.35,300,"bu","09:48:33",103100
43.55,-0.35,1000,"bu","09:48:24",102800
43.55,-0.35,100,"bu","09:48:08",101800
43.55,-0.35,200,"bu","09:47:42",101700
43.5,-0.4,200,"bu","09:46:28",101500
43.5,-0.4,200,"sd","09:46:12",101300
43.5,-0.4,800,"sd","09:45:21",101100
43.5,-0.4,400,"sd","09:44:38",100300
43.5,-0.4,1000,"sd","09:43:35",99900
43.55,-0.35,100,"bu","09:43:01",98900
43.5,-0.4,500,"sd","09:42:56",98800
43.55,-0.35,200,"bu","09:42:49",98300
43.55,-0.35,200,"bu","09:42:43",98100
43.55,-0.35,400,"bu","09:42:31",97900
43.5,-0.4,100,"sd","09:42:07",97500
43.5,-0.4,1300,"sd","09:41:49",97400
43.5,-0.4,3700,"sd","09:41:48",96100
43.5,-0.4,1000,"sd","09:41:21",92400
43.5,-0.4,100,"sd","09:40:35",91400
43.5,-0.4,1000,"sd","09:40:31",91300
43.5,-0.4,2000,"sd","09:40:04",90300
43.55,-0.35,100,"bu","09:39:53",88300
43.55,-0.35,300,"sd","09:39:50",88200
43.6,-0.3,400,"bu","09:39:46",87900
43.55,-0.35,1000,"sd","09:39:46",87500
43.55,-0.35,1000,"sd","09:38:59",86500
43.6,-0.3,200,"bu","09:38:02",85500
43.6,-0.3,1100,"bu","09:37:50",85300
43.6,-0.3,200,"sd","09:37:40",84200
43.6,-0.3,400,"sd","09:37:32",84000
43.6,-0.3,100,"bu","09:37:21",83600
43.6,-0.3,200,"sd","09:36:35",83500
43.6,-0.3,500,"sd","09:35:40",83300
43.6,-0.3,1200,"sd","09:35:16",82800
43.75,-0.15,100,"sd","09:35:16",81600
43.6,-0.3,700,"sd","09:34:24",81500
43.6,-0.3,100,"sd","09:33:19",80800
43.6,-0.3,300,"sd","09:33:06",80700
43.6,-0.3,200,"sd","09:32:20",80400
43.6,-0.3,600,"sd","09:32:01",80200
43.6,-0.3,1800,"sd","09:30:37",79600
43.8,-0.1,100,"sd","09:30:01",77800
43.8,-0.1,400,"sd","09:29:50",77700
43.8,-0.1,1000,"sd","09:29:49",77300
43.8,-0.1,1000,"sd","09:29:37",76300
43.8,-0.1,400,"sd","09:29:36",75300
43.8,-0.1,300,"sd","09:29:32",74900
43.8,-0.1,200,"sd","09:29:22",74600
43.8,-0.1,1500,"sd","09:28:58",74400
43.8,-0.1,200,"sd","09:28:56",72900
43.8,-0.1,100,"sd","09:28:19",72700
43.8,-0.1,2000,"bu","09:28:04",72600
43.75,-0.15,400,"bu","09:28:04",70600
43.8,-0.1,800,"sd","09:27:19",70200
43.8,-0.1,7300,"sd","09:27:18",69400
43.8,-0.1,2000,"sd","09:27:09",62100
43.8,-0.1,2800,"sd","09:27:06",60100
43.85,-0.05,8200,"sd","09:27:06",57300
43.9,0,1000,"bu","09:27:05",49100
43.9,0,100,"bu","09:26:54",48100
43.9,0,600,"sd","09:26:48",48000
43.9,0,1900,"bu","09:26:45",47400
43.9,0,100,"bu","09:26:25",45500
43.9,0,500,"bu","09:26:06",45400
43.9,0,2300,"bu","09:26:00",44900
43.9,0,200,"sd","09:25:54",42600
43.9,0,300,"bu","09:25:52",42400
43.9,0,2000,"bu","09:25:51",42100
43.9,0,6700,"sd","09:25:44",40100
43.9,0,100,"sd","09:25:27",33400
44,0.1,2000,"bu","09:23:14",33300
44,0.1,1000,"bu","09:22:46",31300
44,0.1,100,"bu","09:22:13",30300
44,0.1,1000,"bu","09:21:46",30200
44,0.1,700,"bu","09:21:34",29200
43.95,0.05,300,"bu","09:21:34",28500
44,0.1,100,"bu","09:21:21",28200
44,0.1,1700,"sd","09:21:10",28100
44,0.1,1000,"sd","09:20:57",26400
44,0.1,2300,"sd","09:20:41",25400
44.05,0.15,100,"bu","09:20:14",23100
44.05,0.15,400,"bu","09:20:14",23000
44,0.1,5000,"sd","09:20:13",22600
44.05,0.15,1000,"bu","09:19:31",17600
44.05,0.15,100,"bu","09:19:23",16600
44.05,0.15,500,"bu","09:19:14",16500
44.05,0.15,1000,"sd","09:19:12",16000
44.1,0.2,800,"bu","09:19:07",15000
44.05,0.15,100,"sd","09:18:35",14200
44.1,0.2,500,"sd","09:16:59",14100
44.1,0.2,500,"sd","09:16:47",13600
44.1,0.2,100,"bu","09:15:42",13100
44.1,0.2,2000,"bu","09:15:34",13000
44.1,0.2,200,"bu","09:15:30",11000
44.1,0.2,200,"bu","09:15:21",10800
44.1,0.2,500,"bu","09:15:07",10600
44.1,0.2,10100,"","09:15:00",10100
