"price","change","match_qtty","side","time","total_vol"
38.9,-1.1,51100,"","14:45:08",1375100
38.8,-1.2,200,"bu","14:29:58",1324000
38.8,-1.2,1000,"bu","14:29:53",1323800
38.8,-1.2,100,"bu","14:29:48",1322800
38.75,-1.25,300,"bu","14:29:45",1322700
38.8,-1.2,200,"bu","14:29:36",1322400
38.8,-1.2,100,"sd","14:29:27",1322200
38.8,-1.2,500,"sd","14:29:24",1322100
38.8,-1.2,400,"sd","14:29:15",1321600
38.8,-1.2,200,"sd","14:29:13",1321200
38.75,-1.25,200,"bu","14:29:04",1321000
38.7,-1.3,100,"bu","14:29:04",1320800
38.75,-1.25,100,"bu","14:28:56",1320700
38.8,-1.2,700,"sd","14:28:51",1320600
38.8,-1.2,300,"bu","14:28:48",1319900
38.8,-1.2,100,"bu","14:28:45",1319600
38.6,-1.4,600,"sd","14:28:41",1319500
38.65,-1.35,7300,"sd","14:28:41",1318900
38.7,-1.3,100,"sd","14:28:41",1311600
38.75,-1.25,2300,"sd","14:28:33",1311500
38.8,-1.2,4800,"sd","14:28:30",1309200
38.8,-1.2,1000,"sd","14:28:28",1304400
38.8,-1.2,1000,"sd","14:28:25",1303400
38.8,-1.2,1600,"sd","14:28:08",1302400
38.9,-1.1,1100,"sd","14:28:08",1300800
38.95,-1.05,300,"sd","14:28:08",1299700
39,-1,500,"sd","14:28:01",1299400
39,-1,1000,"sd","14:28:00",1298900
39,-1,500,"sd","14:27:59",1297900
39,-1,500,"sd","14:27:53",1297400
39.05,-0.95,1000,"sd","14:27:53",1296900
39.1,-0.9,200,"sd","14:27:52",1295400
39.1,-0.9,500,"sd","14:27:48",1295200
39.2,-0.8,700,"bu","14:27:46",1294700
39.2,-0.8,100,"sd","14:27:44",1294000
39.25,-0.75,1900,"sd","14:27:32",1293900
39.3,-0.7,3000,"bu","14:27:32",1292000
39.3,-0.7,2000,"bu","14:27:31",1289000
39.25,-0.75,200,"sd","14:27:31",1287000
39.3,-0.7,200,"sd","14:27:17",1286800
39.3,-0.7,500,"sd","14:27:12",1286600
39.3,-0.7,500,"sd","14:27:06",1286100
39.3,-0.7,2400,"sd","14:26:59",1285600
39.3,-0.7,2000,"sd","14:26:52",1283200
39.3,-0.7,100,"sd","14:26:38",1281200
39.35,-0.65,500,"sd","14:26:38",1281100
39.35,-0.65,1500,"bu","14:26:30",1280600
39.25,-0.75,900,"sd","14:26:06",1279100
39.3,-0.7,700,"sd","14:26:06",1278200
39.3,-0.7,400,"sd","14:26:05",1277500
39.3,-0.7,1900,"bu","14:25:56",1277100
39.3,-0.7,100,"bu","14:25:44",1275200
39.25,-0.75,5000,"sd","14:25:33",1275100
39.3,-0.7,500,"bu","14:25:30",1270100
39.25,-0.75,1300,"bu","14:25:19",1269600
39.2,-0.8,2500,"bu","14:25:19",1268300
39.15,-0.85,200,"bu","14:25:19",1265800
39.1,-0.9,100,"bu","14:24:59",1265600
39.1,-0.9,1000,"bu","14:24:44",1265500
39.1,-0.9,100,"bu","14:24:22",1264500
39.1,-0.9,300,"bu","14:24:02",1264400
39,-1,1000,"sd","14:23:52",1264100
39,-1,1600,"bu","14:23:49",1263100
39,-1,300,"bu","14:23:47",1261500
39,-1,1000,"bu","14:23:47",1261200
39,-1,1000,"bu","14:23:37",1260200
39,-1,600,"bu","14:23:31",1259200
39,-1,100,"bu","14:23:30",1258600
39,-1,2000,"bu","14:23:26",1258500
39,-1,1100,"bu","14:23:21",1256500
38.9,-1.1,100,"bu","14:23:06",1255400
38.9,-1.1,100,"bu","14:23:02",1255300
38.85,-1.15,800,"bu","14:22:49",1255200
38.8,-1.2,1700,"bu","14:22:40",1254400
38.75,-1.25,600,"bu","14:22:40",1252700
38.75,-1.25,200,"bu","14:22:37",1252100
38.75,-1.25,5300,"bu","14:22:34",1251900
38.75,-1.25,200,"bu","14:22:32",1246600
38.7,-1.3,6000,"sd","14:22:32",1246400
38.75,-1.25,700,"bu","14:22:31",1240400
38.75,-1.25,3000,"bu","14:22:19",1239700
38.7,-1.3,100,"sd","14:21:39",1236700
38.8,-1.2,6700,"bu","14:21:17",1236600
38.75,-1.25,300,"bu","14:21:17",1229900
38.75,-1.25,300,"bu","14:21:15",1229600
38.75,-1.25,2000,"bu","14:21:10",1229300
38.75,-1.25,300,"bu","14:21:02",1227300
38.75,-1.25,500,"bu","14:20:54",1227000
38.7,-1.3,100,"bu","14:20:43",1226500
38.7,-1.3,5100,"sd","14:20:30",1226400
38.7,-1.3,1000,"sd","14:20:23",1221300
38.7,-1.3,200,"sd","14:20:13",1220300
38.7,-1.3,200,"bu","14:19:51",1220100
38.65,-1.35,500,"sd","14:19:33",1219900
38.75,-1.25,2000,"bu","14:19:13",1219400
38.55,-1.45,100,"sd","14:17:22",1217400
38.7,-1.3,100,"sd","14:17:22",1217300
38.75,-1.25,1000,"sd","14:16:57",1217200
38.75,-1.25,200,"sd","14:16:29",1216200
38.75,-1.25,100,"sd","14:16:26",1216000
38.75,-1.25,500,"bu","14:16:10",1215900
38.7,-1.3,100,"bu","14:16:02",1215400
38.7,-1.3,800,"bu","14:15:44",1215300
38.55,-1.45,700,"sd","14:15:28",1214500
38.65,-1.35,300,"sd","14:15:28",1213800
38.7,-1.3,2900,"bu","14:14:53",1213500
38.65,-1.35,800,"bu","14:14:53",1210600
38.6,-1.4,800,"bu","14:14:53",1209800
38.55,-1.45,100,"bu","14:14:33",1209000
38.5,-1.5,300,"sd","14:12:55",1208900
38.5,-1.5,5000,"sd","14:12:48",1208600
38.5,-1.5,1400,"sd","14:12:26",1203600
38.55,-1.45,1100,"sd","14:12:26",1202200
38.6,-1.4,100,"sd","14:12:24",1201100
38.6,-1.4,1000,"sd","14:12:19",1201000
38.6,-1.4,500,"sd","14:11:56",1200000
38.6,-1.4,100,"sd","14:11:54",1199500
38.6,-1.4,100,"sd","14:11:45",1199400
38.6,-1.4,100,"sd","14:11:42",1199300
38.6,-1.4,1000,"sd","14:11:40",1199200
38.6,-1.4,1000,"sd","14:11:03",1198200
38.6,-1.4,100,"sd","14:10:37",1197200
38.65,-1.35,300,"bu","14:10:33",1197100
38.65,-1.35,700,"bu","14:10:22",1196800
38.65,-1.35,300,"bu","14:10:12",1196100
38.65,-1.35,3700,"sd","14:09:56",1195300
38.65,-1.35,500,"sd","14:09:54",1191600
38.7,-1.3,300,"bu","14:09:49",1191100
38.7,-1.3,500,"bu","14:09:43",1190800
38.7,-1.3,100,"bu","14:09:42",1190300
38.7,-1.3,100,"bu","14:09:32",1190200
38.7,-1.3,100,"bu","14:09:22",1190100
38.65,-1.35,100,"bu","14:09:13",1190000
38.65,-1.35,3500,"bu","14:09:12",1189900
38.65,-1.35,100,"bu","14:09:12",1186400
38.65,-1.35,1000,"bu","14:09:06",1186300
38.65,-1.35,1000,"bu","14:08:57",1185300
38.65,-1.35,3000,"bu","14:08:42",1184300
38.65,-1.35,200,"bu","14:08:23",1181300
38.45,-1.55,2800,"sd","14:07:41",1181100
38.45,-1.55,4300,"sd","14:07:41",1178300
38.5,-1.5,400,"sd","14:07:41",1174000
38.6,-1.4,500,"sd","14:07:41",1173600
38.65,-1.35,200,"bu","14:07:35",1173100
38.65,-1.35,100,"bu","14:07:34",1172900
38.65,-1.35,500,"bu","14:07:05",1172800
38.65,-1.35,1000,"bu","14:06:54",1172300
38.65,-1.35,300,"bu","14:06:51",1171300
38.65,-1.35,100,"bu","14:06:45",1171000
38.65,-1.35,100,"bu","14:06:35",1170900
38.55,-1.45,1300,"sd","14:06:35",1170800
38.6,-1.4,300,"sd","14:06:35",1169500
38.65,-1.35,100,"bu","14:06:33",1169200
38.65,-1.35,200,"bu","14:06:28",1169100
38.6,-1.4,400,"bu","14:06:26",1168900
38.6,-1.4,3000,"bu","14:06:24",1168500
38.6,-1.4,200,"bu","14:06:19",1165500
38.6,-1.4,100,"bu","14:06:13",1165300
38.6,-1.4,100,"bu","14:06:09",1165200
38.6,-1.4,2000,"bu","14:06:03",1165100
38.45,-1.55,200,"sd","14:05:05",1163100
38.4,-1.6,1200,"sd","14:04:34",1162900
38.4,-1.6,2200,"bu","14:04:18",1161700
38.4,-1.6,700,"bu","14:04:14",1159500
38.4,-1.6,500,"bu","14:04:03",1158800
38.3,-1.7,800,"sd","14:03:52",1158300
38.3,-1.7,1000,"sd","14:03:50",1157500
38.3,-1.7,100,"sd","14:03:38",1156500
38.3,-1.7,500,"sd","14:03:23",1156400
38.3,-1.7,2000,"sd","14:03:12",1155900
38.3,-1.7,500,"sd","14:02:55",1153900
38.4,-1.6,3000,"bu","14:02:51",1153400
38.4,-1.6,500,"bu","14:02:43",1150400
38.4,-1.6,100,"bu","14:02:42",1149900
38.4,-1.6,1000,"bu","14:02:33",1149800
38.3,-1.7,600,"sd","14:02:18",1148800
38.4,-1.6,100,"bu","14:02:10",1148200
38.4,-1.6,100,"bu","14:01:59",1148100
38.35,-1.65,400,"bu","14:01:59",1148000
38.35,-1.65,100,"bu","14:01:53",1147600
38.35,-1.65,100,"sd","14:01:49",1147500
38.4,-1.6,300,"bu","14:01:47",1147400
38.4,-1.6,10900,"sd","14:01:35",1147100
38.4,-1.6,3600,"sd","14:00:58",1136200
38.45,-1.55,600,"sd","14:00:58",1132600
38.5,-1.5,1400,"sd","14:00:45",1132000
38.6,-1.4,200,"sd","13:59:59",1130600
38.6,-1.4,300,"bu","13:59:52",1130400
38.6,-1.4,1000,"bu","13:59:42",1130100
38.6,-1.4,1000,"bu","13:59:18",1129100
38.6,-1.4,2100,"sd","13:59:16",1128100
38.6,-1.4,5500,"sd","13:59:14",1126000
38.6,-1.4,2000,"sd","13:59:12",1120500
38.65,-1.35,100,"bu","13:59:07",1118500
38.65,-1.35,500,"bu","13:59:06",1118400
38.65,-1.35,2000,"bu","13:58:57",1117900
38.65,-1.35,200,"bu","13:58:50",1115900
38.6,-1.4,3000,"sd","13:58:50",1115700
38.65,-1.35,100,"bu","13:58:49",1112700
38.65,-1.35,500,"bu","13:58:42",1112600
38.65,-1.35,1100,"sd","13:58:42",1112100
38.7,-1.3,1000,"bu","13:58:27",1111000
38.7,-1.3,700,"sd","13:58:17",1110000
38.8,-1.2,5000,"bu","13:58:16",1109300
38.7,-1.3,1300,"sd","13:58:07",1104300
38.75,-1.25,3700,"sd","13:58:07",1103000
38.8,-1.2,700,"bu","13:57:52",1099300
38.8,-1.2,100,"bu","13:57:47",1098600
38.8,-1.2,400,"bu","13:57:42",1098500
38.8,-1.2,100,"bu","13:57:32",1098100
38.9,-1.1,10000,"bu","13:57:05",1098000
38.9,-1.1,1000,"bu","13:57:00",1088000
38.9,-1.1,100,"bu","13:56:57",1087000
38.9,-1.1,500,"bu","13:56:45",1086900
38.9,-1.1,2000,"bu","13:56:36",1086400
38.9,-1.1,100,"bu","13:56:35",1084400
38.9,-1.1,200,"bu","13:56:31",1084300
38.9,-1.1,100,"bu","13:56:28",1084100
38.9,-1.1,100,"bu","13:56:14",1084000
38.9,-1.1,500,"bu","13:56:13",1083900
38.9,-1.1,1500,"bu","13:56:12",1083400
38.9,-1.1,100,"bu","13:56:10",1081900
38.9,-1.1,3600,"bu","13:56:01",1081800
38.85,-1.15,500,"bu","13:56:01",1078200
38.7,-1.3,5000,"sd","13:56:00",1076800
38.7,-1.3,100,"sd","13:55:49",1071800
38.7,-1.3,2500,"bu","13:55:46",1071700
38.65,-1.35,300,"bu","13:55:46",1069200
38.6,-1.4,2900,"sd","13:55:38",1068900
38.6,-1.4,300,"bu","13:55:26",1066000
38.6,-1.4,200,"bu","13:55:21",1065700
38.5,-1.5,500,"bu","13:55:05",1065500
38.4,-1.6,9200,"bu","13:54:59",1065000
38.4,-1.6,600,"bu","13:54:55",1055800
38.4,-1.6,100,"bu","13:54:54",1055200
38.4,-1.6,200,"bu","13:54:48",1055100
38.4,-1.6,200,"bu","13:54:46",1054900
38.4,-1.6,400,"bu","13:54:45",1054700
38.4,-1.6,1500,"bu","13:54:44",1054300
38.4,-1.6,700,"bu","13:54:35",1052800
38.4,-1.6,100,"bu","13:54:34",1052100
38.4,-1.6,100,"bu","13:54:31",1052000
38.4,-1.6,500,"bu","13:54:26",1051900
38.35,-1.65,100,"sd","13:54:20",1051400
38.35,-1.65,400,"bu","13:54:13",1051300
38.3,-1.7,100,"sd","13:54:12",1050900
38.35,-1.65,100,"bu","13:54:05",1050800
38.2,-1.8,1100,"sd","13:53:56",1050700
38.25,-1.75,1400,"sd","13:53:56",1049600
38.3,-1.7,5000,"sd","13:53:56",1048200
38.35,-1.65,700,"bu","13:53:55",1043200
38.3,-1.7,500,"sd","13:53:53",1042500
38.35,-1.65,2500,"bu","13:53:53",1042000
38.3,-1.7,2400,"bu","13:53:40",1039500
38.25,-1.75,300,"sd","13:53:40",1037100
38.3,-1.7,300,"bu","13:53:36",1036800
38.3,-1.7,400,"bu","13:53:31",1036500
38.3,-1.7,10200,"bu","13:53:27",1036100
38.3,-1.7,1000,"bu","13:53:24",1025900
38.3,-1.7,100,"bu","13:53:10",1024900
38.2,-1.8,700,"sd","13:53:06",1024800
38.2,-1.8,4000,"sd","13:53:05",1024100
38.3,-1.7,100,"bu","13:53:04",1020100
38.3,-1.7,100,"bu","13:52:51",1020000
38.3,-1.7,2800,"bu","13:52:41",1019900
38.25,-1.75,5100,"bu","13:52:41",1017100
38.25,-1.75,1000,"bu","13:52:23",1012000
38.25,-1.75,1900,"sd","13:52:18",1011000
38.25,-1.75,3000,"sd","13:52:12",1009100
38.25,-1.75,300,"sd","13:51:58",1006100
38.25,-1.75,2300,"bu","13:51:49",1005800
38.2,-1.8,400,"sd","13:51:47",1003500
38.25,-1.75,1000,"sd","13:51:43",1003100
38.25,-1.75,100,"bu","13:51:29",1002100
38.2,-1.8,500,"sd","13:51:25",1002000
38.2,-1.8,12000,"sd","13:51:23",1001500
38.25,-1.75,200,"bu","13:51:19",989500
38.2,-1.8,500,"sd","13:51:18",989300
38.2,-1.8,3500,"sd","13:51:15",988800
38.25,-1.75,800,"sd","13:51:15",985300
38.2,-1.8,7400,"sd","13:51:09",984500
38.25,-1.75,300,"sd","13:51:09",977100
38.3,-1.7,3000,"bu","13:51:06",976800
38.3,-1.7,800,"bu","13:51:05",973800
38.3,-1.7,100,"bu","13:50:48",973000
38.3,-1.7,500,"bu","13:50:45",972900
38.2,-1.8,200,"sd","13:50:45",972400
38.25,-1.75,300,"sd","13:50:45",972200
38.3,-1.7,100,"bu","13:50:45",971900
38.3,-1.7,1000,"bu","13:50:44",971800
38.3,-1.7,500,"bu","13:50:43",970800
38.3,-1.7,1400,"sd","13:50:40",970300
38.3,-1.7,500,"sd","13:50:10",968900
38.3,-1.7,2100,"sd","13:50:08",968400
38.3,-1.7,1000,"sd","13:49:53",966300
38.3,-1.7,1000,"sd","13:49:49",965300
38.3,-1.7,5000,"sd","13:49:40",964300
38.3,-1.7,300,"sd","13:49:36",959300
38.35,-1.65,100,"sd","13:49:36",959000
38.3,-1.7,100,"sd","13:49:35",958900
38.35,-1.65,200,"sd","13:49:35",958800
38.3,-1.7,1900,"sd","13:49:26",958600
38.3,-1.7,600,"sd","13:49:16",956600
38.4,-1.6,300,"bu","13:49:07",956000
38.3,-1.7,800,"sd","13:49:06",955700
38.4,-1.6,500,"bu","13:48:57",954900
38.4,-1.6,100,"bu","13:48:53",954400
38.4,-1.6,1000,"bu","13:48:52",954300
38.4,-1.6,1800,"sd","13:48:41",953300
38.4,-1.6,500,"sd","13:48:30",951500
38.4,-1.6,2000,"sd","13:48:28",951000
38.4,-1.6,1900,"sd","13:48:18",949000
38.45,-1.55,100,"sd","13:48:18",947100
38.5,-1.5,7800,"sd","13:48:17",947000
38.5,-1.5,10000,"sd","13:48:16",939200
38.5,-1.5,10000,"sd","13:48:15",929200
38.5,-1.5,2000,"sd","13:48:07",919200
38.55,-1.45,1400,"bu","13:47:59",917200
38.5,-1.5,1000,"sd","13:47:54",915800
38.55,-1.45,1200,"sd","13:47:32",914800
38.55,-1.45,3000,"sd","13:47:29",913600
38.55,-1.45,2000,"sd","13:47:20",910600
38.55,-1.45,100,"sd","13:47:14",908600
38.55,-1.45,200,"sd","13:47:09",908500
38.55,-1.45,1000,"sd","13:47:06",908300
38.55,-1.45,100,"sd","13:47:05",907300
38.6,-1.4,100,"bu","13:46:59",907200
38.55,-1.45,10000,"sd","13:46:51",907100
38.55,-1.45,1000,"sd","13:46:39",897100
38.6,-1.4,200,"bu","13:46:29",896100
38.6,-1.4,100,"bu","13:46:28",895900
38.6,-1.4,100,"sd","13:46:28",895800
38.6,-1.4,14300,"sd","13:46:27",895700
38.65,-1.35,3000,"sd","13:46:27",881400
38.65,-1.35,1700,"sd","13:46:18",878400
38.7,-1.3,200,"sd","13:46:11",876700
38.65,-1.35,1100,"sd","13:45:56",876500
38.7,-1.3,900,"sd","13:45:56",875400
38.75,-1.25,100,"sd","13:45:48",874500
38.75,-1.25,100,"sd","13:45:40",874400
38.75,-1.25,300,"bu","13:45:38",874300
38.75,-1.25,500,"bu","13:45:34",874000
38.7,-1.3,3000,"sd","13:45:29",873500
38.75,-1.25,200,"sd","13:45:23",870500
38.75,-1.25,2000,"sd","13:45:08",870300
38.8,-1.2,1000,"bu","13:45:01",868300
38.8,-1.2,100,"bu","13:44:55",867300
38.8,-1.2,400,"sd","13:44:51",867200
38.8,-1.2,200,"bu","13:44:37",866800
38.8,-1.2,500,"bu","13:44:36",866600
38.8,-1.2,100,"bu","13:44:27",866100
38.8,-1.2,200,"bu","13:44:00",866000
38.75,-1.25,100,"bu","13:44:00",865800
38.8,-1.2,2000,"bu","13:43:51",865700
38.8,-1.2,1000,"bu","13:43:50",863700
38.8,-1.2,3000,"bu","13:43:46",862700
38.8,-1.2,1000,"bu","13:43:42",859700
38.8,-1.2,200,"bu","13:43:40",858700
38.8,-1.2,100,"bu","13:43:30",858500
38.8,-1.2,200,"bu","13:43:27",858400
38.8,-1.2,300,"bu","13:43:12",858200
38.7,-1.3,700,"bu","13:43:12",857900
38.6,-1.4,10000,"sd","13:43:09",857200
38.6,-1.4,800,"sd","13:42:55",847200
38.65,-1.35,1200,"sd","13:42:55",846400
38.65,-1.35,200,"sd","13:42:45",845200
38.65,-1.35,400,"sd","13:42:43",845000
38.7,-1.3,200,"sd","13:42:38",844600
38.7,-1.3,100,"bu","13:42:17",844400
38.65,-1.35,100,"sd","13:42:08",844300
38.7,-1.3,100,"bu","13:42:07",844200
38.7,-1.3,200,"bu","13:42:00",844100
38.7,-1.3,100,"sd","13:41:56",843900
38.7,-1.3,1400,"sd","13:41:54",843800
38.7,-1.3,500,"sd","13:41:48",842400
38.7,-1.3,500,"sd","13:41:30",841900
38.7,-1.3,400,"sd","13:41:13",841400
38.7,-1.3,1200,"bu","13:41:13",841000
38.7,-1.3,800,"bu","13:41:08",839800
38.6,-1.4,500,"sd","13:40:52",839000
38.65,-1.35,500,"sd","13:40:52",838500
38.6,-1.4,1600,"sd","13:40:38",838000
38.6,-1.4,900,"sd","13:40:26",836400
38.65,-1.35,600,"sd","13:40:26",835500
38.6,-1.4,100,"sd","13:40:12",834900
38.6,-1.4,600,"sd","13:40:05",834800
38.6,-1.4,1000,"sd","13:39:56",834200
38.6,-1.4,200,"sd","13:39:34",833200
38.6,-1.4,9900,"sd","13:39:32",833000
38.65,-1.35,5000,"sd","13:39:32",823100
38.7,-1.3,3000,"sd","13:39:32",818100
38.75,-1.25,100,"sd","13:39:32",815100
38.8,-1.2,100,"bu","13:39:12",815000
38.8,-1.2,500,"bu","13:39:02",814900
38.8,-1.2,100,"bu","13:38:57",814400
38.8,-1.2,100,"bu","13:38:55",814300
38.7,-1.3,300,"sd","13:38:49",814200
38.8,-1.2,2000,"bu","13:38:44",813900
38.8,-1.2,1900,"sd","13:38:35",811900
38.8,-1.2,10600,"sd","13:38:34",810000
38.8,-1.2,2000,"sd","13:38:34",799400
38.8,-1.2,1000,"sd","13:38:33",797400
38.8,-1.2,200,"sd","13:38:12",796400
38.85,-1.15,100,"sd","13:38:04",796200
38.85,-1.15,200,"bu","13:37:59",796100
38.85,-1.15,1800,"sd","13:37:57",795900
38.85,-1.15,100,"sd","13:37:54",794100
38.85,-1.15,100,"sd","13:37:51",794000
38.85,-1.15,200,"bu","13:37:40",793900
38.85,-1.15,100,"sd","13:37:38",793700
38.85,-1.15,200,"sd","13:37:36",793600
38.85,-1.15,200,"bu","13:37:31",793400
38.85,-1.15,100,"bu","13:37:11",793200
38.85,-1.15,700,"bu","13:37:06",793100
38.85,-1.15,100,"bu","13:36:55",792400
38.85,-1.15,100,"bu","13:36:52",792300
38.85,-1.15,100,"bu","13:36:43",792200
38.85,-1.15,9100,"sd","13:36:41",792100
38.85,-1.15,1000,"sd","13:36:18",783000
38.85,-1.15,1000,"sd","13:36:10",782000
38.9,-1.1,100,"bu","13:36:01",781000
38.9,-1.1,2000,"sd","13:35:52",780900
38.95,-1.05,1100,"bu","13:35:41",778900
38.95,-1.05,800,"sd","13:35:36",777800
39,-1,100,"bu","13:35:20",777000
39,-1,2400,"sd","13:35:16",776900
39,-1,100,"sd","13:35:14",774500
39,-1,500,"sd","13:35:13",774400
39,-1,600,"sd","13:35:13",773900
39,-1,3400,"sd","13:35:11",773300
39,-1,10000,"sd","13:35:01",769900
39,-1,1000,"sd","13:34:54",759900
39,-1,1100,"sd","13:34:47",758900
39,-1,100,"sd","13:34:46",757800
39.05,-0.95,100,"bu","13:34:42",757700
39.05,-0.95,5000,"sd","13:34:10",757600
39.05,-0.95,200,"sd","13:33:58",752600
39.1,-0.9,100,"bu","13:33:29",752400
39.1,-0.9,1900,"sd","13:33:29",752300
39.1,-0.9,900,"sd","13:33:28",750400
39.1,-0.9,200,"sd","13:33:25",749500
39.15,-0.85,1000,"sd","13:33:11",749300
39.1,-0.9,1000,"sd","13:32:58",748300
39.1,-0.9,1100,"sd","13:32:25",747300
39.15,-0.85,700,"bu","13:32:13",746200
39.1,-0.9,2300,"bu","13:32:13",745500
39.05,-0.95,500,"sd","13:31:53",743200
39.05,-0.95,100,"sd","13:31:34",742700
39.05,-0.95,500,"sd","13:31:33",742600
39.05,-0.95,2000,"sd","13:31:31",742100
39.05,-0.95,500,"sd","13:31:17",740100
39.05,-0.95,600,"bu","13:31:07",739600
39.05,-0.95,1000,"bu","13:31:05",739000
39.05,-0.95,200,"bu","13:30:59",738000
39.05,-0.95,100,"bu","13:30:57",737800
39.05,-0.95,1100,"sd","13:30:51",737700
39.05,-0.95,200,"sd","13:30:48",736600
39.05,-0.95,4200,"bu","13:30:42",736400
39.05,-0.95,300,"bu","13:30:35",732200
39.05,-0.95,500,"bu","13:30:29",731900
39,-1,400,"sd","13:30:26",731400
39,-1,400,"sd","13:30:03",731000
39,-1,300,"sd","13:29:57",730600
39,-1,400,"bu","13:29:36",730300
39,-1,4100,"bu","13:29:28",729900
39,-1,100,"bu","13:29:21",725800
39,-1,5000,"bu","13:29:12",725700
38.9,-1.1,2000,"sd","13:28:59",720700
38.9,-1.1,1800,"bu","13:28:52",718700
38.85,-1.15,800,"sd","13:28:50",716900
38.9,-1.1,100,"bu","13:28:50",716100
38.9,-1.1,100,"bu","13:28:48",716000
38.9,-1.1,100,"bu","13:28:47",715900
38.9,-1.1,1100,"bu","13:28:45",715800
38.9,-1.1,1000,"bu","13:28:40",714700
38.9,-1.1,100,"bu","13:28:37",713700
38.9,-1.1,300,"bu","13:28:34",713600
38.85,-1.15,700,"sd","13:28:32",713300
38.9,-1.1,100,"bu","13:28:30",712600
38.9,-1.1,1100,"bu","13:28:29",712500
38.9,-1.1,100,"bu","13:28:28",711400
38.9,-1.1,1000,"bu","13:28:26",711300
38.9,-1.1,500,"bu","13:28:24",710300
38.9,-1.1,800,"bu","13:28:22",709800
38.9,-1.1,100,"bu","13:28:18",709000
38.9,-1.1,1000,"bu","13:28:14",708900
38.85,-1.15,500,"sd","13:28:08",707900
38.9,-1.1,700,"bu","13:28:06",707400
38.9,-1.1,100,"bu","13:28:06",706700
38.9,-1.1,400,"bu","13:28:05",706600
38.85,-1.15,1000,"sd","13:28:00",706200
38.9,-1.1,1500,"bu","13:27:58",705200
38.9,-1.1,3500,"bu","13:27:57",703700
38.85,-1.15,200,"sd","13:27:54",700200
38.9,-1.1,500,"bu","13:27:53",700000
38.9,-1.1,500,"bu","13:27:52",699500
38.9,-1.1,100,"bu","13:27:41",699000
38.85,-1.15,400,"bu","13:27:29",698900
38.85,-1.15,1000,"bu","13:27:26",698500
38.85,-1.15,100,"bu","13:27:23",697500
38.85,-1.15,100,"bu","13:27:21",697400
38.85,-1.15,500,"bu","13:27:19",697300
38.85,-1.15,1000,"bu","13:27:18",696800
38.85,-1.15,100,"bu","13:27:16",695800
38.85,-1.15,100,"bu","13:27:14",695700
38.85,-1.15,500,"bu","13:27:06",695600
38.85,-1.15,100,"bu","13:26:58",695100
38.85,-1.15,2100,"sd","13:26:50",695000
38.85,-1.15,3000,"sd","13:26:48",692900
38.85,-1.15,900,"sd","13:26:47",689900
38.85,-1.15,100,"sd","13:26:40",689000
38.85,-1.15,600,"bu","13:26:23",688900
38.85,-1.15,1400,"sd","13:26:22",688300
38.85,-1.15,600,"bu","13:26:14",686900
38.85,-1.15,300,"sd","13:26:10",686300
38.85,-1.15,100,"sd","13:26:07",686000
38.9,-1.1,500,"bu","13:26:05",685900
38.8,-1.2,2300,"sd","13:26:03",685400
38.85,-1.15,2700,"sd","13:26:03",683100
38.85,-1.15,2300,"bu","13:26:03",680400
38.85,-1.15,800,"bu","13:26:01",678100
38.85,-1.15,2000,"bu","13:25:59",677300
38.85,-1.15,200,"bu","13:25:53",675300
38.85,-1.15,100,"sd","13:25:44",675100
38.85,-1.15,200,"bu","13:25:42",675000
38.85,-1.15,1800,"sd","13:25:40",674800
38.85,-1.15,200,"bu","13:25:31",673000
38.85,-1.15,1800,"sd","13:25:28",672800
38.85,-1.15,1100,"sd","13:25:19",671000
38.85,-1.15,500,"sd","13:25:15",669900
38.85,-1.15,2000,"sd","13:25:13",669400
38.85,-1.15,300,"sd","13:25:11",667400
38.9,-1.1,100,"bu","13:25:06",667100
38.9,-1.1,100,"bu","13:25:03",667000
38.9,-1.1,600,"sd","13:25:03",666900
38.95,-1.05,200,"bu","13:24:56",666300
38.9,-1.1,1500,"sd","13:24:50",666100
38.95,-1.05,500,"sd","13:24:50",664600
39,-1,100,"bu","13:24:48",664100
39,-1,100,"bu","13:24:46",664000
39,-1,100,"bu","13:24:41",663900
39,-1,1000,"bu","13:24:40",663800
39,-1,15600,"sd","13:24:37",662800
39,-1,1700,"sd","13:24:34",647200
39,-1,3800,"sd","13:24:33",645500
39.05,-0.95,300,"bu","13:24:28",641700
39.05,-0.95,3500,"sd","13:24:27",641400
39.05,-0.95,1200,"sd","13:24:21",637900
39.1,-0.9,5200,"sd","13:23:47",636700
39.1,-0.9,1000,"sd","13:23:47",631500
39.1,-0.9,400,"sd","13:23:46",630500
39.1,-0.9,1000,"sd","13:23:35",630100
39.15,-0.85,500,"bu","13:23:30",629100
39.1,-0.9,100,"sd","13:23:26",628600
39.1,-0.9,3400,"sd","13:23:22",628500
39.1,-0.9,2000,"sd","13:23:17",625100
39.1,-0.9,500,"sd","13:23:13",623100
39.15,-0.85,100,"bu","13:23:09",622600
39.1,-0.9,1000,"sd","13:23:08",622500
39.15,-0.85,3800,"sd","13:23:01",621500
39.15,-0.85,900,"sd","13:22:52",617700
39.15,-0.85,100,"sd","13:22:51",616800
39.15,-0.85,800,"sd","13:22:43",616700
39.15,-0.85,1000,"sd","13:22:41",615900
39.15,-0.85,700,"sd","13:22:40",614900
39.2,-0.8,100,"bu","13:22:21",614200
39.2,-0.8,5800,"sd","13:22:09",614100
39.25,-0.75,3400,"sd","13:22:09",608300
39.25,-0.75,400,"sd","13:22:07",604900
39.25,-0.75,400,"sd","13:22:03",604500
39.25,-0.75,2000,"sd","13:21:59",604100
39.25,-0.75,300,"sd","13:21:50",602100
39.25,-0.75,1000,"sd","13:21:50",601800
39.3,-0.7,3200,"bu","13:21:49",600800
39.3,-0.7,800,"bu","13:21:48",597600
39.25,-0.75,100,"sd","13:21:43",596800
39.25,-0.75,1000,"sd","13:21:34",596700
39.25,-0.75,1000,"sd","13:21:09",595700
39.25,-0.75,500,"sd","13:21:05",594700
39.25,-0.75,100,"sd","13:20:48",594200
39.25,-0.75,2000,"sd","13:20:17",594100
39.3,-0.7,500,"bu","13:19:57",592100
39.3,-0.7,3700,"sd","13:19:42",591600
39.3,-0.7,1300,"bu","13:19:37",587900
39.25,-0.75,500,"sd","13:19:26",586600
39.3,-0.7,300,"bu","13:19:03",586100
39.3,-0.7,100,"bu","13:18:44",585800
39.3,-0.7,100,"bu","13:18:34",585700
39.25,-0.75,300,"sd","13:18:18",585600
39.25,-0.75,1000,"sd","13:18:08",585300
39.25,-0.75,400,"sd","13:17:52",584300
39.3,-0.7,600,"sd","13:17:52",583900
39.3,-0.7,400,"bu","13:17:36",583300
39.3,-0.7,300,"bu","13:17:35",582900
39.3,-0.7,300,"sd","13:17:25",582600
39.3,-0.7,2200,"sd","13:17:19",582300
39.3,-0.7,5000,"sd","13:17:08",580100
39.3,-0.7,1800,"sd","13:16:57",575100
39.35,-0.65,200,"sd","13:16:57",573300
39.35,-0.65,800,"bu","13:16:48",573100
39.3,-0.7,200,"sd","13:16:47",572300
39.3,-0.7,3000,"sd","13:16:33",572100
39.3,-0.7,100,"sd","13:16:06",569100
39.3,-0.7,200,"sd","13:15:54",569000
39.3,-0.7,400,"sd","13:15:42",568800
39.35,-0.65,600,"sd","13:15:42",568400
39.35,-0.65,200,"bu","13:15:25",567800
39.4,-0.6,2000,"bu","13:14:49",567600
39.35,-0.65,2900,"bu","13:14:37",565600
39.3,-0.7,100,"sd","13:14:15",562700
39.3,-0.7,100,"sd","13:13:38",562600
39.3,-0.7,500,"sd","13:13:37",562500
39.3,-0.7,100,"bu","13:12:57",562000
39.3,-0.7,1000,"bu","13:12:55",561900
39.3,-0.7,700,"bu","13:12:45",560900
39.3,-0.7,100,"bu","13:12:42",560200
39.3,-0.7,100,"sd","13:12:08",560100
39.35,-0.65,1100,"bu","13:12:03",560000
39.3,-0.7,200,"sd","13:11:48",558900
39.3,-0.7,800,"bu","13:11:32",558700
39.3,-0.7,3400,"bu","13:11:30",557900
39.3,-0.7,500,"bu","13:11:09",554500
39.3,-0.7,2100,"sd","13:10:59",554000
39.35,-0.65,200,"bu","13:10:30",551900
39.35,-0.65,200,"bu","13:10:18",551700
39.35,-0.65,100,"bu","13:10:07",551500
39.3,-0.7,500,"sd","13:09:55",551400
39.3,-0.7,100,"bu","13:09:45",550900
39.3,-0.7,200,"bu","13:09:43",550800
39.3,-0.7,200,"bu","13:09:41",550600
39.3,-0.7,200,"bu","13:09:38",550400
39.3,-0.7,3000,"bu","13:09:27",550200
39.25,-0.75,1600,"bu","13:09:09",547200
39.25,-0.75,200,"bu","13:09:05",545600
39.25,-0.75,100,"bu","13:09:04",545400
39.25,-0.75,200,"bu","13:09:01",545300
39.25,-0.75,100,"bu","13:08:54",545100
39.2,-0.8,1500,"bu","13:08:26",545000
39.2,-0.8,200,"bu","13:08:20",543500
39.2,-0.8,300,"bu","13:08:15",543300
39.2,-0.8,100,"bu","13:08:07",543000
39.15,-0.85,1100,"bu","13:07:26",542900
39.15,-0.85,500,"bu","13:07:24",541800
39.15,-0.85,600,"bu","13:07:22",541300
39.15,-0.85,1000,"bu","13:07:19",540700
39.15,-0.85,1000,"bu","13:07:18",539700
39.15,-0.85,600,"bu","13:07:14",538700
39.15,-0.85,300,"bu","13:06:34",538100
39.15,-0.85,100,"bu","13:06:28",537800
39.15,-0.85,6700,"sd","13:06:25",537700
39.15,-0.85,300,"sd","13:05:55",531000
39.15,-0.85,2000,"sd","13:05:47",530700
39.15,-0.85,100,"bu","13:05:26",528700
39.1,-0.9,100,"sd","13:04:56",528600
39.15,-0.85,100,"sd","13:04:56",528500
39.1,-0.9,3000,"sd","13:04:37",528400
39.15,-0.85,200,"bu","13:04:34",525400
39.15,-0.85,100,"bu","13:04:11",525200
39.15,-0.85,100,"sd","13:04:01",525100
39.15,-0.85,900,"bu","13:03:55",525000
39.15,-0.85,2000,"bu","13:03:53",524100
39.15,-0.85,100,"bu","13:03:49",522100
39.15,-0.85,200,"bu","13:03:41",522000
39.1,-0.9,100,"sd","13:03:39",521800
39.1,-0.9,2000,"sd","13:03:37",521700
39.1,-0.9,2600,"sd","13:03:25",519700
39.15,-0.85,2000,"bu","13:03:23",517100
39.15,-0.85,100,"bu","13:03:19",515100
39.15,-0.85,1000,"bu","13:03:17",515000
39.15,-0.85,1000,"bu","13:03:11",514000
39.15,-0.85,2700,"sd","13:02:57",513000
39.2,-0.8,500,"bu","13:02:49",510300
39.2,-0.8,300,"bu","13:02:46",509800
39.2,-0.8,900,"sd","13:02:40",509500
39.2,-0.8,100,"sd","13:02:33",508600
39.2,-0.8,500,"sd","13:02:31",508500
39.2,-0.8,1000,"sd","13:02:28",508000
39.2,-0.8,900,"sd","13:02:27",507000
39.2,-0.8,1000,"sd","13:02:24",506100
39.2,-0.8,3000,"sd","13:02:06",505100
39.25,-0.75,200,"bu","13:02:06",502100
39.2,-0.8,10000,"sd","13:02:02",501900
39.25,-0.75,400,"bu","13:01:40",491900
39.2,-0.8,1300,"sd","13:01:36",491500
39.25,-0.75,500,"bu","13:01:28",490200
39.25,-0.75,500,"bu","13:01:22",489700
39.3,-0.7,900,"bu","13:01:03",489200
39.3,-0.7,200,"bu","13:01:02",488300
39.25,-0.75,800,"bu","13:01:02",488100
39.25,-0.75,2700,"sd","13:01:01",487300
39.3,-0.7,500,"bu","13:00:53",484600
39.3,-0.7,1000,"bu","13:00:41",484100
39.3,-0.7,100,"bu","13:00:19",483100
39.3,-0.7,300,"bu","13:00:18",483000
39.25,-0.75,1500,"sd","13:00:18",482700
39.3,-0.7,100,"bu","13:00:17",481200
39.3,-0.7,300,"bu","13:00:17",481100
39.25,-0.75,10000,"sd","13:00:02",480800
39.3,-0.7,5000,"sd","13:00:02",470800
39.3,-0.7,2000,"sd","13:00:00",465800
39.35,-0.65,4500,"sd","13:00:00",463800
39.4,-0.6,1300,"sd","11:29:38",459300
39.45,-0.55,1300,"bu","11:29:26",458000
39.45,-0.55,700,"sd","11:29:09",456700
39.45,-0.55,500,"sd","11:28:46",456000
39.45,-0.55,100,"sd","11:28:41",455500
39.5,-0.5,500,"bu","11:28:34",455400
39.5,-0.5,500,"bu","11:28:16",454900
39.5,-0.5,1000,"bu","11:28:15",454400
39.5,-0.5,200,"sd","11:26:58",453400
39.55,-0.45,1100,"sd","11:26:58",453200
39.5,-0.5,2500,"sd","11:26:48",452100
39.55,-0.45,1000,"sd","11:26:48",449600
39.5,-0.5,5000,"sd","11:26:31",448600
39.5,-0.5,300,"sd","11:26:25",443600
39.5,-0.5,1000,"sd","11:26:13",443300
39.5,-0.5,500,"sd","11:26:09",442300
39.5,-0.5,500,"sd","11:26:09",441800
39.5,-0.5,13400,"sd","11:26:00",441300
39.5,-0.5,10000,"sd","11:25:39",427900
39.55,-0.45,100,"bu","11:25:16",417900
39.55,-0.45,5000,"sd","11:24:50",417800
39.55,-0.45,2900,"sd","11:24:49",412800
39.55,-0.45,500,"sd","11:24:32",409900
39.55,-0.45,1000,"sd","11:24:21",409400
39.55,-0.45,500,"sd","11:24:01",408400
39.55,-0.45,100,"sd","11:23:55",407900
39.6,-0.4,100,"sd","11:23:44",407800
39.55,-0.45,100,"sd","11:19:27",407700
39.55,-0.45,6600,"sd","11:19:26",407600
39.6,-0.4,2300,"sd","11:19:26",401000
39.6,-0.4,5000,"sd","11:18:04",398700
39.6,-0.4,3400,"sd","11:17:48",393700
39.65,-0.35,2600,"sd","11:17:48",390300
39.65,-0.35,6000,"sd","11:17:01",387700
39.65,-0.35,5000,"sd","11:16:02",381700
39.65,-0.35,300,"sd","11:15:59",376700
39.65,-0.35,300,"sd","11:12:07",376400
39.7,-0.3,500,"bu","11:11:35",376100
39.7,-0.3,300,"bu","11:11:18",375600
39.7,-0.3,500,"bu","11:09:25",375300
39.7,-0.3,500,"bu","11:09:06",374800
39.7,-0.3,200,"bu","11:08:38",374300
39.7,-0.3,500,"bu","11:08:04",374100
39.65,-0.35,100,"bu","11:07:11",373600
39.65,-0.35,4900,"sd","11:07:00",373500
39.65,-0.35,2700,"sd","11:06:36",368600
39.7,-0.3,300,"bu","11:06:01",365900
39.7,-0.3,200,"bu","11:05:52",365600
39.7,-0.3,100,"bu","11:05:13",365400
39.7,-0.3,200,"bu","11:04:57",365300
39.7,-0.3,100,"bu","11:03:40",365100
39.7,-0.3,1000,"sd","11:03:12",365000
39.7,-0.3,1000,"sd","11:01:45",364000
39.7,-0.3,9600,"sd","11:01:36",363000
39.75,-0.25,3400,"sd","11:01:36",353400
39.75,-0.25,4300,"sd","11:01:24",350000
39.8,-0.2,1700,"sd","11:01:24",345700
39.8,-0.2,1100,"sd","11:01:11",344000
39.85,-0.15,600,"sd","10:59:40",342900
39.85,-0.15,1000,"sd","10:58:41",342300
39.85,-0.15,900,"bu","10:56:17",341300
39.9,-0.1,100,"bu","10:55:40",340400
39.9,-0.1,400,"bu","10:55:01",340300
39.85,-0.15,100,"bu","10:55:01",339900
39.85,-0.15,200,"bu","10:53:59",339800
39.85,-0.15,200,"sd","10:53:24",339600
39.8,-0.2,100,"sd","10:51:53",339400
39.9,-0.1,500,"bu","10:48:42",339300
39.9,-0.1,1900,"bu","10:48:17",338800
39.85,-0.15,5000,"bu","10:48:17",336900
39.8,-0.2,400,"bu","10:48:17",331900
39.8,-0.2,2700,"bu","10:48:16",331500
39.8,-0.2,1000,"bu","10:48:03",328800
39.8,-0.2,400,"bu","10:48:01",327800
39.8,-0.2,5000,"bu","10:47:54",327400
39.8,-0.2,1000,"bu","10:47:33",322400
39.8,-0.2,200,"bu","10:45:33",321400
39.8,-0.2,1000,"bu","10:44:09",321200
39.75,-0.25,1000,"sd","10:43:57",320200
39.8,-0.2,1000,"bu","10:43:34",319200
39.8,-0.2,100,"bu","10:42:54",318200
39.8,-0.2,100,"bu","10:41:09",318100
39.8,-0.2,500,"bu","10:40:22",318000
39.8,-0.2,1400,"bu","10:38:28",317500
39.8,-0.2,300,"bu","10:38:18",316100
39.8,-0.2,600,"bu","10:36:46",315800
39.8,-0.2,300,"bu","10:36:45",315200
39.8,-0.2,1100,"bu","10:36:44",314900
39.8,-0.2,500,"bu","10:36:44",313800
39.75,-0.25,2900,"bu","10:36:44",313300
39.75,-0.25,200,"bu","10:36:43",310400
39.75,-0.25,100,"bu","10:36:15",310200
39.75,-0.25,2000,"bu","10:35:10",310100
39.7,-0.3,300,"sd","10:35:02",308100
39.7,-0.3,100,"bu","10:33:11",307800
39.7,-0.3,200,"sd","10:33:09",307700
39.7,-0.3,3000,"sd","10:32:44",307500
39.75,-0.25,100,"bu","10:32:10",304500
39.75,-0.25,1200,"bu","10:31:45",304400
39.75,-0.25,600,"sd","10:30:34",303200
39.75,-0.25,100,"sd","10:30:16",302600
39.75,-0.25,300,"sd","10:30:07",302500
39.75,-0.25,100,"sd","10:30:01",302200
39.75,-0.25,300,"sd","10:29:54",302100
39.75,-0.25,200,"sd","10:29:49",301800
39.8,-0.2,200,"bu","10:29:25",301600
39.75,-0.25,100,"sd","10:28:56",301400
39.75,-0.25,600,"sd","10:28:23",301300
39.75,-0.25,100,"sd","10:27:13",300700
39.75,-0.25,100,"sd","10:25:54",300600
39.8,-0.2,200,"sd","10:25:43",300500
39.8,-0.2,1000,"sd","10:25:21",300300
39.8,-0.2,500,"sd","10:24:32",299300
39.8,-0.2,800,"sd","10:24:29",298800
39.8,-0.2,2100,"sd","10:24:16",298000
39.8,-0.2,100,"sd","10:24:04",295900
39.8,-0.2,1100,"sd","10:23:29",295800
39.8,-0.2,5700,"sd","10:23:19",294700
39.9,-0.1,500,"sd","10:21:52",289000
39.9,-0.1,1000,"sd","10:21:48",288500
39.9,-0.1,1000,"sd","10:21:37",287500
39.9,-0.1,100,"sd","10:21:16",286500
39.9,-0.1,400,"sd","10:21:12",286400
39.9,-0.1,5000,"sd","10:20:49",286000
39.95,-0.05,100,"bu","10:20:13",281000
39.9,-0.1,1000,"bu","10:20:03",280900
39.9,-0.1,100,"bu","10:19:46",279900
39.8,-0.2,1700,"sd","10:19:43",279800
39.85,-0.15,800,"bu","10:17:58",278100
39.8,-0.2,100,"sd","10:16:48",277300
39.8,-0.2,100,"sd","10:16:13",277200
39.8,-0.2,2000,"sd","10:15:52",277100
39.85,-0.15,2000,"bu","10:15:48",275100
39.85,-0.15,2600,"bu","10:13:29",273100
39.85,-0.15,1700,"sd","10:12:16",270500
39.85,-0.15,200,"sd","10:12:07",268800
39.85,-0.15,400,"sd","10:11:53",268600
39.85,-0.15,500,"sd","10:11:25",268200
39.9,-0.1,1900,"sd","10:11:05",267700
39.9,-0.1,600,"sd","10:10:56",265800
39.95,-0.05,100,"bu","10:10:51",265200
39.9,-0.1,500,"sd","10:10:38",265100
39.9,-0.1,700,"bu","10:09:38",264600
39.9,-0.1,200,"bu","10:09:29",263900
39.9,-0.1,100,"bu","10:08:52",263700
39.9,-0.1,1000,"bu","10:08:50",263600
39.9,-0.1,2000,"bu","10:08:29",262600
39.9,-0.1,100,"bu","10:08:24",260600
39.9,-0.1,2000,"bu","10:08:03",260500
39.85,-0.15,500,"sd","10:07:55",258500
39.9,-0.1,100,"bu","10:07:54",258000
39.9,-0.1,800,"bu","10:07:44",257900
39.85,-0.15,100,"sd","10:06:48",257100
39.85,-0.15,200,"bu","10:06:42",257000
39.8,-0.2,500,"bu","10:05:36",256800
39.8,-0.2,2000,"bu","10:05:36",256300
39.75,-0.25,1000,"bu","10:05:22",254300
39.75,-0.25,500,"bu","10:05:15",253300
39.75,-0.25,2000,"bu","10:05:09",252800
39.75,-0.25,200,"bu","10:05:08",250800
39.7,-0.3,100,"bu","10:04:25",250600
39.7,-0.3,1000,"bu","10:04:23",250500
39.7,-0.3,10000,"bu","10:04:07",249500
39.65,-0.35,1600,"sd","10:03:58",239500
39.65,-0.35,2500,"bu","10:02:58",237900
39.65,-0.35,200,"bu","10:02:36",235400
39.65,-0.35,1800,"sd","10:01:56",235200
39.65,-0.35,100,"sd","10:01:29",233400
39.65,-0.35,1000,"sd","10:01:11",233300
39.65,-0.35,700,"sd","10:00:31",232300
39.65,-0.35,1800,"sd","10:00:16",231600
39.65,-0.35,500,"sd","09:59:56",229800
39.7,-0.3,100,"bu","09:58:17",229300
39.7,-0.3,1100,"bu","09:57:46",229200
39.7,-0.3,500,"sd","09:57:14",228100
39.7,-0.3,9500,"bu","09:57:06",227600
39.65,-0.35,9400,"bu","09:56:15",218100
39.65,-0.35,100,"bu","09:56:09",208700
39.65,-0.35,200,"bu","09:56:05",208600
39.65,-0.35,500,"sd","09:55:53",208400
39.65,-0.35,2000,"sd","09:55:47",207900
39.65,-0.35,1500,"sd","09:55:37",205900
39.65,-0.35,200,"sd","09:54:25",204400
39.65,-0.35,300,"sd","09:54:18",204200
39.65,-0.35,1400,"sd","09:54:14",203900
39.7,-0.3,1000,"bu","09:54:02",202500
39.65,-0.35,1700,"sd","09:53:57",201500
39.65,-0.35,400,"sd","09:53:52",199800
39.7,-0.3,100,"bu","09:53:51",199400
39.7,-0.3,500,"bu","09:53:47",199300
39.7,-0.3,300,"bu","09:53:44",198800
39.7,-0.3,1500,"sd","09:53:40",198500
39.7,-0.3,900,"sd","09:53:36",197000
39.7,-0.3,200,"sd","09:52:44",196100
39.75,-0.25,200,"bu","09:52:11",195900
39.7,-0.3,100,"bu","09:52:04",195700
39.7,-0.3,500,"sd","09:51:48",195600
39.7,-0.3,1000,"sd","09:51:44",195100
39.7,-0.3,300,"sd","09:51:36",194100
39.75,-0.25,1100,"sd","09:51:31",193800
39.75,-0.25,1000,"sd","09:51:11",192700
39.75,-0.25,500,"sd","09:51:09",191700
39.75,-0.25,3000,"sd","09:50:57",191200
39.75,-0.25,400,"sd","09:50:47",188200
39.8,-0.2,200,"bu","09:50:41",187800
39.75,-0.25,300,"sd","09:50:32",187600
39.8,-0.2,2000,"bu","09:49:49",187300
39.8,-0.2,500,"sd","09:49:46",185300
39.8,-0.2,1100,"sd","09:49:23",184800
39.8,-0.2,1700,"sd","09:49:23",183700
39.8,-0.2,200,"sd","09:49:21",182000
39.8,-0.2,800,"sd","09:49:18",181800
39.85,-0.15,900,"sd","09:48:53",181000
39.9,-0.1,100,"bu","09:47:40",180100
39.85,-0.15,200,"sd","09:47:37",180000
39.85,-0.15,10000,"sd","09:47:19",179800
39.85,-0.15,100,"sd","09:47:09",169800
39.85,-0.15,3000,"sd","09:47:00",169700
39.9,-0.1,200,"bu","09:46:49",166700
39.9,-0.1,200,"sd","09:46:28",166500
39.9,-0.1,200,"sd","09:46:07",166300
39.9,-0.1,5000,"sd","09:46:04",166100
39.9,-0.1,2000,"sd","09:45:56",161100
39.95,-0.05,200,"bu","09:45:45",159100
39.95,-0.05,1100,"sd","09:45:05",158900
40,0,200,"bu","09:44:56",157800
40,0,1000,"bu","09:43:40",157600
40,0,300,"bu","09:43:10",156600
39.95,-0.05,800,"sd","09:42:40",156300
40,0,800,"bu","09:42:38",155500
40,0,1500,"bu","09:42:04",154700
40,0,1000,"bu","09:41:48",153200
40,0,100,"sd","09:41:34",152200
40,0,1000,"sd","09:41:11",152100
40,0,1000,"sd","09:41:04",151100
40,0,200,"sd","09:40:30",150100
40,0,100,"sd","09:40:05",149900
40,0,5100,"sd","09:39:45",149800
40,0,100,"sd","09:39:40",144700
40,0,500,"sd","09:39:36",144600
40,0,600,"sd","09:39:16",144100
40,0,500,"sd","09:39:08",143500
40,0,7000,"sd","09:38:59",143000
40,0,400,"sd","09:37:53",136000
40,0,1000,"sd","09:37:46",135600
40,0,100,"sd","09:37:05",134600
40,0,1000,"sd","09:36:52",134500
40.1,0.1,700,"bu","09:36:37",133500
40.05,0.05,200,"bu","09:36:37",132800
40.1,0.1,400,"bu","09:35:00",132600
40.05,0.05,100,"bu","09:35:00",132200
40,0,13700,"sd","09:34:50",132100
40,0,1000,"sd","09:34:48",118400
40,0,200,"sd","09:34:04",117400
40.05,0.05,100,"sd","09:33:55",117200
40.05,0.05,1500,"sd","09:33:54",117100
40.05,0.05,600,"bu","09:33:34",115600
40.05,0.05,500,"bu","09:33:27",115000
40,0,700,"sd","09:32:47",114500
40,0,1000,"sd","09:32:40",113800
40,0,500,"sd","09:32:21",112800
40,0,500,"sd","09:32:18",112300
40,0,100,"sd","09:32:15",111800
40,0,500,"sd","09:32:13",111700
40,0,900,"sd","09:32:12",111200
40,0,100,"sd","09:31:43",110300
40.05,0.05,500,"bu","09:31:39",110200
40,0,100,"sd","09:31:36",109700
40,0,300,"sd","09:31:32",109600
40,0,100,"sd","09:31:27",109300
40,0,1700,"sd","09:31:26",109200
40.05,0.05,500,"bu","09:30:49",107500
40.05,0.05,500,"bu","09:30:42",107000
40.05,0.05,300,"sd","09:30:33",106500
40.05,0.05,600,"sd","09:30:31",106200
40.05,0.05,2000,"sd","09:30:27",105600
40.05,0.05,1000,"sd","09:30:16",103600
40.1,0.1,1000,"bu","09:30:14",102600
40.05,0.05,2000,"sd","09:30:10",101600
40.1,0.1,3200,"sd","09:29:32",99600
40.1,0.1,400,"sd","09:29:04",96400
40.15,0.15,100,"bu","09:28:39",96000
40.15,0.15,2300,"sd","09:28:28",95900
40.15,0.15,100,"sd","09:28:28",93600
40.15,0.15,300,"sd","09:28:27",93500
40.15,0.15,1000,"sd","09:28:22",93200
40.15,0.15,500,"sd","09:27:51",92200
40.15,0.15,300,"sd","09:27:50",91700
40.15,0.15,2000,"sd","09:27:45",91400
40.15,0.15,1100,"sd","09:27:39",89400
40.15,0.15,100,"sd","09:27:36",88300
40.15,0.15,200,"sd","09:27:29",88200
40.15,0.15,200,"sd","09:27:14",88000
40.15,0.15,800,"sd","09:27:14",87800
40.2,0.2,200,"bu","09:27:11",87000
40.2,0.2,500,"bu","09:25:49",86800
40.2,0.2,700,"bu","09:25:40",86300
40.2,0.2,2000,"sd","09:25:33",85600
40.2,0.2,300,"sd","09:25:14",83600
40.2,0.2,1000,"sd","09:25:08",83300
40.2,0.2,500,"sd","09:24:59",82300
40.2,0.2,500,"bu","09:24:57",81800
40.2,0.2,1700,"bu","09:24:54",81300
40.2,0.2,3000,"bu","09:24:39",79600
40.2,0.2,1400,"sd","09:24:16",76600
40.2,0.2,1000,"sd","09:24:16",75200
40.2,0.2,100,"sd","09:24:13",74200
40.2,0.2,100,"sd","09:24:07",74100
40.2,0.2,500,"sd","09:23:55",74000
40.2,0.2,1000,"sd","09:23:27",73500
40.2,0.2,5900,"bu","09:23:20",72500
40.2,0.2,5000,"bu","09:22:46",66600
40.15,0.15,300,"sd","09:22:37",61600
40.2,0.2,1400,"sd","09:22:37",61300
40.2,0.2,1700,"bu","09:22:20",59900
40.15,0.15,5000,"sd","09:22:20",58200
40.2,0.2,2000,"bu","09:22:13",53200
40.2,0.2,3100,"sd","09:21:31",51200
40.2,0.2,100,"sd","09:21:31",48100
40.2,0.2,1000,"sd","09:21:29",48000
40.2,0.2,100,"sd","09:21:22",47000
40.2,0.2,1900,"bu","09:20:46",46900
40.2,0.2,2000,"bu","09:20:37",45000
40.15,0.15,100,"sd","09:20:22",43000
40.15,0.15,100,"sd","09:20:19",42900
40.15,0.15,200,"sd","09:20:18",42800
40.2,0.2,2000,"bu","09:20:09",42600
40.15,0.15,100,"sd","09:19:59",40600
40.2,0.2,500,"bu","09:19:52",40500
40.2,0.2,2000,"bu","09:19:39",40000
40.2,0.2,100,"bu","09:19:21",38000
40.15,0.15,200,"sd","09:19:16",37900
40.15,0.15,700,"sd","09:18:53",37700
40.2,0.2,2000,"bu","09:18:49",37000
40.15,0.15,500,"sd","09:18:44",35000
40.15,0.15,100,"sd","09:18:01",34500
40.2,0.2,1000,"bu","09:17:52",34400
40.2,0.2,400,"bu","09:17:41",33400
40.15,0.15,1000,"sd","09:17:35",33000
40.15,0.15,2000,"sd","09:17:30",32000
40.2,0.2,100,"bu","09:17:14",30000
40.2,0.2,1000,"bu","09:17:06",29900
40.2,0.2,1000,"bu","09:16:54",28900
40.15,0.15,100,"sd","09:16:47",27900
40.2,0.2,300,"bu","09:16:33",27800
40.15,0.15,700,"sd","09:15:58",27500
40.15,0.15,100,"sd","09:15:54",26800
40.15,0.15,400,"sd","09:15:35",26700
40,0,200,"sd","09:15:06",26300
40,0,26100,"","09:15:04",26100
