"price","change","match_qtty","side","time","total_vol"
33,-0.9,123700,"","14:45:07",2894300
33.15,-0.75,16600,"sd","14:30:01",2770600
33.15,-0.75,6900,"sd","14:29:47",2754000
33.2,-0.7,3100,"sd","14:29:47",2747100
33.25,-0.65,2000,"bu","14:29:45",2744000
33.2,-0.7,1000,"sd","14:29:24",2742000
33.2,-0.7,3700,"bu","14:29:21",2741000
33.15,-0.75,200,"sd","14:29:10",2737300
33.2,-0.7,3000,"sd","14:29:09",2737100
33.2,-0.7,700,"sd","14:29:00",2734100
33.2,-0.7,400,"sd","14:28:56",2733400
33.2,-0.7,100,"sd","14:28:52",2733000
33.2,-0.7,200,"sd","14:28:51",2732900
33.2,-0.7,100,"sd","14:28:47",2732700
33.3,-0.6,4000,"bu","14:28:41",2732600
33.25,-0.65,1700,"sd","14:28:40",2728600
33.25,-0.65,1500,"sd","14:28:36",2726900
33.3,-0.6,100,"bu","14:28:22",2725400
33.3,-0.6,700,"sd","14:28:15",2725300
33.3,-0.6,200,"sd","14:28:14",2724600
33.4,-0.5,2000,"bu","14:28:07",2724400
33.3,-0.6,1000,"sd","14:28:04",2722400
33.4,-0.5,1700,"bu","14:28:04",2721400
33.4,-0.5,3600,"sd","14:28:02",2719700
33.45,-0.45,100,"bu","14:28:02",2716100
33.4,-0.5,2500,"sd","14:28:01",2716000
33.4,-0.5,1000,"sd","14:27:57",2713500
33.45,-0.45,8000,"bu","14:27:55",2712500
33.45,-0.45,100,"bu","14:27:52",2704500
33.45,-0.45,500,"bu","14:27:51",2704400
33.45,-0.45,2200,"sd","14:27:48",2703900
33.45,-0.45,500,"sd","14:27:47",2701700
33.5,-0.4,7200,"sd","14:27:44",2701200
33.5,-0.4,6600,"sd","14:27:39",2694000
33.5,-0.4,200,"sd","14:27:38",2687400
33.55,-0.35,500,"bu","14:27:30",2687200
33.5,-0.4,2400,"sd","14:27:30",2686700
33.5,-0.4,3100,"bu","14:27:27",2684300
33.5,-0.4,500,"bu","14:27:06",2681200
33.5,-0.4,1000,"bu","14:27:05",2680700
33.5,-0.4,100,"bu","14:27:01",2679700
33.5,-0.4,2000,"bu","14:27:00",2679600
33.5,-0.4,500,"bu","14:26:56",2677600
33.5,-0.4,2500,"bu","14:26:53",2677100
33.5,-0.4,4000,"bu","14:26:52",2674600
33.5,-0.4,100,"bu","14:26:36",2670600
33.5,-0.4,1000,"bu","14:26:33",2670500
33.5,-0.4,100,"bu","14:26:28",2669500
33.5,-0.4,500,"bu","14:26:20",2669400
33.45,-0.45,2000,"sd","14:25:56",2668900
33.45,-0.45,500,"sd","14:25:55",2666900
33.5,-0.4,200,"bu","14:25:49",2666400
33.45,-0.45,300,"sd","14:25:30",2666200
33.5,-0.4,200,"bu","14:25:29",2665900
33.5,-0.4,5000,"bu","14:25:25",2665700
33.5,-0.4,500,"bu","14:25:24",2660700
33.4,-0.5,1000,"sd","14:25:00",2660200
33.5,-0.4,700,"bu","14:24:55",2659200
33.5,-0.4,500,"bu","14:24:52",2658500
33.5,-0.4,3000,"bu","14:24:43",2658000
33.5,-0.4,1000,"bu","14:24:39",2655000
33.5,-0.4,5000,"bu","14:24:30",2654000
33.5,-0.4,1500,"bu","14:24:11",2649000
33.45,-0.45,200,"bu","14:24:11",2647500
33.4,-0.5,3300,"bu","14:24:11",2647300
33.3,-0.6,600,"bu","14:23:57",2644000
33.3,-0.6,200,"bu","14:23:54",2643400
33.3,-0.6,500,"bu","14:23:53",2643200
33.3,-0.6,1000,"bu","14:23:51",2642700
33.3,-0.6,3000,"bu","14:23:50",2641700
33.3,-0.6,100,"bu","14:23:49",2638700
33.3,-0.6,300,"bu","14:23:47",2638600
33.3,-0.6,1000,"bu","14:23:46",2638300
33.3,-0.6,500,"bu","14:23:36",2637300
33.3,-0.6,300,"bu","14:23:33",2636800
33.25,-0.65,100,"sd","14:23:13",2636500
33.25,-0.65,600,"bu","14:22:56",2636400
33.2,-0.7,500,"sd","14:22:56",2635800
33.25,-0.65,1000,"bu","14:22:46",2635300
33.2,-0.7,100,"bu","14:22:35",2634300
33.2,-0.7,500,"bu","14:22:32",2634200
33.2,-0.7,15000,"bu","14:22:19",2633700
33.2,-0.7,1000,"bu","14:22:15",2618700
33.2,-0.7,100,"bu","14:22:11",2617700
33.2,-0.7,300,"bu","14:22:09",2617600
33.2,-0.7,300,"bu","14:22:08",2617300
33.2,-0.7,100,"bu","14:22:03",2617000
33.2,-0.7,100,"bu","14:22:02",2616900
33.2,-0.7,1300,"bu","14:22:00",2616800
33.2,-0.7,500,"bu","14:21:55",2615500
33.2,-0.7,1200,"bu","14:21:50",2615000
33.2,-0.7,3800,"bu","14:21:47",2613800
33.2,-0.7,1000,"bu","14:21:44",2610000
33.2,-0.7,1000,"bu","14:21:42",2609000
33.2,-0.7,100,"bu","14:21:32",2608000
33.2,-0.7,200,"bu","14:21:27",2607900
33.2,-0.7,2000,"bu","14:21:13",2607700
33.15,-0.75,4200,"bu","14:20:43",2605700
33.15,-0.75,400,"bu","14:20:39",2601500
33.15,-0.75,300,"bu","14:20:32",2601100
33.15,-0.75,400,"sd","14:20:27",2600800
33.15,-0.75,2300,"bu","14:20:08",2600400
33.15,-0.75,1000,"bu","14:19:59",2598100
33.1,-0.8,400,"sd","14:19:45",2597100
33.1,-0.8,300,"sd","14:19:27",2596700
33.1,-0.8,200,"sd","14:19:21",2596400
33.1,-0.8,1000,"sd","14:19:16",2596200
33.15,-0.75,1000,"bu","14:19:10",2595200
33.1,-0.8,3000,"sd","14:18:51",2594200
33.1,-0.8,100,"sd","14:18:48",2591200
33.1,-0.8,7000,"sd","14:18:11",2591100
33.1,-0.8,200,"sd","14:17:58",2584100
33.1,-0.8,1800,"sd","14:17:28",2583900
33.15,-0.75,200,"sd","14:17:28",2582100
33.15,-0.75,1500,"bu","14:17:26",2581900
33.15,-0.75,300,"bu","14:17:26",2580400
33.15,-0.75,200,"bu","14:17:25",2580100
33.15,-0.75,400,"bu","14:17:19",2579900
33.15,-0.75,2000,"bu","14:17:18",2579500
33.15,-0.75,200,"bu","14:17:17",2577500
33.15,-0.75,500,"bu","14:17:16",2577300
33.15,-0.75,100,"bu","14:17:07",2576800
33.15,-0.75,500,"bu","14:17:04",2576700
33.15,-0.75,1500,"bu","14:16:55",2576200
33.15,-0.75,13100,"bu","14:16:18",2574700
33.15,-0.75,200,"bu","14:16:15",2561600
33.1,-0.8,300,"sd","14:15:53",2561400
33.15,-0.75,200,"bu","14:15:44",2561100
33.1,-0.8,4000,"sd","14:15:43",2560900
33.15,-0.75,1000,"bu","14:15:42",2556900
33.1,-0.8,200,"sd","14:15:20",2555900
33.15,-0.75,800,"bu","14:14:57",2555700
33.15,-0.75,100,"bu","14:14:44",2554900
33.15,-0.75,800,"sd","14:14:38",2554800
33.15,-0.75,500,"sd","14:14:36",2554000
33.15,-0.75,300,"sd","14:14:35",2553500
33.15,-0.75,200,"sd","14:14:30",2553200
33.15,-0.75,3800,"bu","14:14:29",2553000
33.15,-0.75,20000,"bu","14:13:51",2549200
33.15,-0.75,100,"bu","14:13:40",2529200
33.1,-0.8,100,"sd","14:13:40",2529100
33.15,-0.75,900,"sd","14:12:55",2529000
33.15,-0.75,200,"sd","14:12:52",2528100
33.15,-0.75,1000,"sd","14:12:50",2527900
33.15,-0.75,100,"sd","14:12:42",2526900
33.15,-0.75,300,"sd","14:12:36",2526800
33.15,-0.75,600,"sd","14:12:35",2526500
33.15,-0.75,2000,"sd","14:12:29",2525900
33.15,-0.75,100,"sd","14:12:21",2523900
33.15,-0.75,1100,"sd","14:12:17",2523800
33.15,-0.75,1000,"sd","14:12:16",2522700
33.15,-0.75,100,"sd","14:12:10",2521700
33.15,-0.75,100,"sd","14:12:04",2521600
33.15,-0.75,400,"sd","14:11:58",2521500
33.15,-0.75,1000,"sd","14:11:52",2521100
33.15,-0.75,2000,"sd","14:11:43",2520100
33.15,-0.75,300,"sd","14:11:39",2518100
33.15,-0.75,200,"sd","14:11:08",2517800
33.15,-0.75,200,"sd","14:11:07",2517600
33.15,-0.75,2300,"bu","14:11:05",2517400
33.1,-0.8,300,"sd","14:11:03",2515100
33.15,-0.75,1000,"bu","14:10:56",2514800
33.15,-0.75,5000,"bu","14:10:55",2513800
33.15,-0.75,100,"sd","14:10:24",2508800
33.2,-0.7,400,"bu","14:10:23",2508700
33.2,-0.7,700,"bu","14:09:52",2508300
33.15,-0.75,300,"bu","14:09:52",2507600
33.15,-0.75,4700,"sd","14:09:51",2507300
33.15,-0.75,1000,"sd","14:09:42",2502600
33.15,-0.75,100,"sd","14:09:30",2501600
33.15,-0.75,1000,"sd","14:09:28",2501500
33.15,-0.75,1000,"sd","14:09:17",2500500
33.15,-0.75,2900,"bu","14:09:16",2499500
33.15,-0.75,200,"bu","14:09:15",2496600
33.15,-0.75,700,"bu","14:09:13",2496400
33.15,-0.75,500,"bu","14:09:13",2495700
33.15,-0.75,500,"bu","14:09:11",2495200
33.15,-0.75,10000,"bu","14:09:03",2494700
33.15,-0.75,500,"bu","14:08:53",2484700
33.15,-0.75,5000,"bu","14:08:46",2484200
33.1,-0.8,1000,"sd","14:08:20",2479200
33.1,-0.8,7900,"bu","14:08:17",2478200
33.1,-0.8,100,"bu","14:08:16",2470300
33.1,-0.8,100,"bu","14:08:00",2470200
33.1,-0.8,100,"bu","14:07:58",2470100
33.1,-0.8,2000,"bu","14:07:52",2470000
33.1,-0.8,300,"bu","14:07:51",2468000
33.1,-0.8,10000,"bu","14:07:45",2467700
33.05,-0.85,6300,"bu","14:07:30",2457700
33,-0.9,10000,"sd","14:07:20",2451400
33,-0.9,800,"bu","14:07:13",2441400
33,-0.9,2100,"bu","14:07:09",2440600
32.95,-0.95,5000,"bu","14:06:58",2438500
32.95,-0.95,1000,"bu","14:06:57",2433500
32.95,-0.95,1000,"bu","14:06:55",2432300
32.95,-0.95,100,"bu","14:06:54",2431300
32.95,-0.95,2000,"bu","14:06:53",2431200
32.95,-0.95,300,"bu","14:06:51",2429200
32.95,-0.95,3500,"bu","14:06:45",2428900
32.95,-0.95,100,"bu","14:06:44",2425400
32.95,-0.95,1000,"bu","14:06:42",2425300
32.9,-1,300,"sd","14:06:42",2424300
32.95,-0.95,500,"bu","14:06:40",2424000
32.95,-0.95,200,"bu","14:06:34",2423500
32.95,-0.95,500,"bu","14:06:33",2423300
32.95,-0.95,1500,"bu","14:06:25",2422800
32.95,-0.95,400,"bu","14:06:17",2421300
32.9,-1,7200,"bu","14:06:10",2420900
32.9,-1,700,"bu","14:06:07",2413700
32.9,-1,5100,"sd","14:05:48",2413000
32.85,-1.05,4000,"sd","14:05:38",2407900
32.9,-1,1000,"sd","14:05:38",2403900
32.9,-1,2000,"bu","14:05:36",2402900
32.9,-1,3000,"bu","14:05:35",2400900
32.9,-1,200,"bu","14:05:33",2397900
32.9,-1,100,"bu","14:05:32",2397700
32.9,-1,1100,"bu","14:05:30",2397600
32.9,-1,1000,"bu","14:05:30",2396500
32.9,-1,400,"bu","14:05:29",2395500
32.9,-1,100,"bu","14:05:25",2395100
32.9,-1,2000,"bu","14:05:25",2395000
32.9,-1,1000,"bu","14:05:16",2393000
32.85,-1.05,2000,"sd","14:05:16",2392000
32.9,-1,1000,"bu","14:05:15",2390000
32.9,-1,100,"bu","14:05:12",2389000
32.9,-1,100,"bu","14:05:06",2388900
32.9,-1,2000,"bu","14:05:05",2388800
32.9,-1,600,"bu","14:05:00",2386800
32.85,-1.05,1000,"sd","14:04:58",2386200
32.85,-1.05,800,"sd","14:04:56",2385200
32.9,-1,1000,"bu","14:04:52",2384400
32.9,-1,1000,"bu","14:04:50",2383400
32.9,-1,100,"bu","14:04:43",2382400
32.9,-1,1000,"bu","14:04:38",2382300
32.9,-1,1000,"bu","14:04:32",2381300
32.9,-1,5000,"bu","14:04:26",2380300
32.9,-1,5200,"sd","14:04:17",2375300
32.9,-1,10000,"sd","14:04:09",2370100
32.9,-1,500,"sd","14:04:03",2360100
32.9,-1,6000,"sd","14:04:01",2359600
32.9,-1,800,"sd","14:03:57",2353600
32.95,-0.95,2700,"sd","14:03:51",2352800
32.95,-0.95,500,"sd","14:03:48",2350100
32.95,-0.95,500,"sd","14:03:45",2349600
32.95,-0.95,300,"sd","14:03:38",2349100
32.95,-0.95,400,"sd","14:03:27",2348800
32.95,-0.95,500,"sd","14:03:16",2348400
33,-0.9,2000,"bu","14:03:09",2347900
32.95,-0.95,100,"sd","14:03:09",2345900
32.95,-0.95,4000,"sd","14:03:05",2345800
32.95,-0.95,3300,"sd","14:03:03",2341800
32.95,-0.95,5000,"sd","14:03:00",2338500
33,-0.9,4400,"sd","14:02:54",2333500
33,-0.9,600,"bu","14:02:52",2329100
33,-0.9,3000,"bu","14:02:50",2328500
32.95,-0.95,1000,"sd","14:02:48",2325500
33,-0.9,13200,"sd","14:02:44",2324500
33,-0.9,2000,"sd","14:02:34",2311300
33.05,-0.85,400,"bu","14:02:18",2309300
33,-0.9,1500,"sd","14:02:18",2308900
33.05,-0.85,3300,"sd","14:02:10",2307400
33.05,-0.85,1100,"sd","14:02:09",2304100
33.05,-0.85,500,"sd","14:02:08",2303000
33.05,-0.85,1300,"sd","14:02:04",2302500
33.05,-0.85,1000,"sd","14:01:52",2301200
33.1,-0.8,1000,"bu","14:01:38",2300200
33.05,-0.85,500,"sd","14:01:30",2299200
33.05,-0.85,500,"sd","14:01:28",2298700
33.1,-0.8,100,"bu","14:01:26",2298200
33.05,-0.85,200,"sd","14:01:23",2298100
33.05,-0.85,3000,"sd","14:01:19",2297900
33.1,-0.8,200,"bu","14:01:17",2294900
33.1,-0.8,300,"bu","14:01:05",2294700
33.1,-0.8,1000,"bu","14:01:03",2294400
33.1,-0.8,500,"sd","14:00:34",2293400
33.1,-0.8,500,"sd","14:00:34",2292900
33.1,-0.8,100,"sd","14:00:29",2292400
33.1,-0.8,100,"sd","14:00:26",2292300
33.1,-0.8,500,"sd","14:00:16",2292200
33.1,-0.8,100,"sd","14:00:12",2291700
33.1,-0.8,3400,"bu","14:00:11",2291600
33.05,-0.85,1300,"sd","14:00:01",2288200
33.1,-0.8,300,"bu","13:59:45",2286900
33.1,-0.8,1000,"bu","13:59:44",2286600
33.1,-0.8,200,"bu","13:59:33",2285600
33.1,-0.8,5000,"bu","13:59:29",2285400
33.1,-0.8,1000,"bu","13:59:28",2280400
33.1,-0.8,1200,"bu","13:59:05",2279400
33.1,-0.8,1000,"bu","13:58:55",2278200
33.1,-0.8,500,"bu","13:58:43",2277200
33.1,-0.8,7900,"bu","13:58:42",2276700
33.1,-0.8,100,"bu","13:58:42",2268800
33.1,-0.8,9100,"sd","13:58:34",2268700
33.15,-0.75,600,"bu","13:58:28",2259600
33.1,-0.8,300,"sd","13:58:20",2259000
33.1,-0.8,1000,"sd","13:58:18",2258700
33.1,-0.8,200,"sd","13:58:18",2257700
33.1,-0.8,1000,"sd","13:58:16",2257500
33.1,-0.8,400,"bu","13:58:07",2256500
33.1,-0.8,3600,"bu","13:58:04",2256100
33.1,-0.8,300,"bu","13:58:01",2252500
33.1,-0.8,200,"bu","13:57:59",2252200
33.1,-0.8,100,"bu","13:57:43",2252000
33.1,-0.8,300,"bu","13:57:34",2251900
33.1,-0.8,500,"bu","13:57:27",2251600
33.1,-0.8,5000,"bu","13:57:23",2251100
33.1,-0.8,10000,"bu","13:57:20",2246100
33.1,-0.8,100,"bu","13:57:16",2236100
33.1,-0.8,200,"bu","13:57:15",2236000
33.1,-0.8,500,"bu","13:57:10",2235800
33.1,-0.8,200,"bu","13:57:05",2235300
33.05,-0.85,100,"sd","13:57:02",2235100
33.1,-0.8,100,"bu","13:56:58",2235000
33.1,-0.8,200,"bu","13:56:55",2234900
33.1,-0.8,100,"bu","13:56:53",2234700
33.05,-0.85,200,"sd","13:56:48",2234600
33.1,-0.8,1000,"bu","13:56:43",2234400
33.05,-0.85,600,"bu","13:56:37",2233400
33,-0.9,9200,"bu","13:56:32",2232800
33,-0.9,2900,"bu","13:56:29",2223600
33,-0.9,500,"bu","13:56:28",2220700
33,-0.9,2100,"bu","13:56:28",2220200
33,-0.9,500,"bu","13:56:22",2218100
33,-0.9,500,"bu","13:56:17",2217600
33,-0.9,2500,"bu","13:56:15",2217100
33,-0.9,1300,"bu","13:56:13",2214600
33,-0.9,100,"bu","13:56:11",2213300
33,-0.9,100,"bu","13:56:10",2213200
32.95,-0.95,500,"sd","13:56:08",2213100
33,-0.9,4800,"bu","13:56:03",2212600
33,-0.9,200,"bu","13:56:03",2207800
32.95,-0.95,3000,"sd","13:55:48",2207600
32.95,-0.95,800,"bu","13:55:45",2204600
32.95,-0.95,1000,"bu","13:55:44",2203800
32.95,-0.95,1300,"bu","13:55:42",2202800
32.95,-0.95,4400,"bu","13:55:42",2201500
32.95,-0.95,100,"bu","13:55:39",2197100
32.95,-0.95,1000,"bu","13:55:38",2197000
32.95,-0.95,200,"bu","13:55:36",2196000
32.95,-0.95,500,"bu","13:55:31",2195800
32.95,-0.95,2500,"bu","13:55:30",2195300
32.95,-0.95,2000,"bu","13:55:29",2192800
32.9,-1,4500,"bu","13:55:20",2190800
32.9,-1,12500,"bu","13:55:19",2186300
32.9,-1,100,"bu","13:55:18",2173800
32.9,-1,100,"bu","13:55:17",2173700
32.9,-1,5000,"bu","13:55:15",2173600
32.9,-1,500,"bu","13:55:15",2168600
32.9,-1,500,"bu","13:55:12",2168100
32.9,-1,500,"bu","13:55:08",2167600
32.9,-1,200,"bu","13:55:07",2167100
32.9,-1,1600,"bu","13:55:06",2166900
32.9,-1,1000,"bu","13:55:05",2165300
32.9,-1,100,"bu","13:55:04",2164300
32.9,-1,700,"bu","13:55:03",2164200
32.85,-1.05,100,"sd","13:55:01",2163500
32.9,-1,5000,"bu","13:54:59",2163400
32.9,-1,300,"bu","13:54:51",2158400
32.85,-1.05,500,"sd","13:54:50",2158100
32.9,-1,100,"bu","13:54:47",2157600
32.85,-1.05,200,"bu","13:54:42",2157500
32.85,-1.05,500,"bu","13:54:36",2157300
32.8,-1.1,200,"sd","13:54:35",2156800
32.85,-1.05,2000,"bu","13:54:35",2156600
32.85,-1.05,500,"bu","13:54:34",2154600
32.85,-1.05,5000,"bu","13:54:32",2154100
32.85,-1.05,2800,"sd","13:54:31",2149100
32.9,-1,300,"bu","13:54:30",2146300
32.85,-1.05,800,"sd","13:54:24",2146000
32.85,-1.05,900,"bu","13:54:19",2145200
32.85,-1.05,200,"bu","13:54:15",2144300
32.85,-1.05,500,"bu","13:54:10",2144100
32.85,-1.05,500,"bu","13:54:08",2143600
32.85,-1.05,800,"bu","13:54:08",2143100
32.85,-1.05,100,"bu","13:54:07",2142300
32.9,-1,500,"bu","13:53:59",2142200
32.85,-1.05,500,"bu","13:53:53",2141700
32.85,-1.05,300,"bu","13:53:48",2141200
32.85,-1.05,2700,"sd","13:53:46",2140900
32.85,-1.05,200,"sd","13:53:44",2138200
32.85,-1.05,900,"sd","13:53:40",2138000
32.85,-1.05,1000,"sd","13:53:31",2137100
32.8,-1.1,3400,"sd","13:53:21",2136100
32.85,-1.05,500,"sd","13:53:21",2132700
32.85,-1.05,7500,"sd","13:53:05",2132200
32.85,-1.05,5700,"sd","13:53:00",2124700
32.85,-1.05,500,"sd","13:52:58",2119000
32.85,-1.05,1000,"sd","13:52:57",2118500
32.85,-1.05,200,"bu","13:52:46",2117500
32.85,-1.05,200,"bu","13:52:43",2117300
32.85,-1.05,500,"bu","13:52:41",2117100
32.8,-1.1,1000,"sd","13:52:41",2116600
32.8,-1.1,3100,"sd","13:52:36",2115600
32.85,-1.05,400,"sd","13:52:36",2112500
32.8,-1.1,1500,"sd","13:52:36",2112100
32.85,-1.05,3000,"bu","13:52:36",2110600
32.85,-1.05,500,"bu","13:52:28",2107600
32.85,-1.05,100,"bu","13:52:23",2107100
32.85,-1.05,3800,"sd","13:52:22",2107000
32.9,-1,200,"bu","13:52:22",2103200
32.85,-1.05,2000,"sd","13:52:18",2103000
32.85,-1.05,100,"sd","13:52:09",2101000
32.85,-1.05,100,"sd","13:52:08",2100900
32.85,-1.05,600,"sd","13:52:03",2100800
32.85,-1.05,200,"sd","13:52:03",2100200
32.85,-1.05,100,"sd","13:51:53",2100000
32.9,-1,500,"bu","13:51:50",2099900
32.85,-1.05,1000,"sd","13:51:40",2099400
32.85,-1.05,5000,"sd","13:51:22",2098400
32.85,-1.05,2500,"sd","13:51:14",2093400
32.9,-1,2000,"bu","13:51:13",2090900
32.85,-1.05,20000,"sd","13:51:07",2088900
32.9,-1,1700,"sd","13:51:05",2068900
32.9,-1,100,"sd","13:51:04",2067200
32.9,-1,8000,"sd","13:51:03",2067100
32.9,-1,100,"sd","13:50:56",2059100
32.9,-1,1000,"sd","13:50:50",2059000
32.9,-1,6000,"sd","13:50:45",2058000
32.9,-1,10000,"sd","13:50:43",2052000
32.95,-0.95,1200,"sd","13:50:41",2042000
32.95,-0.95,200,"sd","13:50:41",2040800
32.95,-0.95,2000,"sd","13:50:19",2040600
32.95,-0.95,1600,"bu","13:50:17",2038600
32.9,-1,500,"sd","13:50:13",2037000
32.95,-0.95,100,"bu","13:50:13",2036500
32.9,-1,3100,"sd","13:50:09",2036400
32.95,-0.95,100,"bu","13:50:09",2033300
32.95,-0.95,200,"bu","13:50:07",2033200
32.9,-1,100,"sd","13:50:05",2033000
32.9,-1,13200,"sd","13:50:01",2032900
32.95,-0.95,1800,"sd","13:50:01",2019700
32.95,-0.95,1200,"bu","13:49:56",2017900
32.9,-1,7300,"sd","13:49:55",2016700
32.9,-1,2000,"sd","13:49:52",2009400
32.95,-0.95,100,"bu","13:49:50",2007400
32.9,-1,1700,"sd","13:49:41",2007300
32.9,-1,5100,"sd","13:49:40",2005600
32.9,-1,800,"sd","13:49:32",2000500
32.9,-1,1000,"sd","13:49:31",1999700
32.9,-1,5000,"sd","13:49:30",1998700
32.9,-1,1700,"sd","13:49:29",1993700
32.9,-1,100,"sd","13:49:17",1992000
32.9,-1,500,"sd","13:49:12",1991900
32.9,-1,100,"sd","13:49:05",1991400
32.9,-1,1600,"sd","13:48:55",1991300
32.9,-1,1000,"sd","13:48:54",1989700
32.9,-1,8600,"sd","13:48:39",1988700
32.95,-0.95,1400,"sd","13:48:39",1980100
32.95,-0.95,3600,"bu","13:48:36",1978700
32.95,-0.95,32400,"sd","13:48:35",1975100
33,-0.9,200,"bu","13:48:29",1942700
33,-0.9,500,"sd","13:48:26",1942500
32.95,-0.95,2500,"sd","13:48:25",1942000
33,-0.9,5500,"sd","13:48:25",1939500
33,-0.9,6300,"sd","13:48:24",1934000
33,-0.9,5700,"sd","13:48:23",1927700
33,-0.9,1200,"sd","13:48:21",1922000
33,-0.9,1000,"sd","13:47:54",1920800
33,-0.9,135800,"sd","13:47:53",1919800
33.05,-0.85,4200,"sd","13:47:53",1784000
33.05,-0.85,500,"sd","13:47:45",1779800
33.05,-0.85,30000,"sd","13:47:34",1779300
33.05,-0.85,1200,"sd","13:47:10",1749300
33.05,-0.85,2200,"sd","13:47:05",1748100
33.1,-0.8,1000,"bu","13:46:58",1745900
33.1,-0.8,1000,"bu","13:46:46",1744900
33.1,-0.8,10900,"sd","13:46:43",1743900
33.1,-0.8,8000,"sd","13:46:41",1733000
33.1,-0.8,100,"sd","13:46:34",1725000
33.1,-0.8,4000,"sd","13:46:29",1724900
33.1,-0.8,5000,"sd","13:46:29",1720900
33.1,-0.8,10000,"sd","13:46:23",1715900
33.15,-0.75,100,"bu","13:46:05",1705900
33.15,-0.75,3000,"bu","13:45:53",1705800
33.1,-0.8,600,"sd","13:45:49",1702800
33.15,-0.75,200,"bu","13:45:32",1702200
33.15,-0.75,10000,"bu","13:45:24",1702000
33.15,-0.75,100,"bu","13:45:08",1692000
33.15,-0.75,200,"bu","13:45:01",1691900
33.15,-0.75,100,"bu","13:44:20",1691700
33.1,-0.8,7000,"sd","13:44:12",1691600
33.15,-0.75,500,"bu","13:44:11",1684600
33.15,-0.75,3000,"bu","13:44:01",1684100
33.1,-0.8,100,"sd","13:43:51",1681100
33.1,-0.8,10000,"sd","13:43:32",1681000
33.15,-0.75,100,"bu","13:43:29",1671000
33.1,-0.8,1000,"sd","13:43:24",1670900
33.15,-0.75,1000,"bu","13:43:17",1669900
33.1,-0.8,500,"sd","13:43:14",1668900
33.1,-0.8,1000,"sd","13:43:13",1668400
33.1,-0.8,5000,"sd","13:43:01",1667400
33.15,-0.75,3000,"bu","13:42:49",1662400
33.15,-0.75,100,"bu","13:42:45",1659400
33.15,-0.75,1000,"bu","13:42:34",1659300
33.15,-0.75,3000,"bu","13:42:26",1658300
33.1,-0.8,1000,"sd","13:42:16",1655300
33.15,-0.75,2000,"bu","13:42:08",1654300
33.1,-0.8,400,"sd","13:42:02",1652300
33.15,-0.75,1000,"bu","13:41:52",1651900
33.15,-0.75,200,"bu","13:41:48",1650900
33.1,-0.8,7500,"sd","13:41:46",1650700
33.15,-0.75,100,"bu","13:41:36",1643200
33.1,-0.8,2000,"sd","13:41:23",1643100
33.15,-0.75,100,"bu","13:41:18",1641100
33.1,-0.8,1000,"sd","13:41:18",1641000
33.1,-0.8,200,"sd","13:41:14",1640000
33.15,-0.75,1000,"bu","13:40:55",1639800
33.1,-0.8,2000,"sd","13:40:51",1638800
33.1,-0.8,200,"sd","13:40:50",1636800
33.1,-0.8,3000,"sd","13:40:42",1636600
33.1,-0.8,300,"sd","13:40:37",1633600
33.1,-0.8,300,"sd","13:40:36",1633300
33.1,-0.8,1000,"sd","13:40:33",1633000
33.1,-0.8,1000,"sd","13:40:21",1632000
33.1,-0.8,3000,"sd","13:40:19",1631000
33.1,-0.8,4000,"sd","13:40:11",1628000
33.1,-0.8,2000,"sd","13:40:01",1624000
33.1,-0.8,1400,"sd","13:39:34",1622000
33.1,-0.8,700,"sd","13:39:20",1620600
33.15,-0.75,200,"bu","13:39:03",1619900
33.15,-0.75,100,"bu","13:39:00",1619700
33.15,-0.75,100,"bu","13:38:47",1619600
33.1,-0.8,4000,"sd","13:38:42",1619500
33.15,-0.75,100,"bu","13:38:27",1615500
33.15,-0.75,100,"bu","13:38:12",1615400
33.15,-0.75,4000,"bu","13:38:09",1615300
33.15,-0.75,1000,"bu","13:37:51",1611300
33.1,-0.8,100,"sd","13:37:36",1610300
33.1,-0.8,500,"sd","13:37:22",1610200
33.1,-0.8,200,"sd","13:37:19",1609700
33.15,-0.75,500,"bu","13:37:11",1609500
33.15,-0.75,2200,"bu","13:37:09",1609000
33.15,-0.75,800,"bu","13:36:32",1606800
33.15,-0.75,1000,"bu","13:36:29",1606000
33.15,-0.75,500,"bu","13:36:10",1605000
33.15,-0.75,500,"sd","13:36:00",1604500
33.15,-0.75,900,"bu","13:35:45",1604000
33.15,-0.75,100,"bu","13:35:33",1603100
33.15,-0.75,500,"bu","13:35:18",1603000
33.15,-0.75,1300,"sd","13:35:12",1602500
33.15,-0.75,1000,"sd","13:35:04",1601200
33.15,-0.75,1000,"sd","13:35:04",1600200
33.15,-0.75,200,"bu","13:34:41",1599200
33.15,-0.75,500,"bu","13:34:40",1599000
33.1,-0.8,10000,"sd","13:34:27",1598500
33.15,-0.75,3000,"bu","13:34:25",1588500
33.15,-0.75,100,"bu","13:34:24",1585500
33.15,-0.75,500,"bu","13:34:23",1585400
33.1,-0.8,2000,"sd","13:34:15",1584900
33.15,-0.75,500,"bu","13:34:13",1582900
33.15,-0.75,1000,"bu","13:34:07",1582400
33.15,-0.75,3000,"bu","13:34:01",1581400
33.15,-0.75,100,"bu","13:34:01",1578400
33.15,-0.75,100,"bu","13:33:57",1578300
33.15,-0.75,5000,"bu","13:33:55",1578200
33.1,-0.8,30000,"sd","13:33:55",1573200
33.15,-0.75,500,"bu","13:33:53",1543200
33.15,-0.75,100,"bu","13:33:52",1542700
33.15,-0.75,20000,"bu","13:33:46",1542600
33.1,-0.8,300,"sd","13:33:46",1522600
33.1,-0.8,5000,"sd","13:33:36",1522300
33.15,-0.75,1000,"bu","13:33:27",1517300
33.15,-0.75,400,"bu","13:33:27",1516300
33.15,-0.75,1400,"bu","13:33:24",1515900
33.15,-0.75,1000,"bu","13:33:22",1514500
33.15,-0.75,500,"bu","13:33:15",1513500
33.15,-0.75,2000,"bu","13:33:11",1513000
33.15,-0.75,100,"bu","13:33:06",1511000
33.15,-0.75,800,"bu","13:33:04",1510900
33.15,-0.75,100,"bu","13:32:42",1510100
33.15,-0.75,1000,"bu","13:32:40",1510000
33.15,-0.75,1000,"bu","13:32:36",1509000
33.15,-0.75,5700,"sd","13:32:35",1508000
33.2,-0.7,600,"bu","13:32:35",1502300
33.2,-0.7,1400,"sd","13:32:21",1501700
33.2,-0.7,400,"sd","13:32:10",1500300
33.2,-0.7,1000,"sd","13:31:49",1499900
33.2,-0.7,100,"sd","13:31:43",1498900
33.2,-0.7,200,"sd","13:31:43",1498800
33.2,-0.7,200,"bu","13:31:37",1498600
33.2,-0.7,200,"bu","13:31:22",1498400
33.2,-0.7,200,"sd","13:31:19",1498200
33.25,-0.65,500,"bu","13:31:16",1498000
33.25,-0.65,100,"bu","13:31:05",1497500
33.25,-0.65,2800,"sd","13:31:04",1497400
33.3,-0.6,400,"bu","13:31:01",1494600
33.25,-0.65,2700,"sd","13:30:57",1494200
33.25,-0.65,30000,"sd","13:30:46",1491500
33.3,-0.6,1000,"bu","13:30:44",1461500
33.3,-0.6,4100,"sd","13:30:36",1460500
33.3,-0.6,100,"sd","13:30:25",1456400
33.3,-0.6,1900,"bu","13:30:07",1456300
33.25,-0.65,500,"sd","13:29:47",1454400
33.3,-0.6,100,"bu","13:29:47",1453900
33.25,-0.65,1000,"sd","13:29:31",1453800
33.25,-0.65,300,"bu","13:29:18",1452800
33.25,-0.65,200,"bu","13:28:51",1452500
33.2,-0.7,600,"bu","13:28:51",1452300
33.15,-0.75,300,"bu","13:28:50",1451700
33.15,-0.75,200,"bu","13:28:46",1451400
33.1,-0.8,300,"sd","13:28:45",1451200
33.15,-0.75,100,"bu","13:28:41",1450900
33.1,-0.8,500,"sd","13:28:23",1450800
33.1,-0.8,200,"sd","13:28:20",1450300
33.1,-0.8,700,"bu","13:27:58",1450100
33.05,-0.85,20000,"sd","13:27:55",1449400
33.1,-0.8,100,"bu","13:27:54",1429400
33.1,-0.8,10000,"bu","13:27:52",1429300
33.1,-0.8,100,"bu","13:27:48",1419300
33.05,-0.85,500,"sd","13:27:31",1419200
33.1,-0.8,100,"bu","13:27:28",1418700
33.1,-0.8,100,"bu","13:27:24",1418600
33.1,-0.8,6000,"bu","13:27:19",1418500
33.05,-0.85,3000,"sd","13:27:17",1412500
33.05,-0.85,100,"sd","13:27:13",1409500
33.05,-0.85,700,"sd","13:27:10",1409400
33.05,-0.85,200,"bu","13:27:03",1408700
33.05,-0.85,5000,"bu","13:27:00",1408500
33.05,-0.85,100,"bu","13:26:57",1403500
33.05,-0.85,200,"sd","13:26:53",1403400
33.05,-0.85,200,"sd","13:26:49",1403200
33.05,-0.85,600,"bu","13:26:47",1403000
33.05,-0.85,100,"bu","13:26:43",1402400
33.05,-0.85,2000,"bu","13:26:42",1402300
33,-0.9,200,"sd","13:26:35",1400300
33.05,-0.85,700,"bu","13:26:31",1400100
33.05,-0.85,500,"bu","13:26:29",1399400
33.05,-0.85,1000,"bu","13:26:18",1398900
33,-0.9,1000,"sd","13:26:17",1397900
33,-0.9,200,"sd","13:26:14",1396900
33.05,-0.85,1000,"bu","13:26:13",1396700
33,-0.9,1100,"sd","13:26:09",1395700
33,-0.9,1200,"sd","13:26:07",1394600
33.05,-0.85,800,"sd","13:26:07",1393400
33.05,-0.85,500,"sd","13:26:05",1392600
33.05,-0.85,100,"sd","13:26:03",1392100
33.05,-0.85,4000,"sd","13:26:03",1392000
33.05,-0.85,500,"sd","13:26:02",1388000
33.05,-0.85,1000,"sd","13:26:01",1387500
33.1,-0.8,800,"bu","13:25:56",1386500
33.05,-0.85,2000,"sd","13:25:55",1385700
33.1,-0.8,100,"bu","13:25:53",1383700
33.05,-0.85,6500,"sd","13:25:40",1383600
33.05,-0.85,4100,"sd","13:25:36",1377100
33.05,-0.85,400,"sd","13:25:32",1373000
33.05,-0.85,500,"sd","13:25:25",1372600
33.1,-0.8,100,"bu","13:25:23",1372100
33.1,-0.8,14800,"sd","13:25:19",1372000
33.1,-0.8,2000,"sd","13:25:15",1357200
33.1,-0.8,3000,"sd","13:25:15",1355200
33.1,-0.8,200,"sd","13:25:11",1352200
33.1,-0.8,3200,"sd","13:25:07",1352000
33.15,-0.75,2800,"sd","13:24:56",1348800
33.15,-0.75,8700,"sd","13:24:48",1346000
33.15,-0.75,4600,"sd","13:24:46",1337300
33.2,-0.7,700,"bu","13:24:46",1332700
33.2,-0.7,18600,"sd","13:24:41",1332000
33.2,-0.7,100,"sd","13:24:40",1313400
33.2,-0.7,3100,"sd","13:24:38",1313300
33.2,-0.7,6000,"sd","13:24:35",1310200
33.2,-0.7,2000,"sd","13:24:33",1304200
33.2,-0.7,500,"sd","13:24:32",1302200
33.2,-0.7,600,"sd","13:24:27",1301700
33.2,-0.7,700,"sd","13:24:24",1301100
33.2,-0.7,29400,"sd","13:24:23",1300400
33.2,-0.7,2600,"sd","13:24:11",1271000
33.25,-0.65,2900,"bu","13:23:53",1268400
33.25,-0.65,4400,"sd","13:23:51",1265500
33.25,-0.65,3700,"sd","13:23:43",1261100
33.25,-0.65,2000,"sd","13:23:39",1257400
33.25,-0.65,10000,"sd","13:23:37",1255400
33.25,-0.65,17500,"sd","13:23:33",1245400
33.3,-0.6,1000,"bu","13:23:23",1227900
33.25,-0.65,5000,"sd","13:23:21",1226900
33.25,-0.65,800,"sd","13:23:20",1221900
33.25,-0.65,500,"sd","13:23:09",1221100
33.25,-0.65,100,"sd","13:23:09",1220600
33.25,-0.65,500,"sd","13:22:59",1220500
33.25,-0.65,500,"sd","13:22:56",1220000
33.25,-0.65,6000,"sd","13:22:54",1219500
33.25,-0.65,1300,"sd","13:22:45",1213500
33.25,-0.65,1000,"sd","13:22:41",1212200
33.25,-0.65,100,"sd","13:22:26",1211200
33.3,-0.6,1000,"bu","13:22:23",1211100
33.3,-0.6,100,"bu","13:21:29",1210100
33.3,-0.6,500,"bu","13:21:26",1210000
33.3,-0.6,3700,"sd","13:21:22",1209500
33.3,-0.6,43000,"sd","13:21:20",1205800
33.3,-0.6,200,"sd","13:21:09",1162800
33.3,-0.6,12500,"sd","13:21:07",1162600
33.3,-0.6,5000,"sd","13:21:04",1150100
33.3,-0.6,200,"sd","13:21:03",1145100
33.3,-0.6,200,"sd","13:20:51",1144900
33.3,-0.6,1000,"sd","13:20:43",1144700
33.35,-0.55,5500,"bu","13:20:36",1143700
33.3,-0.6,2900,"sd","13:20:16",1138200
33.3,-0.6,300,"sd","13:20:12",1135300
33.3,-0.6,7300,"sd","13:19:54",1135000
33.35,-0.55,4000,"sd","13:19:54",1127700
33.35,-0.55,100,"bu","13:19:20",1123700
33.35,-0.55,1000,"bu","13:19:12",1123600
33.35,-0.55,100,"bu","13:19:10",1122600
33.35,-0.55,300,"sd","13:18:55",1122500
33.35,-0.55,200,"bu","13:18:54",1122200
33.35,-0.55,5100,"sd","13:18:46",1122000
33.35,-0.55,3000,"sd","13:18:39",1116900
33.35,-0.55,15000,"sd","13:18:38",1113900
33.4,-0.5,500,"bu","13:18:37",1098900
33.35,-0.55,7000,"sd","13:18:30",1098400
33.4,-0.5,300,"bu","13:18:21",1091400
33.35,-0.55,1000,"sd","13:18:18",1091100
33.35,-0.55,1000,"sd","13:18:14",1090100
33.4,-0.5,200,"bu","13:18:09",1089100
33.4,-0.5,500,"bu","13:17:19",1088900
33.4,-0.5,100,"bu","13:17:11",1088400
33.4,-0.5,100,"bu","13:17:03",1088300
33.4,-0.5,700,"sd","13:16:56",1088200
33.4,-0.5,600,"bu","13:16:24",1087500
33.4,-0.5,100,"bu","13:16:23",1086900
33.4,-0.5,1000,"bu","13:16:22",1086800
33.4,-0.5,100,"bu","13:16:04",1085800
33.4,-0.5,1200,"bu","13:16:00",1085700
33.4,-0.5,1000,"bu","13:15:59",1084500
33.35,-0.55,600,"sd","13:15:53",1083500
33.35,-0.55,3100,"bu","13:15:42",1082900
33.35,-0.55,400,"bu","13:15:40",1079800
33.35,-0.55,2100,"bu","13:15:28",1079400
33.35,-0.55,200,"bu","13:15:26",1077300
33.35,-0.55,100,"bu","13:15:21",1077100
33.35,-0.55,1000,"bu","13:15:15",1077000
33.35,-0.55,1000,"bu","13:14:55",1076000
33.35,-0.55,200,"bu","13:14:41",1075000
33.35,-0.55,100,"bu","13:14:40",1074800
33.35,-0.55,200,"bu","13:14:38",1074700
33.3,-0.6,1500,"sd","13:14:24",1074500
33.35,-0.55,1400,"bu","13:14:20",1073000
33.35,-0.55,100,"bu","13:14:18",1071600
33.35,-0.55,500,"bu","13:14:05",1071500
33.35,-0.55,200,"bu","13:13:45",1071000
33.35,-0.55,300,"bu","13:13:42",1070800
33.35,-0.55,1300,"bu","13:13:41",1070500
33.35,-0.55,1000,"bu","13:13:36",1069200
33.35,-0.55,1000,"bu","13:13:31",1068200
33.35,-0.55,1800,"bu","13:13:24",1067200
33.35,-0.55,200,"bu","13:13:23",1065400
33.35,-0.55,500,"bu","13:13:12",1065200
33.35,-0.55,500,"bu","13:13:07",1064700
33.35,-0.55,5000,"bu","13:13:06",1064200
33.35,-0.55,500,"bu","13:13:04",1059200
33.35,-0.55,200,"bu","13:12:59",1058700
33.35,-0.55,600,"bu","13:12:54",1058500
33.35,-0.55,10000,"bu","13:12:52",1057900
33.35,-0.55,200,"bu","13:12:38",1047900
33.35,-0.55,100,"bu","13:12:34",1047700
33.35,-0.55,200,"bu","13:12:29",1047600
33.35,-0.55,100,"bu","13:11:56",1047400
33.35,-0.55,100,"bu","13:11:53",1047300
33.35,-0.55,200,"bu","13:11:50",1047200
33.35,-0.55,500,"bu","13:11:46",1047000
33.35,-0.55,100,"bu","13:11:20",1046500
33.35,-0.55,1900,"bu","13:11:19",1046400
33.35,-0.55,100,"bu","13:11:18",1044500
33.35,-0.55,400,"bu","13:11:17",1044400
33.35,-0.55,29900,"sd","13:11:16",1044000
33.4,-0.5,800,"sd","13:11:16",1014100
33.4,-0.5,200,"bu","13:11:03",1013300
33.4,-0.5,100,"bu","13:10:59",1013100
33.4,-0.5,200,"sd","13:10:49",1013000
33.4,-0.5,100,"bu","13:10:41",1012800
33.4,-0.5,6600,"bu","13:10:29",1012700
33.4,-0.5,1000,"bu","13:10:25",1006100
33.4,-0.5,500,"bu","13:10:15",1005100
33.35,-0.55,300,"sd","13:10:11",1004600
33.35,-0.55,200,"sd","13:09:38",1004300
33.35,-0.55,200,"sd","13:09:34",1004100
33.35,-0.55,11100,"bu","13:09:24",1003900
33.3,-0.6,2000,"sd","13:09:24",992800
33.35,-0.55,900,"bu","13:09:23",990800
33.35,-0.55,3900,"bu","13:09:20",989900
33.35,-0.55,2000,"bu","13:09:19",975200
33.35,-0.55,300,"bu","13:09:18",973200
33.35,-0.55,100,"bu","13:09:11",972900
33.3,-0.6,200,"sd","13:09:10",972800
33.35,-0.55,100,"bu","13:09:08",972600
33.3,-0.6,1100,"sd","13:09:00",972500
33.3,-0.6,3000,"sd","13:08:58",971400
33.3,-0.6,2200,"sd","13:08:51",968400
33.3,-0.6,2500,"sd","13:08:49",966200
33.35,-0.55,100,"bu","13:08:47",963700
33.35,-0.55,100,"bu","13:08:41",963600
33.35,-0.55,1000,"bu","13:08:35",963500
33.35,-0.55,1000,"bu","13:08:28",962500
33.35,-0.55,200,"bu","13:08:26",961500
33.35,-0.55,6000,"bu","13:08:23",961300
33.35,-0.55,100,"bu","13:08:23",955300
33.35,-0.55,100,"bu","13:08:01",955200
33.35,-0.55,100,"bu","13:08:00",955100
33.35,-0.55,5500,"bu","13:07:52",955000
33.35,-0.55,2000,"bu","13:07:52",949500
33.35,-0.55,300,"bu","13:07:45",947500
33.35,-0.55,200,"bu","13:07:24",947200
33.35,-0.55,100,"bu","13:07:14",947000
33.35,-0.55,100,"bu","13:07:12",946900
33.35,-0.55,2000,"bu","13:07:05",946800
33.35,-0.55,1900,"bu","13:06:31",944800
33.35,-0.55,100,"bu","13:06:15",942900
33.3,-0.6,200,"sd","13:06:07",942800
33.35,-0.55,1800,"bu","13:06:05",942600
33.3,-0.6,700,"bu","13:05:58",940800
33.3,-0.6,300,"sd","13:05:54",940100
33.35,-0.55,1000,"bu","13:05:49",939800
33.3,-0.6,100,"sd","13:05:45",938800
33.3,-0.6,2100,"bu","13:05:43",938700
33.3,-0.6,700,"bu","13:05:42",936600
33.3,-0.6,2100,"bu","13:05:42",935900
33.25,-0.65,6000,"sd","13:05:42",933800
33.3,-0.6,1000,"bu","13:05:41",927800
33.3,-0.6,500,"bu","13:05:39",926800
33.25,-0.65,200,"bu","13:05:15",925800
33.25,-0.65,1000,"bu","13:05:15",925600
33.25,-0.65,5000,"bu","13:05:13",924600
33.25,-0.65,1000,"bu","13:05:09",919600
33.25,-0.65,300,"sd","13:04:52",918600
33.2,-0.7,6500,"sd","13:04:50",918300
33.2,-0.7,300,"sd","13:04:42",911800
33.2,-0.7,1000,"sd","13:04:33",911500
33.25,-0.65,1000,"bu","13:04:26",910500
33.2,-0.7,4300,"sd","13:04:19",909500
33.25,-0.65,3700,"sd","13:04:19",905200
33.25,-0.65,1700,"sd","13:04:17",901500
33.25,-0.65,2700,"sd","13:04:10",899800
33.25,-0.65,1000,"sd","13:04:06",897100
33.25,-0.65,5900,"bu","13:04:01",896100
33.2,-0.7,300,"bu","13:03:49",890200
33.2,-0.7,200,"sd","13:03:48",889900
33.25,-0.65,1000,"bu","13:03:47",889700
33.2,-0.7,4000,"sd","13:03:45",888700
33.2,-0.7,6800,"bu","13:03:44",884700
33.2,-0.7,1000,"bu","13:03:42",877900
33.2,-0.7,100,"bu","13:03:34",876900
33.2,-0.7,600,"sd","13:03:30",876800
33.15,-0.75,1000,"sd","13:03:21",876200
33.2,-0.7,1000,"bu","13:03:17",875200
33.2,-0.7,1200,"bu","13:03:11",874200
33.2,-0.7,500,"sd","13:03:10",873000
33.2,-0.7,500,"sd","13:03:07",872500
33.2,-0.7,500,"sd","13:03:06",872000
33.2,-0.7,1000,"sd","13:03:05",871500
33.2,-0.7,1500,"sd","13:03:04",870500
33.2,-0.7,500,"sd","13:03:00",869000
33.25,-0.65,500,"sd","13:03:00",868500
33.3,-0.6,200,"bu","13:02:58",868000
33.3,-0.6,300,"bu","13:02:43",867800
33.15,-0.75,100,"sd","13:02:30",867500
33.3,-0.6,800,"bu","13:02:26",867400
33.3,-0.6,100,"bu","13:02:23",866600
33.15,-0.75,400,"sd","13:02:16",866500
33.2,-0.7,1300,"sd","13:02:16",866100
33.3,-0.6,100,"sd","13:02:11",864800
33.3,-0.6,100,"sd","13:02:01",864700
33.4,-0.5,100,"bu","13:01:45",864600
33.4,-0.5,2000,"bu","13:01:44",864500
33.4,-0.5,200,"bu","13:01:17",862500
33.15,-0.75,400,"sd","13:01:01",862300
33.2,-0.7,4100,"sd","13:01:01",861900
33.3,-0.6,300,"sd","13:01:01",857800
33.4,-0.5,200,"sd","13:01:01",857500
33.5,-0.4,300,"bu","13:01:01",857300
33.4,-0.5,1000,"sd","13:01:01",857000
33.2,-0.7,17200,"sd","13:01:00",856000
33.25,-0.65,3100,"sd","13:01:00",838800
33.3,-0.6,8500,"sd","13:01:00",835700
33.35,-0.55,7500,"sd","13:01:00",827200
33.4,-0.5,13700,"sd","13:01:00",819700
33.4,-0.5,1200,"sd","13:01:00",806000
33.4,-0.5,800,"sd","13:00:58",804800
33.45,-0.45,5000,"sd","13:00:58",804000
33.5,-0.4,4200,"sd","13:00:58",799000
33.55,-0.35,2000,"bu","13:00:58",794800
33.55,-0.35,1500,"bu","13:00:55",792800
33.5,-0.4,9000,"sd","13:00:55",791300
33.5,-0.4,400,"sd","13:00:54",782300
33.5,-0.4,3700,"sd","13:00:53",781900
33.55,-0.35,100,"bu","13:00:53",778200
33.5,-0.4,19300,"sd","13:00:46",778100
33.55,-0.35,600,"sd","13:00:46",758800
33.55,-0.35,500,"sd","13:00:41",758200
33.5,-0.4,2100,"sd","13:00:18",757700
33.5,-0.4,11600,"sd","13:00:17",755600
33.55,-0.35,3400,"sd","13:00:17",744000
33.6,-0.3,700,"bu","13:00:17",740600
33.6,-0.3,1000,"bu","13:00:10",739900
33.55,-0.35,5000,"sd","13:00:08",738900
33.6,-0.3,200,"bu","13:00:08",733900
33.6,-0.3,5000,"sd","11:29:59",733700
33.55,-0.35,9900,"sd","11:29:56",728700
33.6,-0.3,15100,"sd","11:29:56",718800
33.6,-0.3,1000,"sd","11:29:48",703700
33.6,-0.3,500,"sd","11:29:48",702700
33.6,-0.3,100,"sd","11:29:44",702200
33.6,-0.3,500,"sd","11:29:42",702100
33.6,-0.3,500,"sd","11:29:19",701600
33.65,-0.25,2000,"bu","11:29:19",701100
33.6,-0.3,31000,"sd","11:29:13",699100
33.6,-0.3,1000,"sd","11:29:05",668100
33.6,-0.3,100,"sd","11:28:59",667100
33.65,-0.25,2700,"sd","11:28:42",667000
33.65,-0.25,5000,"sd","11:28:41",664300
33.65,-0.25,3000,"sd","11:28:12",659300
33.65,-0.25,300,"sd","11:28:04",656300
33.65,-0.25,100,"sd","11:27:51",656000
33.65,-0.25,200,"sd","11:27:45",655900
33.7,-0.2,1500,"sd","11:27:37",655700
33.7,-0.2,2500,"sd","11:27:35",654200
33.7,-0.2,23600,"sd","11:27:34",651700
33.7,-0.2,500,"sd","11:27:05",628100
33.7,-0.2,200,"sd","11:26:57",627600
33.7,-0.2,1000,"sd","11:26:44",627400
33.7,-0.2,800,"sd","11:26:16",626400
33.7,-0.2,1500,"sd","11:26:00",625600
33.7,-0.2,500,"sd","11:25:59",624100
33.7,-0.2,500,"sd","11:25:57",623600
33.7,-0.2,100,"sd","11:25:35",623100
33.7,-0.2,5000,"sd","11:25:24",623000
33.7,-0.2,3000,"sd","11:25:20",618000
33.7,-0.2,400,"sd","11:25:11",615000
33.7,-0.2,1500,"sd","11:24:56",614600
33.7,-0.2,500,"sd","11:24:41",613100
33.7,-0.2,500,"sd","11:24:29",612600
33.7,-0.2,3800,"sd","11:24:26",612100
33.75,-0.15,2000,"bu","11:23:51",608300
33.75,-0.15,100,"bu","11:23:33",606300
33.75,-0.15,700,"bu","11:23:18",606200
33.7,-0.2,200,"sd","11:22:20",605500
33.7,-0.2,100,"sd","11:22:19",605300
33.7,-0.2,2000,"sd","11:22:18",605200
33.7,-0.2,1100,"sd","11:22:13",603200
33.7,-0.2,400,"sd","11:21:54",602100
33.7,-0.2,500,"sd","11:21:34",601700
33.75,-0.15,23000,"sd","11:21:30",601200
33.8,-0.1,200,"bu","11:21:23",578200
33.75,-0.15,500,"sd","11:21:11",578000
33.75,-0.15,400,"sd","11:20:50",577500
33.75,-0.15,5000,"sd","11:20:20",577100
33.8,-0.1,100,"bu","11:19:55",572100
33.75,-0.15,200,"sd","11:19:43",572000
33.75,-0.15,500,"sd","11:19:41",571800
33.75,-0.15,1000,"sd","11:19:22",571300
33.75,-0.15,500,"sd","11:19:19",570300
33.75,-0.15,3500,"sd","11:17:47",569800
33.8,-0.1,1800,"bu","11:14:58",566300
33.8,-0.1,100,"bu","11:14:56",564500
33.8,-0.1,2900,"sd","11:14:51",564400
33.8,-0.1,200,"sd","11:14:28",561500
33.8,-0.1,100,"sd","11:14:21",561300
33.8,-0.1,300,"sd","11:13:29",561200
33.8,-0.1,12000,"sd","11:13:17",560900
33.8,-0.1,1000,"sd","11:13:08",548900
33.8,-0.1,24800,"sd","11:12:33",547900
33.8,-0.1,800,"sd","11:11:13",523100
33.85,-0.05,400,"bu","11:10:54",522300
33.8,-0.1,2000,"sd","11:10:33",521900
33.85,-0.05,2000,"bu","11:08:58",519900
33.85,-0.05,10000,"bu","11:08:35",517900
33.85,-0.05,2000,"bu","11:08:12",507900
33.85,-0.05,600,"bu","11:07:24",505900
33.85,-0.05,800,"bu","11:07:06",505300
33.85,-0.05,500,"bu","11:07:01",504500
33.85,-0.05,2000,"bu","11:06:35",504000
33.85,-0.05,100,"bu","11:05:57",502000
33.85,-0.05,200,"bu","11:05:02",501900
33.85,-0.05,2800,"bu","11:03:01",501700
33.8,-0.1,100,"sd","11:01:59",498900
33.8,-0.1,1000,"sd","11:01:23",498800
33.8,-0.1,2000,"sd","11:00:39",497800
33.8,-0.1,5000,"sd","11:00:01",495800
33.85,-0.05,300,"sd","10:59:24",490800
33.85,-0.05,1000,"sd","10:58:06",490500
33.85,-0.05,700,"bu","10:58:00",489500
33.85,-0.05,100,"bu","10:57:55",488800
33.8,-0.1,1000,"sd","10:57:54",488700
33.85,-0.05,10000,"bu","10:57:48",487700
33.85,-0.05,300,"bu","10:57:27",477700
33.85,-0.05,1000,"bu","10:57:21",477400
33.85,-0.05,500,"bu","10:56:43",476400
33.85,-0.05,2500,"sd","10:56:03",475900
33.85,-0.05,800,"bu","10:55:28",473400
33.85,-0.05,400,"bu","10:55:23",472600
33.85,-0.05,1000,"bu","10:55:05",472200
33.85,-0.05,300,"bu","10:55:03",471200
33.85,-0.05,3000,"bu","10:54:15",470900
33.8,-0.1,200,"sd","10:53:36",467900
33.85,-0.05,1000,"bu","10:53:31",467700
33.85,-0.05,500,"bu","10:53:07",466700
33.85,-0.05,500,"bu","10:53:03",466200
33.85,-0.05,10000,"bu","10:52:47",465700
33.85,-0.05,500,"bu","10:52:30",455700
33.8,-0.1,2000,"sd","10:52:19",455200
33.8,-0.1,500,"sd","10:52:16",453200
33.8,-0.1,1500,"sd","10:51:18",452700
33.8,-0.1,500,"sd","10:50:30",451200
33.8,-0.1,5000,"sd","10:49:47",450700
33.85,-0.05,1000,"bu","10:49:29",445700
33.8,-0.1,1000,"sd","10:48:02",444600
33.8,-0.1,2000,"sd","10:47:52",443600
33.8,-0.1,1000,"sd","10:46:35",441600
33.8,-0.1,500,"sd","10:46:17",440600
33.85,-0.05,100,"bu","10:45:54",440100
33.8,-0.1,1000,"sd","10:45:50",440000
33.8,-0.1,500,"sd","10:45:31",439000
33.8,-0.1,900,"sd","10:45:26",438500
33.8,-0.1,500,"sd","10:44:10",437600
33.85,-0.05,4500,"bu","10:44:09",437100
33.8,-0.1,700,"sd","10:43:43",432600
33.8,-0.1,200,"sd","10:43:20",431900
33.8,-0.1,300,"bu","10:42:57",431700
33.8,-0.1,200,"bu","10:42:35",431400
33.8,-0.1,2500,"bu","10:42:32",431200
33.8,-0.1,1000,"sd","10:41:59",428700
33.85,-0.05,500,"bu","10:41:53",427700
33.85,-0.05,1000,"bu","10:41:36",427200
33.85,-0.05,1300,"bu","10:41:17",426200
33.8,-0.1,700,"bu","10:41:17",424900
33.8,-0.1,200,"bu","10:40:57",424200
33.8,-0.1,300,"bu","10:40:21",424000
33.8,-0.1,700,"bu","10:40:20",423700
33.8,-0.1,300,"sd","10:40:06",423000
33.8,-0.1,400,"bu","10:39:45",422700
33.8,-0.1,700,"bu","10:39:22",422300
33.8,-0.1,200,"sd","10:38:54",421600
33.75,-0.15,1200,"sd","10:37:50",421400
33.75,-0.15,1200,"sd","10:37:21",420200
33.8,-0.1,800,"sd","10:37:21",419000
33.85,-0.05,500,"bu","10:35:18",418200
33.85,-0.05,1000,"bu","10:34:57",417700
33.8,-0.1,200,"sd","10:34:17",416700
33.8,-0.1,100,"bu","10:34:12",416500
33.8,-0.1,3000,"bu","10:34:10",416400
33.8,-0.1,200,"bu","10:34:04",413400
33.8,-0.1,3000,"bu","10:32:29",413200
33.8,-0.1,200,"bu","10:32:23",410200
33.8,-0.1,1400,"bu","10:32:04",410000
33.8,-0.1,1500,"bu","10:32:00",408600
33.8,-0.1,2000,"bu","10:31:34",407100
33.8,-0.1,1000,"bu","10:31:13",405100
33.8,-0.1,3000,"bu","10:31:09",404100
33.8,-0.1,1000,"bu","10:30:56",401100
33.8,-0.1,200,"bu","10:30:39",400100
33.8,-0.1,2000,"bu","10:30:04",399900
33.75,-0.15,1000,"sd","10:29:49",397900
33.8,-0.1,2000,"bu","10:29:43",396900
33.75,-0.15,100,"bu","10:29:11",394900
33.75,-0.15,1900,"sd","10:28:55",394800
33.75,-0.15,500,"sd","10:28:45",392900
33.75,-0.15,500,"sd","10:28:13",392400
33.75,-0.15,2000,"sd","10:27:38",391900
33.8,-0.1,3300,"bu","10:26:42",389900
33.8,-0.1,100,"bu","10:25:57",386600
33.75,-0.15,3000,"sd","10:25:56",386500
33.8,-0.1,1000,"bu","10:25:02",383500
33.8,-0.1,1500,"sd","10:24:58",382500
33.8,-0.1,700,"sd","10:24:48",381000
33.8,-0.1,2800,"bu","10:24:33",380300
33.8,-0.1,300,"bu","10:23:35",377500
33.8,-0.1,500,"bu","10:23:26",377200
33.75,-0.15,1000,"sd","10:23:09",376700
33.75,-0.15,600,"sd","10:22:54",375700
33.75,-0.15,1000,"sd","10:22:41",375100
33.75,-0.15,1000,"sd","10:22:21",374100
33.75,-0.15,600,"sd","10:22:19",373100
33.8,-0.1,1000,"bu","10:22:12",372500
33.75,-0.15,1000,"sd","10:21:39",371500
33.8,-0.1,500,"bu","10:21:36",370500
33.8,-0.1,200,"bu","10:20:27",370000
33.75,-0.15,1000,"sd","10:20:12",369800
33.8,-0.1,4000,"bu","10:20:08",368800
33.8,-0.1,100,"bu","10:17:30",364800
33.8,-0.1,5000,"bu","10:17:17",364700
33.8,-0.1,1000,"bu","10:17:00",359700
33.8,-0.1,100,"bu","10:16:47",358700
33.8,-0.1,100,"bu","10:14:37",358600
33.8,-0.1,100,"sd","10:12:39",358500
33.8,-0.1,2500,"sd","10:12:26",358400
33.8,-0.1,1500,"sd","10:12:25",355900
33.85,-0.05,200,"bu","10:11:52",354400
33.85,-0.05,100,"bu","10:11:44",354200
33.85,-0.05,4600,"bu","10:11:27",354100
33.85,-0.05,1000,"bu","10:11:10",349500
33.85,-0.05,3600,"sd","10:11:06",348500
33.85,-0.05,10000,"sd","10:09:20",344900
33.85,-0.05,100,"sd","10:08:49",334900
33.85,-0.05,7800,"sd","10:08:45",334800
33.85,-0.05,10000,"bu","10:08:41",327000
33.8,-0.1,2200,"bu","10:08:40",317000
33.8,-0.1,300,"sd","10:07:28",314800
33.8,-0.1,100,"bu","10:07:01",314500
33.8,-0.1,300,"bu","10:06:47",314400
33.8,-0.1,100,"bu","10:06:29",314100
33.8,-0.1,500,"bu","10:06:25",314000
33.8,-0.1,300,"bu","10:06:10",313500
33.75,-0.15,100,"sd","10:05:39",313200
33.75,-0.15,200,"bu","10:05:01",313100
33.7,-0.2,300,"sd","10:03:14",312900
33.7,-0.2,100,"bu","10:02:55",312600
33.7,-0.2,100,"bu","10:02:48",312500
33.7,-0.2,100,"bu","10:02:13",312400
33.7,-0.2,300,"bu","10:02:10",312300
33.7,-0.2,29400,"sd","10:02:03",312000
33.7,-0.2,100,"sd","10:02:01",282600
33.7,-0.2,100,"sd","10:01:40",282500
33.75,-0.15,100,"bu","10:01:18",282400
33.75,-0.15,100,"bu","10:00:58",282300
33.75,-0.15,500,"bu","09:59:44",282200
33.75,-0.15,2000,"bu","09:59:41",281700
33.75,-0.15,200,"bu","09:59:08",279700
33.75,-0.15,2000,"bu","09:58:40",279500
33.75,-0.15,8700,"sd","09:57:45",277500
33.8,-0.1,1000,"bu","09:57:18",268800
33.8,-0.1,6000,"bu","09:56:37",267800
33.8,-0.1,100,"bu","09:55:31",261800
33.8,-0.1,1000,"bu","09:55:09",261700
33.8,-0.1,2100,"sd","09:55:04",260700
33.8,-0.1,700,"sd","09:54:58",258600
33.8,-0.1,400,"sd","09:54:53",257900
33.8,-0.1,1000,"sd","09:54:51",257500
33.8,-0.1,1000,"sd","09:54:47",256500
33.8,-0.1,400,"sd","09:54:45",255500
33.8,-0.1,3700,"sd","09:54:36",255100
33.8,-0.1,300,"sd","09:54:36",251400
33.8,-0.1,100,"sd","09:54:20",251100
33.85,-0.05,100,"bu","09:52:22",251000
33.85,-0.05,100,"bu","09:51:47",250900
33.85,-0.05,500,"bu","09:51:05",250800
33.85,-0.05,1800,"bu","09:50:28",250300
33.8,-0.1,200,"bu","09:50:28",248500
33.8,-0.1,900,"bu","09:50:26",248300
33.8,-0.1,400,"sd","09:49:29",247400
33.8,-0.1,100,"bu","09:49:25",247000
33.8,-0.1,400,"sd","09:49:17",246900
33.8,-0.1,100,"bu","09:48:43",246500
33.8,-0.1,100,"bu","09:48:42",246400
33.8,-0.1,100,"bu","09:48:25",246300
33.8,-0.1,1700,"sd","09:48:25",246200
33.8,-0.1,300,"bu","09:47:41",244500
33.8,-0.1,300,"bu","09:47:08",244200
33.8,-0.1,300,"bu","09:46:44",243900
33.8,-0.1,2000,"bu","09:46:41",243600
33.8,-0.1,500,"bu","09:46:21",241600
33.8,-0.1,3700,"bu","09:45:53",241100
33.75,-0.15,200,"sd","09:45:28",237400
33.8,-0.1,200,"bu","09:45:23",237200
33.8,-0.1,100,"bu","09:44:33",237000
33.8,-0.1,2000,"bu","09:44:20",236900
33.75,-0.15,400,"sd","09:44:00",234900
33.8,-0.1,1000,"bu","09:43:50",234500
33.8,-0.1,200,"bu","09:43:42",233500
33.8,-0.1,3000,"bu","09:43:39",233300
33.8,-0.1,100,"bu","09:43:35",230300
33.8,-0.1,100,"bu","09:42:22",230200
33.75,-0.15,500,"bu","09:42:10",230100
33.75,-0.15,500,"bu","09:41:59",229600
33.75,-0.15,200,"bu","09:41:50",229100
33.75,-0.15,100,"bu","09:41:47",228900
33.75,-0.15,500,"bu","09:41:42",228800
33.75,-0.15,1800,"sd","09:41:41",228300
33.75,-0.15,200,"bu","09:41:28",226500
33.75,-0.15,200,"bu","09:41:10",226300
33.75,-0.15,100,"bu","09:40:58",226100
33.75,-0.15,500,"bu","09:40:53",226000
33.75,-0.15,800,"sd","09:40:33",225500
33.75,-0.15,100,"bu","09:39:38",224700
33.7,-0.2,5000,"sd","09:39:30",224600
33.7,-0.2,200,"sd","09:38:40",219600
33.7,-0.2,300,"sd","09:38:32",219400
33.75,-0.15,100,"bu","09:37:59",219100
33.7,-0.2,4000,"sd","09:37:45",219000
33.8,-0.1,500,"bu","09:36:43",215000
33.7,-0.2,3000,"sd","09:36:43",214500
33.75,-0.15,1500,"sd","09:36:43",211500
33.8,-0.1,100,"bu","09:36:40",210000
33.8,-0.1,500,"bu","09:36:23",209900
33.75,-0.15,3000,"sd","09:36:23",209400
33.75,-0.15,100,"sd","09:36:09",206400
33.75,-0.15,200,"sd","09:35:40",206300
33.8,-0.1,300,"bu","09:35:40",206100
33.75,-0.15,3000,"sd","09:35:26",205800
33.8,-0.1,500,"bu","09:35:22",202800
33.8,-0.1,300,"bu","09:35:21",202300
33.8,-0.1,1000,"bu","09:34:33",202000
33.8,-0.1,1000,"bu","09:34:29",201000
33.8,-0.1,2200,"sd","09:34:11",200000
33.8,-0.1,500,"sd","09:33:42",197800
33.8,-0.1,1200,"sd","09:33:12",197300
33.8,-0.1,500,"sd","09:32:57",196100
33.8,-0.1,500,"sd","09:32:49",195600
33.8,-0.1,100,"sd","09:32:43",195100
33.8,-0.1,2000,"sd","09:32:18",195000
33.85,-0.05,1500,"bu","09:31:53",193000
33.85,-0.05,700,"bu","09:31:50",191500
33.85,-0.05,4200,"sd","09:31:45",190800
33.85,-0.05,1000,"sd","09:31:44",186600
33.85,-0.05,300,"sd","09:31:34",185600
33.85,-0.05,1000,"sd","09:31:27",185300
33.85,-0.05,100,"sd","09:31:22",184300
33.85,-0.05,500,"sd","09:31:18",184200
33.85,-0.05,1000,"sd","09:31:11",183700
33.85,-0.05,600,"sd","09:31:03",182700
33.85,-0.05,400,"sd","09:30:56",182100
33.85,-0.05,3000,"sd","09:30:53",181700
33.85,-0.05,100,"sd","09:30:45",178700
33.85,-0.05,200,"sd","09:30:44",178600
33.85,-0.05,1000,"sd","09:30:30",178400
33.9,0,300,"bu","09:30:00",177400
33.9,0,8200,"sd","09:29:50",177100
33.9,0,37400,"sd","09:29:50",168900
33.9,0,9800,"sd","09:29:46",131500
33.9,0,10000,"sd","09:29:32",121700
33.9,0,200,"sd","09:29:09",111700
33.9,0,4000,"sd","09:29:00",111500
33.9,0,9000,"sd","09:28:19",107500
33.9,0,100,"sd","09:28:02",98500
33.9,0,1000,"sd","09:27:49",98400
33.95,0.05,1000,"bu","09:26:45",97400
33.9,0,100,"sd","09:26:42",96400
33.95,0.05,100,"bu","09:26:29",96300
33.95,0.05,500,"bu","09:26:08",96200
33.95,0.05,1000,"bu","09:25:57",95700
33.95,0.05,1000,"bu","09:25:49",94700
33.95,0.05,1300,"bu","09:25:49",93700
33.95,0.05,300,"bu","09:25:47",92400
33.95,0.05,100,"bu","09:25:40",92100
33.95,0.05,1000,"bu","09:25:31",92000
33.95,0.05,1000,"bu","09:25:01",91000
33.9,0,1000,"sd","09:23:41",90000
33.95,0.05,2000,"bu","09:23:31",89000
33.9,0,800,"sd","09:23:30",87000
33.95,0.05,100,"bu","09:23:28",86200
33.95,0.05,5600,"sd","09:23:14",86100
34,0.1,1500,"bu","09:23:08",80500
33.95,0.05,800,"sd","09:23:02",79000
33.95,0.05,10000,"sd","09:22:58",78200
33.95,0.05,100,"sd","09:22:36",68200
33.95,0.05,1700,"sd","09:22:31",68100
33.95,0.05,1500,"sd","09:22:26",66400
33.95,0.05,10000,"sd","09:21:42",64900
33.95,0.05,800,"sd","09:21:11",54900
34,0.1,10000,"bu","09:21:10",54100
34,0.1,500,"bu","09:21:09",44100
33.95,0.05,100,"sd","09:20:11",43600
33.95,0.05,200,"sd","09:19:43",43500
34,0.1,500,"bu","09:19:33",43300
34,0.1,100,"bu","09:19:19",42800
33.95,0.05,100,"sd","09:19:16",42700
33.95,0.05,6400,"bu","09:18:32",42600
33.9,0,8400,"sd","09:18:32",36200
33.9,0,5000,"sd","09:18:31",27800
33.95,0.05,500,"bu","09:18:18",22800
33.95,0.05,100,"bu","09:17:10",22300
33.95,0.05,100,"sd","09:16:58",22200
34,0.1,500,"bu","09:16:52",22100
33.95,0.05,500,"sd","09:16:24",21600
34,0.1,100,"bu","09:16:19",21100
34,0.1,100,"bu","09:16:06",21000
34,0.1,500,"sd","09:16:01",20900
34,0.1,400,"sd","09:16:00",20400
34,0.1,2000,"sd","09:15:47",20000
34.1,0.2,18000,"","09:15:06",18000
