"price","change","match_qtty","side","time","total_vol"
31.5,-0.5,161900,"","14:45:14",2104700
31.55,-0.45,1700,"sd","14:29:44",1942800
31.55,-0.45,1200,"sd","14:29:38",1941100
31.55,-0.45,1500,"sd","14:29:29",1939900
31.6,-0.4,3800,"sd","14:29:22",1938400
31.65,-0.35,1700,"sd","14:29:22",1934600
31.65,-0.35,100,"sd","14:29:05",1932900
31.65,-0.35,100,"sd","14:29:00",1932800
31.95,-0.05,400,"bu","14:29:00",1932700
31.6,-0.4,400,"sd","14:28:50",1932300
31.95,-0.05,500,"bu","14:28:42",1931900
31.95,-0.05,6000,"bu","14:28:36",1931400
31.8,-0.2,1200,"bu","14:28:36",1925400
31.75,-0.25,200,"bu","14:28:36",1924200
31.7,-0.3,2700,"bu","14:28:36",1924000
31.65,-0.35,13900,"bu","14:28:36",1921300
31.65,-0.35,4200,"sd","14:28:33",1907400
31.65,-0.35,1300,"sd","14:28:27",1903200
31.65,-0.35,1000,"sd","14:28:21",1901900
31.65,-0.35,900,"sd","14:28:04",1900900
31.7,-0.3,500,"sd","14:28:01",1900000
31.7,-0.3,100,"bu","14:27:27",1899500
31.7,-0.3,900,"sd","14:27:22",1899400
31.7,-0.3,300,"sd","14:27:16",1898500
31.8,-0.2,300,"sd","14:27:15",1898200
31.95,-0.05,200,"bu","14:26:46",1897900
31.8,-0.2,400,"sd","14:26:30",1897700
31.95,-0.05,700,"sd","14:26:27",1897300
31.95,-0.05,300,"sd","14:26:16",1896600
32,0,1700,"bu","14:26:11",1896300
32,0,6100,"bu","14:25:55",1894600
31.95,-0.05,14400,"bu","14:25:46",1888500
31.95,-0.05,100,"bu","14:25:41",1874100
31.95,-0.05,1000,"bu","14:25:40",1874000
31.9,-0.1,400,"sd","14:25:40",1873000
31.9,-0.1,10400,"bu","14:25:38",1872600
31.85,-0.15,5000,"sd","14:25:37",1862200
31.85,-0.15,13700,"bu","14:25:30",1857200
31.8,-0.2,5000,"sd","14:25:17",1843500
31.85,-0.15,1200,"bu","14:25:13",1838500
31.8,-0.2,400,"sd","14:24:44",1837300
31.8,-0.2,100,"bu","14:24:40",1836900
31.8,-0.2,4900,"sd","14:24:35",1836800
31.8,-0.2,300,"sd","14:23:57",1831900
31.85,-0.15,1000,"bu","14:23:35",1831600
31.85,-0.15,100,"bu","14:23:25",1830600
31.8,-0.2,300,"sd","14:23:14",1830500
31.8,-0.2,22600,"bu","14:23:04",1830200
31.8,-0.2,3800,"bu","14:22:56",1807600
31.75,-0.25,4800,"bu","14:22:56",1803800
31.7,-0.3,19400,"bu","14:22:56",1799000
31.65,-0.35,100,"sd","14:22:53",1779600
31.7,-0.3,900,"bu","14:22:34",1779500
31.65,-0.35,400,"sd","14:22:31",1778600
31.7,-0.3,1000,"bu","14:22:06",1778200
31.7,-0.3,400,"bu","14:22:02",1777200
31.7,-0.3,200,"bu","14:22:02",1776800
31.65,-0.35,300,"sd","14:21:47",1776600
31.7,-0.3,1000,"bu","14:21:33",1776300
31.65,-0.35,1800,"bu","14:21:29",1775300
31.65,-0.35,2000,"bu","14:21:23",1773500
31.6,-0.4,1300,"bu","14:21:13",1771500
31.6,-0.4,5000,"bu","14:21:05",1770200
31.55,-0.45,400,"sd","14:21:03",1765200
31.55,-0.45,500,"sd","14:20:55",1764800
31.6,-0.4,500,"bu","14:20:42",1764300
31.6,-0.4,1000,"bu","14:20:27",1763800
31.55,-0.45,300,"sd","14:20:21",1762800
31.6,-0.4,1000,"bu","14:19:38",1762500
31.55,-0.45,300,"sd","14:19:36",1761500
31.55,-0.45,500,"sd","14:19:35",1761200
31.55,-0.45,600,"sd","14:19:27",1760700
31.6,-0.4,1000,"bu","14:19:26",1760100
31.55,-0.45,2000,"sd","14:19:05",1759100
31.55,-0.45,100,"sd","14:19:04",1757100
31.55,-0.45,400,"sd","14:18:51",1757000
31.55,-0.45,500,"sd","14:18:45",1756600
31.55,-0.45,300,"sd","14:18:44",1756100
31.55,-0.45,13700,"bu","14:18:36",1755800
31.55,-0.45,1000,"bu","14:18:35",1742100
31.55,-0.45,3000,"bu","14:18:34",1741100
31.55,-0.45,1000,"bu","14:18:23",1738100
31.5,-0.5,24600,"bu","14:18:16",1737100
31.45,-0.55,16700,"bu","14:18:16",1712500
31.4,-0.6,28800,"bu","14:18:16",1695800
31.35,-0.65,300,"sd","14:18:09",1667000
31.4,-0.6,2000,"bu","14:17:29",1666700
31.4,-0.6,1000,"bu","14:17:23",1664700
31.35,-0.65,400,"sd","14:17:19",1663700
31.35,-0.65,200,"sd","14:16:52",1663300
31.35,-0.65,1000,"sd","14:16:46",1663100
31.35,-0.65,300,"sd","14:16:35",1662100
31.35,-0.65,2300,"bu","14:16:31",1661800
31.3,-0.7,600,"sd","14:16:28",1659500
31.35,-0.65,3500,"bu","14:16:26",1658900
31.35,-0.65,1000,"bu","14:16:21",1655400
31.35,-0.65,200,"bu","14:16:16",1654400
31.35,-0.65,3000,"sd","14:16:15",1654200
31.35,-0.65,2000,"sd","14:16:10",1651200
31.4,-0.6,1000,"bu","14:15:54",1649200
31.3,-0.7,400,"sd","14:15:50",1648200
31.3,-0.7,100,"sd","14:15:36",1647800
31.35,-0.65,100,"sd","14:15:36",1647700
31.4,-0.6,400,"bu","14:15:36",1647600
31.4,-0.6,1000,"bu","14:15:17",1647200
31.4,-0.6,100,"bu","14:15:09",1646200
31.3,-0.7,3300,"sd","14:15:04",1646100
31.35,-0.65,13600,"sd","14:15:04",1642800
31.35,-0.65,400,"sd","14:15:03",1629200
31.4,-0.6,2200,"bu","14:14:57",1628800
31.4,-0.6,100,"sd","14:14:53",1626600
31.4,-0.6,900,"bu","14:14:49",1626500
31.4,-0.6,500,"bu","14:14:28",1625600
31.4,-0.6,1000,"bu","14:14:12",1625100
31.35,-0.65,400,"sd","14:14:08",1624100
31.4,-0.6,1200,"sd","14:14:07",1623700
31.45,-0.55,500,"bu","14:13:43",1622500
31.4,-0.6,1000,"sd","14:13:37",1622000
31.4,-0.6,300,"sd","14:13:26",1621000
31.4,-0.6,400,"sd","14:13:18",1620700
31.45,-0.55,1000,"bu","14:13:10",1620300
31.45,-0.55,100,"bu","14:12:57",1619300
31.4,-0.6,2100,"sd","14:12:54",1619200
31.4,-0.6,100,"sd","14:12:51",1617100
31.4,-0.6,500,"sd","14:12:31",1617000
31.4,-0.6,100,"sd","14:12:30",1616500
31.4,-0.6,1400,"sd","14:12:29",1616400
31.4,-0.6,400,"sd","14:12:25",1615000
31.4,-0.6,100,"sd","14:12:18",1614600
31.45,-0.55,1000,"bu","14:12:10",1614500
31.45,-0.55,200,"sd","14:11:16",1613500
31.45,-0.55,200,"sd","14:11:14",1613300
31.45,-0.55,15000,"sd","14:11:09",1613100
31.5,-0.5,1100,"bu","14:11:04",1598100
31.45,-0.55,300,"sd","14:10:48",1597000
31.5,-0.5,1000,"bu","14:10:46",1596700
31.5,-0.5,1800,"sd","14:10:36",1595700
31.5,-0.5,5000,"sd","14:10:29",1593900
31.5,-0.5,2000,"sd","14:10:23",1588900
31.5,-0.5,300,"sd","14:10:21",1586900
31.55,-0.45,1000,"bu","14:10:04",1586600
31.5,-0.5,1400,"sd","14:10:02",1585600
31.55,-0.45,2000,"bu","14:09:33",1584200
31.55,-0.45,1000,"bu","14:09:04",1582200
31.55,-0.45,300,"sd","14:08:59",1581200
31.55,-0.45,500,"sd","14:08:49",1580900
31.55,-0.45,200,"bu","14:08:45",1580400
31.55,-0.45,1000,"bu","14:08:41",1580200
31.55,-0.45,1000,"bu","14:08:32",1579200
31.5,-0.5,400,"sd","14:08:27",1578200
31.55,-0.45,1000,"bu","14:08:22",1577800
31.5,-0.5,100,"bu","14:08:04",1576800
31.5,-0.5,1000,"bu","14:08:00",1576700
31.5,-0.5,100,"bu","14:07:57",1575700
31.5,-0.5,10000,"bu","14:07:51",1575600
31.5,-0.5,1000,"bu","14:07:45",1565600
31.45,-0.55,300,"sd","14:07:44",1564600
31.5,-0.5,1000,"bu","14:07:40",1564300
31.4,-0.6,100,"sd","14:07:26",1563300
31.5,-0.5,1000,"bu","14:07:17",1563200
31.4,-0.6,200,"sd","14:07:16",1562200
31.45,-0.55,1600,"sd","14:07:16",1562000
31.45,-0.55,400,"sd","14:07:00",1560400
31.45,-0.55,600,"bu","14:06:58",1560000
31.4,-0.6,200,"sd","14:06:52",1559400
31.45,-0.55,5000,"bu","14:06:46",1559200
31.4,-0.6,1000,"bu","14:06:44",1554200
31.4,-0.6,2900,"bu","14:06:39",1553200
31.4,-0.6,100,"bu","14:06:39",1550300
31.4,-0.6,2000,"sd","14:06:33",1550200
31.4,-0.6,800,"sd","14:06:28",1548200
31.4,-0.6,200,"bu","14:06:27",1547400
31.4,-0.6,10000,"bu","14:06:22",1547200
31.35,-0.65,300,"sd","14:06:17",1537200
31.4,-0.6,5000,"bu","14:06:11",1536900
31.4,-0.6,200,"bu","14:06:10",1531900
31.4,-0.6,100,"bu","14:06:08",1531700
31.4,-0.6,1000,"bu","14:06:05",1531600
31.4,-0.6,100,"bu","14:06:02",1530600
31.35,-0.65,100,"sd","14:05:55",1530500
31.4,-0.6,1000,"bu","14:05:54",1530400
31.35,-0.65,400,"sd","14:05:35",1529400
31.35,-0.65,2800,"bu","14:05:26",1529000
31.35,-0.65,5800,"sd","14:05:12",1526200
31.35,-0.65,8700,"sd","14:05:00",1520400
31.4,-0.6,1000,"bu","14:04:54",1511700
31.35,-0.65,100,"sd","14:04:52",1510700
31.35,-0.65,300,"sd","14:04:49",1510600
31.35,-0.65,800,"sd","14:04:43",1510300
31.35,-0.65,1000,"sd","14:04:38",1509500
31.4,-0.6,200,"bu","14:04:33",1508500
31.35,-0.65,500,"sd","14:04:25",1508300
31.35,-0.65,300,"sd","14:04:01",1507800
31.35,-0.65,500,"sd","14:03:57",1507500
31.4,-0.6,1000,"bu","14:03:54",1507000
31.4,-0.6,2000,"bu","14:03:45",1506000
31.35,-0.65,700,"sd","14:03:35",1504000
31.4,-0.6,600,"sd","14:03:17",1503300
31.4,-0.6,1000,"sd","14:03:09",1502700
31.4,-0.6,400,"sd","14:03:07",1501700
31.4,-0.6,1000,"sd","14:03:02",1501300
31.45,-0.55,1000,"bu","14:02:49",1500300
31.4,-0.6,3100,"bu","14:02:46",1499300
31.4,-0.6,2000,"bu","14:02:35",1496200
31.35,-0.65,200,"sd","14:02:28",1494200
31.35,-0.65,1000,"sd","14:02:25",1494000
31.35,-0.65,400,"sd","14:02:21",1493000
31.35,-0.65,300,"sd","14:02:13",1492600
31.4,-0.6,4000,"sd","14:02:11",1492300
31.4,-0.6,10900,"sd","14:02:10",1488300
31.45,-0.55,1000,"bu","14:01:48",1477400
31.4,-0.6,4300,"sd","14:01:23",1476400
31.4,-0.6,700,"sd","14:01:22",1472100
31.4,-0.6,200,"sd","14:01:03",1471400
31.45,-0.55,10000,"bu","14:01:00",1471200
31.45,-0.55,1000,"bu","14:00:47",1461200
31.4,-0.6,2000,"sd","14:00:40",1460200
31.4,-0.6,300,"sd","14:00:37",1458200
31.45,-0.55,200,"sd","14:00:33",1457900
31.45,-0.55,4800,"bu","14:00:30",1457700
31.45,-0.55,100,"bu","14:00:21",1452900
31.45,-0.55,100,"bu","14:00:18",1452800
31.45,-0.55,4000,"bu","14:00:14",1452700
31.45,-0.55,1000,"bu","14:00:12",1448700
31.45,-0.55,500,"bu","14:00:08",1447700
31.45,-0.55,3000,"bu","14:00:01",1447200
31.4,-0.6,400,"sd","13:59:54",1444200
31.4,-0.6,1000,"sd","13:59:52",1443800
31.45,-0.55,1000,"bu","13:59:46",1442800
31.45,-0.55,5000,"bu","13:59:34",1441800
31.45,-0.55,4400,"bu","13:59:33",1436800
31.45,-0.55,1000,"bu","13:59:32",1432400
31.4,-0.6,400,"sd","13:59:31",1431400
31.4,-0.6,200,"bu","13:59:18",1431000
31.45,-0.55,100,"bu","13:59:16",1430800
31.35,-0.65,100,"sd","13:59:13",1430700
31.35,-0.65,100,"sd","13:59:10",1430600
31.4,-0.6,200,"sd","13:59:10",1430500
31.4,-0.6,9900,"bu","13:58:53",1430300
31.4,-0.6,1000,"bu","13:58:46",1420400
31.4,-0.6,1000,"bu","13:58:42",1419400
31.4,-0.6,100,"bu","13:58:41",1418400
31.4,-0.6,1700,"sd","13:58:40",1418300
31.4,-0.6,3300,"bu","13:58:37",1416600
31.4,-0.6,400,"sd","13:58:31",1413300
31.4,-0.6,4400,"sd","13:58:30",1412900
31.4,-0.6,300,"sd","13:58:22",1408500
31.4,-0.6,200,"sd","13:58:20",1408200
31.45,-0.55,13400,"sd","13:58:14",1408000
31.45,-0.55,200,"sd","13:58:07",1394600
31.45,-0.55,400,"sd","13:57:39",1394400
31.55,-0.45,800,"bu","13:57:37",1394000
31.5,-0.5,200,"bu","13:57:37",1393200
31.5,-0.5,4800,"sd","13:57:37",1393000
31.5,-0.5,200,"sd","13:57:13",1388200
31.5,-0.5,200,"sd","13:57:08",1388000
31.5,-0.5,1200,"bu","13:56:59",1387800
31.45,-0.55,300,"sd","13:56:57",1386600
31.5,-0.5,1000,"bu","13:56:53",1386300
31.5,-0.5,1100,"sd","13:56:42",1385300
31.5,-0.5,900,"bu","13:56:36",1384200
31.5,-0.5,1000,"bu","13:56:36",1383300
31.5,-0.5,100,"bu","13:56:35",1382300
31.5,-0.5,1000,"bu","13:56:16",1382200
31.5,-0.5,1000,"bu","13:56:09",1381200
31.5,-0.5,5000,"bu","13:55:54",1380200
31.5,-0.5,1300,"bu","13:55:46",1375200
31.5,-0.5,1400,"bu","13:55:42",1373900
31.45,-0.55,1500,"bu","13:55:29",1372500
31.4,-0.6,300,"sd","13:55:25",1371000
31.45,-0.55,500,"bu","13:55:15",1370700
31.45,-0.55,2000,"bu","13:55:08",1370200
31.4,-0.6,1500,"bu","13:55:03",1368200
31.4,-0.6,5000,"bu","13:54:48",1366700
31.35,-0.65,300,"sd","13:54:45",1361700
31.35,-0.65,300,"bu","13:54:39",1361400
31.25,-0.75,500,"bu","13:54:20",1361100
31.25,-0.75,1700,"sd","13:54:19",1360600
31.3,-0.7,1200,"sd","13:54:19",1358900
31.35,-0.65,600,"sd","13:54:19",1357700
31.35,-0.65,400,"bu","13:54:17",1357100
31.35,-0.65,600,"bu","13:54:07",1356700
31.3,-0.7,1600,"bu","13:54:07",1356100
31.25,-0.75,700,"sd","13:54:01",1354500
31.25,-0.75,200,"sd","13:53:43",1353800
31.3,-0.7,1000,"bu","13:53:35",1353500
31.3,-0.7,2000,"bu","13:53:26",1352500
31.3,-0.7,100,"sd","13:53:23",1350500
31.3,-0.7,300,"sd","13:53:14",1350400
31.3,-0.7,2600,"bu","13:53:00",1350100
31.2,-0.8,2000,"sd","13:52:47",1347500
31.2,-0.8,3200,"sd","13:52:44",1345500
31.2,-0.8,900,"bu","13:52:41",1342300
31.2,-0.8,1000,"bu","13:52:36",1341400
31.15,-0.85,1000,"sd","13:52:31",1340400
31.2,-0.8,6500,"bu","13:52:27",1339400
31.2,-0.8,2000,"bu","13:52:24",1332900
31.2,-0.8,2000,"bu","13:52:16",1330900
31.2,-0.8,5000,"bu","13:52:10",1328900
31.2,-0.8,100,"bu","13:52:08",1323900
31.2,-0.8,1000,"bu","13:52:04",1323800
31.2,-0.8,5000,"bu","13:51:58",1322800
31.2,-0.8,1100,"sd","13:51:57",1317800
31.25,-0.75,2200,"sd","13:51:57",1316700
31.25,-0.75,2800,"bu","13:51:48",1314500
31.2,-0.8,300,"sd","13:51:47",1311700
31.25,-0.75,9400,"bu","13:51:38",1311400
31.2,-0.8,2600,"bu","13:51:38",1302000
31.2,-0.8,2000,"bu","13:51:37",1299400
31.15,-0.85,200,"sd","13:51:37",1297400
31.15,-0.85,1200,"sd","13:51:33",1297200
31.2,-0.8,1000,"bu","13:51:33",1296000
31.2,-0.8,3900,"sd","13:51:30",1295000
31.2,-0.8,500,"sd","13:51:28",1291100
31.2,-0.8,500,"sd","13:51:23",1290600
31.2,-0.8,2000,"sd","13:51:21",1290100
31.25,-0.75,6000,"bu","13:51:19",1288100
31.2,-0.8,400,"sd","13:51:19",1282100
31.2,-0.8,1500,"sd","13:51:10",1281700
31.2,-0.8,1200,"bu","13:51:09",1280200
31.15,-0.85,300,"sd","13:51:06",1279000
31.15,-0.85,1600,"sd","13:51:05",1278700
31.15,-0.85,400,"sd","13:51:04",1277100
31.15,-0.85,500,"sd","13:51:03",1276700
31.15,-0.85,400,"sd","13:50:56",1276200
31.2,-0.8,1000,"bu","13:50:50",1275800
31.15,-0.85,1200,"sd","13:50:46",1273800
31.2,-0.8,2000,"sd","13:50:44",1272600
31.2,-0.8,100,"sd","13:50:43",1270600
31.2,-0.8,700,"sd","13:50:42",1270500
31.25,-0.75,1000,"bu","13:50:42",1269800
31.2,-0.8,2400,"sd","13:50:41",1268800
31.2,-0.8,400,"sd","13:50:18",1266400
31.2,-0.8,1000,"sd","13:50:15",1266000
31.2,-0.8,1800,"sd","13:50:09",1265000
31.25,-0.75,5000,"bu","13:50:07",1263200
31.25,-0.75,5000,"bu","13:50:06",1258200
31.2,-0.8,100,"sd","13:50:04",1253200
31.2,-0.8,100,"sd","13:50:04",1253100
31.2,-0.8,1600,"sd","13:49:58",1253000
31.2,-0.8,200,"sd","13:49:48",1251400
31.25,-0.75,3600,"sd","13:49:48",1251200
31.25,-0.75,5000,"sd","13:49:46",1247600
31.25,-0.75,6000,"sd","13:49:44",1242600
31.25,-0.75,1700,"sd","13:49:36",1236600
31.25,-0.75,200,"sd","13:49:30",1234900
31.3,-0.7,1000,"bu","13:49:29",1234700
31.3,-0.7,300,"sd","13:49:06",1233700
31.3,-0.7,600,"sd","13:49:05",1233400
31.3,-0.7,500,"sd","13:48:55",1232800
31.3,-0.7,23300,"sd","13:48:47",1232300
31.35,-0.65,6700,"sd","13:48:47",1209000
31.35,-0.65,3100,"sd","13:48:47",1202300
31.35,-0.65,200,"sd","13:48:45",1199200
31.35,-0.65,1500,"sd","13:48:41",1199000
31.35,-0.65,400,"sd","13:48:41",1197500
31.35,-0.65,500,"sd","13:48:29",1197100
31.4,-0.6,1000,"bu","13:48:25",1196600
31.4,-0.6,100,"bu","13:48:05",1195600
31.35,-0.65,800,"sd","13:48:01",1195500
31.35,-0.65,300,"sd","13:47:59",1194700
31.4,-0.6,3700,"sd","13:47:47",1194400
31.4,-0.6,2000,"sd","13:47:45",1190700
31.4,-0.6,8000,"sd","13:47:41",1188700
31.4,-0.6,6000,"sd","13:47:37",1180700
31.45,-0.55,1000,"bu","13:47:20",1174700
31.4,-0.6,300,"sd","13:47:08",1173700
31.4,-0.6,400,"sd","13:46:24",1173400
31.45,-0.55,1000,"bu","13:46:17",1173000
31.45,-0.55,3000,"sd","13:46:09",1172000
31.45,-0.55,2500,"sd","13:46:07",1169000
31.45,-0.55,500,"sd","13:46:00",1166500
31.4,-0.6,300,"sd","13:45:37",1166000
31.5,-0.5,1000,"bu","13:45:13",1165700
31.4,-0.6,200,"sd","13:44:59",1164700
31.4,-0.6,400,"sd","13:44:56",1164500
31.4,-0.6,300,"sd","13:44:12",1164100
31.5,-0.5,1000,"bu","13:44:08",1163800
31.5,-0.5,200,"bu","13:43:50",1162800
31.45,-0.55,1700,"bu","13:43:46",1162600
31.35,-0.65,400,"sd","13:43:26",1160900
31.35,-0.65,100,"sd","13:43:16",1160500
31.4,-0.6,500,"sd","13:43:16",1160400
31.4,-0.6,100,"sd","13:43:07",1159900
31.4,-0.6,400,"bu","13:43:05",1159800
31.35,-0.65,300,"sd","13:42:57",1159400
31.4,-0.6,7000,"bu","13:42:56",1159100
31.35,-0.65,100,"sd","13:42:47",1152100
31.35,-0.65,300,"sd","13:42:41",1152000
31.4,-0.6,500,"bu","13:42:31",1151700
31.4,-0.6,1000,"bu","13:42:04",1151200
31.35,-0.65,700,"sd","13:42:02",1150200
31.35,-0.65,10000,"sd","13:41:57",1149500
31.35,-0.65,400,"sd","13:41:53",1139500
31.4,-0.6,600,"bu","13:41:20",1139100
31.35,-0.65,300,"sd","13:41:11",1138500
31.45,-0.55,1000,"bu","13:41:04",1138200
31.45,-0.55,1800,"bu","13:41:00",1137200
31.4,-0.6,200,"bu","13:41:00",1135400
31.4,-0.6,2500,"bu","13:40:57",1135200
31.4,-0.6,12600,"sd","13:40:56",1132700
31.4,-0.6,10000,"sd","13:40:48",1120100
31.4,-0.6,200,"sd","13:40:35",1110100
31.4,-0.6,300,"sd","13:40:29",1109900
31.45,-0.55,100,"bu","13:40:12",1109600
31.45,-0.55,6900,"sd","13:40:09",1109500
31.45,-0.55,10000,"sd","13:40:05",1102600
31.5,-0.5,1000,"bu","13:40:03",1092600
31.45,-0.55,400,"sd","13:39:47",1091600
31.45,-0.55,500,"sd","13:39:37",1091200
31.45,-0.55,100,"sd","13:39:20",1090700
31.45,-0.55,400,"sd","13:39:02",1090600
31.5,-0.5,100,"sd","13:38:58",1090200
31.5,-0.5,1000,"bu","13:38:57",1090100
31.45,-0.55,5000,"sd","13:38:48",1089100
31.45,-0.55,300,"sd","13:38:08",1084100
31.45,-0.55,500,"sd","13:38:06",1083800
31.5,-0.5,1500,"sd","13:38:06",1083300
31.5,-0.5,500,"bu","13:38:03",1081800
31.5,-0.5,1000,"bu","13:37:57",1081300
31.5,-0.5,100,"bu","13:37:53",1080300
31.5,-0.5,1100,"bu","13:37:49",1080200
31.45,-0.55,2000,"sd","13:37:45",1079100
31.45,-0.55,1100,"sd","13:37:40",1077100
31.5,-0.5,100,"bu","13:37:34",1076000
31.55,-0.45,1000,"bu","13:36:57",1075900
31.45,-0.55,200,"sd","13:36:42",1074900
31.5,-0.5,200,"sd","13:36:42",1074700
31.5,-0.5,10000,"sd","13:36:28",1074500
31.5,-0.5,200,"sd","13:36:13",1064500
31.55,-0.45,1000,"bu","13:36:06",1064300
31.5,-0.5,300,"sd","13:35:59",1063300
31.55,-0.45,1000,"bu","13:35:55",1063000
31.5,-0.5,3900,"sd","13:35:47",1062000
31.6,-0.4,700,"bu","13:35:26",1058100
31.5,-0.5,100,"sd","13:35:17",1057400
31.55,-0.45,200,"sd","13:35:17",1057300
31.5,-0.5,400,"sd","13:34:56",1057100
31.55,-0.45,1000,"bu","13:34:53",1056700
31.5,-0.5,300,"sd","13:34:35",1055700
31.55,-0.45,5000,"bu","13:34:27",1055400
31.55,-0.45,2000,"sd","13:34:17",1050400
31.55,-0.45,300,"sd","13:34:16",1048400
31.6,-0.4,200,"bu","13:34:15",1048100
31.55,-0.45,400,"sd","13:33:53",1047900
31.6,-0.4,1000,"bu","13:33:52",1047500
31.6,-0.4,100,"bu","13:33:46",1046500
31.55,-0.45,300,"sd","13:33:04",1046400
31.6,-0.4,1000,"bu","13:32:48",1046100
31.6,-0.4,10000,"bu","13:32:47",1045100
31.5,-0.5,300,"sd","13:32:22",1035100
31.55,-0.45,100,"sd","13:32:22",1034800
31.55,-0.45,200,"sd","13:31:50",1034700
31.6,-0.4,1000,"bu","13:31:44",1034500
31.55,-0.45,5000,"sd","13:31:38",1033500
31.55,-0.45,300,"sd","13:31:37",1028500
31.6,-0.4,100,"bu","13:31:32",1028200
31.55,-0.45,8300,"bu","13:31:10",1028100
31.55,-0.45,400,"bu","13:31:00",1019800
31.5,-0.5,300,"sd","13:30:55",1019400
31.55,-0.45,100,"bu","13:30:49",1019100
31.55,-0.45,2000,"bu","13:30:48",1019000
31.55,-0.45,3200,"bu","13:30:44",1017000
31.55,-0.45,1000,"bu","13:30:39",1013800
31.45,-0.55,2000,"bu","13:30:15",1012800
31.4,-0.6,300,"sd","13:30:11",1010800
31.45,-0.55,100,"sd","13:30:11",1010500
31.4,-0.6,1000,"sd","13:29:44",1010400
31.45,-0.55,1000,"sd","13:29:44",1009400
31.55,-0.45,500,"sd","13:29:44",1008400
31.55,-0.45,500,"bu","13:29:35",1007900
31.45,-0.55,1100,"bu","13:29:26",1007400
31.45,-0.55,200,"bu","13:29:25",1006300
31.45,-0.55,1000,"bu","13:29:24",1006100
31.45,-0.55,200,"bu","13:29:19",1005100
31.45,-0.55,200,"bu","13:29:11",1004900
31.45,-0.55,300,"bu","13:29:00",1004700
31.35,-0.65,2000,"sd","13:29:00",1004400
31.35,-0.65,300,"sd","13:28:59",1002400
31.4,-0.6,7600,"sd","13:28:59",1002100
31.45,-0.55,14900,"sd","13:28:59",994500
31.5,-0.5,5000,"sd","13:28:59",979600
31.55,-0.45,2200,"sd","13:28:59",974600
31.6,-0.4,200,"bu","13:28:57",972400
31.6,-0.4,5000,"bu","13:28:56",972200
31.6,-0.4,2200,"bu","13:28:52",967200
31.55,-0.45,19000,"bu","13:28:49",965000
31.5,-0.5,300,"sd","13:28:46",946000
31.55,-0.45,1000,"bu","13:28:32",945700
31.5,-0.5,18200,"bu","13:28:28",944700
31.5,-0.5,5000,"bu","13:28:16",926500
31.45,-0.55,100,"sd","13:28:07",921500
31.45,-0.55,400,"sd","13:28:04",921400
31.45,-0.55,11000,"bu","13:27:48",921000
31.45,-0.55,6700,"sd","13:27:40",910000
31.5,-0.5,500,"bu","13:27:38",903300
31.45,-0.55,300,"sd","13:27:38",902800
31.45,-0.55,100,"sd","13:27:35",902500
31.5,-0.5,700,"bu","13:27:33",902400
31.45,-0.55,5000,"sd","13:27:31",901700
31.45,-0.55,300,"sd","13:27:27",896700
31.45,-0.55,1000,"sd","13:27:26",896400
31.5,-0.5,1100,"bu","13:27:26",895400
31.45,-0.55,300,"sd","13:27:22",894300
31.5,-0.5,1000,"bu","13:27:07",894000
31.5,-0.5,2000,"bu","13:27:00",893000
31.5,-0.5,6000,"sd","13:26:45",891000
31.5,-0.5,5100,"sd","13:26:44",885000
31.5,-0.5,100,"sd","13:26:40",879900
31.5,-0.5,300,"sd","13:26:38",879800
31.55,-0.45,7000,"bu","13:26:34",879500
31.5,-0.5,3700,"sd","13:26:27",872500
31.55,-0.45,2000,"bu","13:26:26",868800
31.55,-0.45,500,"sd","13:26:22",866800
31.55,-0.45,500,"bu","13:26:21",866300
31.6,-0.4,10700,"bu","13:26:17",865800
31.55,-0.45,1300,"bu","13:26:17",855100
31.55,-0.45,8700,"sd","13:26:14",853800
31.55,-0.45,300,"sd","13:26:07",845100
31.55,-0.45,1000,"sd","13:26:05",844800
31.6,-0.4,2200,"bu","13:25:56",843800
31.55,-0.45,400,"sd","13:25:54",841600
31.6,-0.4,5000,"bu","13:25:50",841200
31.55,-0.45,1600,"bu","13:25:25",836200
31.55,-0.45,2500,"bu","13:25:19",834600
31.5,-0.5,2000,"sd","13:25:15",832100
31.5,-0.5,1000,"sd","13:25:13",830100
31.5,-0.5,300,"sd","13:25:11",829100
31.5,-0.5,400,"sd","13:25:03",828800
31.55,-0.45,2000,"bu","13:24:49",828400
31.55,-0.45,1300,"sd","13:24:36",826400
31.6,-0.4,3000,"bu","13:24:36",825100
31.55,-0.45,9000,"sd","13:24:29",822100
31.55,-0.45,300,"sd","13:24:26",813100
31.55,-0.45,5000,"sd","13:24:23",812800
31.55,-0.45,100,"sd","13:24:17",807800
31.6,-0.4,1100,"bu","13:24:13",807700
31.6,-0.4,1000,"bu","13:24:07",806600
31.55,-0.45,300,"sd","13:23:52",805600
31.55,-0.45,400,"sd","13:23:42",805300
31.55,-0.45,100,"sd","13:23:41",804900
31.6,-0.4,100,"bu","13:23:30",804800
31.6,-0.4,5000,"sd","13:23:24",804700
31.65,-0.35,1100,"bu","13:23:09",799700
31.55,-0.45,300,"sd","13:23:08",798600
31.6,-0.4,100,"sd","13:23:00",798300
31.6,-0.4,3400,"bu","13:22:57",798200
31.55,-0.45,400,"sd","13:22:56",794800
31.6,-0.4,6400,"sd","13:22:28",794400
31.6,-0.4,7500,"sd","13:22:20",788000
31.6,-0.4,300,"sd","13:22:07",780500
31.65,-0.35,1000,"bu","13:22:03",780200
31.65,-0.35,700,"sd","13:21:51",779200
31.65,-0.35,300,"sd","13:21:23",778500
31.7,-0.3,1100,"bu","13:20:57",778200
31.6,-0.4,400,"sd","13:20:41",777100
31.6,-0.4,100,"sd","13:19:59",776700
31.65,-0.35,200,"sd","13:19:59",776600
31.65,-0.35,1800,"sd","13:19:55",776400
31.7,-0.3,1000,"bu","13:19:54",774600
31.65,-0.35,2800,"sd","13:19:39",773600
31.65,-0.35,5000,"sd","13:19:35",770800
31.65,-0.35,200,"sd","13:19:31",765800
31.65,-0.35,5000,"sd","13:19:19",765600
31.65,-0.35,300,"sd","13:19:16",760600
31.7,-0.3,1000,"sd","13:18:58",760300
31.7,-0.3,9000,"bu","13:18:54",759300
31.7,-0.3,1000,"bu","13:18:50",750300
31.65,-0.35,300,"sd","13:18:42",749300
31.65,-0.35,300,"sd","13:18:34",749000
31.7,-0.3,6000,"bu","13:18:27",748700
31.7,-0.3,2000,"bu","13:18:16",742700
31.7,-0.3,100,"bu","13:17:56",740700
31.65,-0.35,400,"sd","13:17:52",740600
31.7,-0.3,1900,"sd","13:17:51",740200
31.75,-0.25,1000,"bu","13:17:50",738300
31.7,-0.3,8100,"bu","13:17:29",737300
31.65,-0.35,200,"sd","13:17:16",729200
31.65,-0.35,300,"sd","13:17:10",729000
31.7,-0.3,1900,"sd","13:17:10",728700
31.7,-0.3,1000,"bu","13:16:47",726800
31.7,-0.3,10000,"bu","13:16:38",725800
31.65,-0.35,100,"sd","13:16:29",715800
31.65,-0.35,300,"sd","13:16:28",715700
31.65,-0.35,400,"sd","13:15:46",715400
31.7,-0.3,1100,"bu","13:15:41",715000
31.7,-0.3,1000,"bu","13:15:06",713900
31.65,-0.35,300,"sd","13:15:00",712900
31.7,-0.3,8000,"bu","13:14:59",712600
31.7,-0.3,1100,"bu","13:14:37",704600
31.65,-0.35,300,"sd","13:14:19",703500
31.65,-0.35,300,"sd","13:14:19",703200
31.7,-0.3,1000,"sd","13:14:02",702900
31.7,-0.3,2000,"sd","13:14:01",701900
31.65,-0.35,300,"sd","13:13:36",699900
31.75,-0.25,1000,"bu","13:13:36",699600
31.65,-0.35,1400,"bu","13:13:10",698600
31.65,-0.35,200,"bu","13:12:59",697200
31.65,-0.35,200,"bu","13:12:58",697000
31.65,-0.35,100,"bu","13:12:57",696800
31.65,-0.35,5100,"sd","13:12:56",696700
31.65,-0.35,400,"sd","13:12:54",691600
31.65,-0.35,4500,"bu","13:12:36",691200
31.6,-0.4,6500,"sd","13:12:35",686700
31.65,-0.35,1000,"bu","13:12:31",680200
31.65,-0.35,100,"bu","13:12:23",679200
31.65,-0.35,700,"sd","13:12:16",679100
31.75,-0.25,100,"bu","13:12:16",678400
31.65,-0.35,300,"sd","13:12:12",678300
31.65,-0.35,400,"sd","13:11:54",678000
31.65,-0.35,10000,"sd","13:11:40",677600
31.65,-0.35,300,"sd","13:11:30",667600
31.75,-0.25,1000,"bu","13:11:28",667300
31.65,-0.35,200,"sd","13:10:48",666300
31.7,-0.3,100,"sd","13:10:48",666100
31.65,-0.35,1000,"sd","13:10:40",666000
31.75,-0.25,1000,"bu","13:10:24",665000
31.65,-0.35,9000,"sd","13:10:19",664000
31.7,-0.3,1000,"sd","13:10:19",655000
31.65,-0.35,400,"sd","13:10:05",654000
31.65,-0.35,300,"sd","13:09:57",653600
31.65,-0.35,200,"sd","13:09:42",653300
31.65,-0.35,1900,"sd","13:09:30",653100
31.7,-0.3,600,"sd","13:09:30",651200
31.7,-0.3,1100,"sd","13:09:29",650600
31.7,-0.3,8900,"bu","13:09:26",649500
31.7,-0.3,1000,"bu","13:09:22",640600
31.65,-0.35,300,"sd","13:09:22",639600
31.7,-0.3,2000,"sd","13:09:02",639300
31.7,-0.3,100,"sd","13:08:53",637300
31.7,-0.3,1900,"bu","13:08:49",637200
31.65,-0.35,300,"sd","13:08:39",635300
31.65,-0.35,1000,"sd","13:08:28",635000
31.7,-0.3,1000,"bu","13:08:22",634000
31.7,-0.3,1000,"bu","13:08:18",633000
31.7,-0.3,100,"bu","13:08:17",632000
31.7,-0.3,200,"bu","13:08:08",631900
31.7,-0.3,1000,"bu","13:07:59",631700
31.65,-0.35,400,"sd","13:07:57",630700
31.7,-0.3,1100,"bu","13:07:52",630300
31.7,-0.3,7000,"bu","13:07:49",629200
31.7,-0.3,100,"bu","13:07:39",622200
31.65,-0.35,2000,"sd","13:07:20",622100
31.65,-0.35,300,"sd","13:07:13",620100
31.7,-0.3,1100,"bu","13:07:12",619800
31.7,-0.3,100,"bu","13:07:01",618700
31.7,-0.3,100,"bu","13:06:31",618600
31.65,-0.35,300,"sd","13:06:29",618500
31.7,-0.3,1000,"bu","13:06:09",618200
31.65,-0.35,400,"bu","13:06:00",617200
31.65,-0.35,1000,"bu","13:05:52",616800
31.65,-0.35,2600,"sd","13:05:51",615800
31.65,-0.35,400,"sd","13:05:45",613200
31.65,-0.35,2000,"bu","13:05:43",612800
31.65,-0.35,500,"bu","13:05:38",610800
31.6,-0.4,300,"sd","13:05:34",610300
31.65,-0.35,500,"bu","13:05:31",610000
31.65,-0.35,3000,"bu","13:05:28",609500
31.65,-0.35,1000,"bu","13:05:08",606500
31.6,-0.4,400,"sd","13:05:02",605500
31.65,-0.35,100,"bu","13:05:02",605100
31.65,-0.35,100,"bu","13:05:00",605000
31.65,-0.35,800,"bu","13:04:46",604900
31.65,-0.35,2700,"sd","13:04:37",604100
31.65,-0.35,300,"sd","13:04:13",601400
31.7,-0.3,100,"bu","13:04:10",601100
31.7,-0.3,1000,"bu","13:04:08",601000
31.65,-0.35,400,"sd","13:03:31",600000
31.65,-0.35,300,"sd","13:03:25",599600
31.65,-0.35,200,"sd","13:03:20",599300
31.65,-0.35,200,"bu","13:03:04",599100
31.65,-0.35,900,"bu","13:02:50",598900
31.65,-0.35,900,"sd","13:02:50",598000
31.65,-0.35,500,"sd","13:02:46",597100
31.65,-0.35,300,"sd","13:02:40",596600
31.65,-0.35,2000,"sd","13:02:37",596300
31.65,-0.35,100,"sd","13:02:33",594300
31.65,-0.35,800,"sd","13:02:32",594200
31.65,-0.35,1000,"sd","13:02:18",593400
31.65,-0.35,10000,"sd","13:02:03",592400
31.7,-0.3,1000,"bu","13:02:02",582400
31.65,-0.35,500,"sd","13:01:58",581400
31.65,-0.35,300,"sd","13:01:57",580900
31.65,-0.35,500,"sd","13:01:56",580600
31.65,-0.35,500,"sd","13:01:45",580100
31.65,-0.35,2500,"sd","13:01:19",579600
31.65,-0.35,400,"sd","13:01:14",577100
31.65,-0.35,300,"sd","13:01:11",576700
31.7,-0.3,1000,"bu","13:01:03",576400
31.65,-0.35,1000,"sd","13:01:03",575400
31.65,-0.35,400,"sd","13:00:59",574400
31.7,-0.3,2800,"sd","13:00:57",574000
31.7,-0.3,4900,"sd","13:00:54",571200
31.75,-0.25,500,"bu","13:00:19",566300
31.75,-0.25,1500,"bu","13:00:17",565800
31.75,-0.25,900,"bu","13:00:07",564300
31.75,-0.25,8200,"sd","13:00:07",563400
31.75,-0.25,500,"sd","11:29:39",555200
31.75,-0.25,500,"sd","11:29:32",554700
31.75,-0.25,400,"sd","11:29:31",554200
31.75,-0.25,2000,"sd","11:29:25",553800
31.75,-0.25,1000,"sd","11:29:20",551800
31.75,-0.25,100,"sd","11:29:01",550800
31.8,-0.2,600,"sd","11:28:50",550700
31.8,-0.2,300,"sd","11:28:47",550100
31.9,-0.1,600,"bu","11:28:29",549800
31.8,-0.2,400,"sd","11:28:26",549200
31.8,-0.2,7000,"sd","11:28:25",548800
31.9,-0.1,1900,"bu","11:28:24",541800
31.8,-0.2,300,"sd","11:28:05",539900
31.9,-0.1,1000,"bu","11:27:27",539600
31.8,-0.2,400,"sd","11:27:21",538600
31.8,-0.2,3200,"sd","11:27:15",538200
31.8,-0.2,300,"sd","11:26:49",535000
31.8,-0.2,200,"sd","11:26:42",534700
31.8,-0.2,300,"sd","11:26:37",534500
31.9,-0.1,1000,"bu","11:26:24",534200
31.9,-0.1,5000,"bu","11:26:21",533200
31.8,-0.2,300,"sd","11:25:52",528200
31.9,-0.1,1000,"bu","11:25:20",527900
31.8,-0.2,400,"sd","11:25:10",526900
31.8,-0.2,300,"sd","11:24:28",526500
31.9,-0.1,1000,"bu","11:24:18",526200
31.8,-0.2,300,"sd","11:23:43",525200
31.9,-0.1,1000,"bu","11:23:14",524900
31.85,-0.15,900,"sd","11:23:14",523900
31.8,-0.2,300,"sd","11:23:02",523000
31.8,-0.2,300,"sd","11:22:26",522700
31.8,-0.2,400,"sd","11:22:20",522400
31.9,-0.1,1000,"bu","11:22:11",522000
31.85,-0.15,2000,"sd","11:21:49",521000
31.8,-0.2,300,"sd","11:21:36",519000
31.9,-0.1,1000,"bu","11:21:06",518700
31.8,-0.2,300,"sd","11:20:53",517700
31.8,-0.2,400,"sd","11:20:10",517400
31.9,-0.1,1100,"bu","11:20:01",517000
31.85,-0.15,500,"sd","11:19:42",515900
31.85,-0.15,500,"sd","11:19:30",515400
31.85,-0.15,300,"sd","11:19:25",514900
31.85,-0.15,400,"sd","11:19:19",514600
31.9,-0.1,1000,"bu","11:18:57",514200
31.85,-0.15,400,"sd","11:18:44",513200
31.85,-0.15,1000,"sd","11:18:23",512800
31.85,-0.15,300,"sd","11:18:04",511800
31.85,-0.15,300,"sd","11:17:59",511500
31.9,-0.1,1000,"bu","11:17:55",511200
31.85,-0.15,1000,"sd","11:17:30",510200
31.85,-0.15,300,"sd","11:17:16",509200
31.9,-0.1,1000,"bu","11:16:53",508900
31.85,-0.15,300,"sd","11:16:33",507900
31.85,-0.15,200,"sd","11:16:18",507600
31.9,-0.1,1000,"bu","11:15:53",507400
31.85,-0.15,400,"sd","11:15:50",506400
31.85,-0.15,300,"sd","11:15:06",506000
31.95,-0.05,1000,"bu","11:14:53",505700
31.85,-0.15,300,"sd","11:14:25",504700
31.95,-0.05,1000,"bu","11:13:52",504400
31.85,-0.15,400,"sd","11:13:43",503400
31.85,-0.15,300,"sd","11:13:42",503000
31.85,-0.15,1300,"sd","11:13:15",502700
31.9,-0.1,300,"sd","11:13:00",501400
31.95,-0.05,1100,"bu","11:12:45",501100
31.9,-0.1,300,"sd","11:12:18",500000
31.9,-0.1,500,"sd","11:12:13",499700
31.9,-0.1,200,"sd","11:11:59",499200
31.95,-0.05,1000,"bu","11:11:40",499000
31.85,-0.15,200,"sd","11:11:35",498000
31.9,-0.1,200,"sd","11:11:35",497800
31.9,-0.1,300,"sd","11:10:51",497600
31.95,-0.05,1000,"bu","11:10:35",497300
31.95,-0.05,800,"bu","11:10:17",496300
31.85,-0.15,300,"sd","11:10:06",495500
31.95,-0.05,1000,"bu","11:09:31",495200
31.9,-0.1,300,"sd","11:09:24",494200
31.9,-0.1,300,"sd","11:09:19",493900
31.9,-0.1,400,"sd","11:08:42",493600
31.95,-0.05,1000,"bu","11:08:27",493200
31.85,-0.15,300,"sd","11:07:59",492200
31.95,-0.05,10000,"bu","11:07:56",491900
31.9,-0.1,500,"sd","11:07:46",481900
31.95,-0.05,1000,"bu","11:07:22",481400
31.85,-0.15,300,"sd","11:07:18",480400
31.85,-0.15,400,"sd","11:06:36",480100
31.85,-0.15,14700,"sd","11:06:27",479700
31.9,-0.1,22300,"sd","11:06:27",465000
32,0,1000,"bu","11:06:19",442700
31.9,-0.1,300,"sd","11:05:51",441700
31.95,-0.05,400,"sd","11:05:50",441400
31.95,-0.05,1600,"bu","11:05:27",441000
31.95,-0.05,1000,"bu","11:05:18",439400
31.9,-0.1,300,"sd","11:05:07",438400
31.9,-0.1,300,"sd","11:04:56",438100
31.95,-0.05,7400,"sd","11:04:30",437800
31.95,-0.05,400,"sd","11:04:25",430400
32,0,1000,"bu","11:04:16",430000
31.95,-0.05,300,"sd","11:03:43",429000
31.95,-0.05,100,"sd","11:03:30",428700
32,0,1000,"bu","11:03:14",428600
31.95,-0.05,300,"sd","11:03:01",427600
31.95,-0.05,1000,"sd","11:03:00",427300
31.95,-0.05,300,"sd","11:02:19",426300
32.05,0.05,1000,"bu","11:02:12",426000
31.95,-0.05,300,"sd","11:01:37",425000
32,0,500,"sd","11:01:20",424700
32.05,0.05,1000,"bu","11:01:09",424200
31.95,-0.05,400,"sd","11:00:56",423200
31.95,-0.05,300,"sd","11:00:34",422800
32,0,500,"sd","11:00:22",422500
31.95,-0.05,300,"sd","11:00:13",422000
32,0,1000,"bu","11:00:09",421700
32,0,1000,"bu","10:59:44",420700
32,0,500,"bu","10:59:38",419700
31.95,-0.05,400,"sd","10:59:29",419200
32,0,1000,"bu","10:59:08",418800
32,0,100,"bu","10:59:02",417800
32,0,500,"bu","10:58:53",417700
31.95,-0.05,300,"sd","10:58:41",417200
32,0,1000,"bu","10:58:06",416900
31.95,-0.05,100,"sd","10:58:04",415900
31.95,-0.05,300,"sd","10:57:56",415800
31.95,-0.05,400,"sd","10:57:14",415500
32,0,1000,"bu","10:57:04",415100
31.95,-0.05,400,"sd","10:56:22",414100
31.95,-0.05,300,"sd","10:56:11",413700
32,0,1000,"bu","10:55:59",413400
31.95,-0.05,300,"sd","10:55:40",412400
31.95,-0.05,100,"sd","10:55:06",412100
32,0,1000,"bu","10:54:58",412000
31.95,-0.05,400,"sd","10:54:58",411000
31.95,-0.05,300,"sd","10:54:10",410600
32,0,1000,"bu","10:53:55",410300
31.95,-0.05,300,"sd","10:53:29",409300
31.9,-0.1,500,"sd","10:53:06",409000
32,0,1000,"bu","10:52:53",408500
31.9,-0.1,400,"sd","10:52:42",407500
31.95,-0.05,4000,"bu","10:52:18",407100
31.95,-0.05,100,"bu","10:52:00",403100
31.9,-0.1,300,"sd","10:51:57",403000
31.95,-0.05,1000,"bu","10:51:53",402700
31.9,-0.1,300,"sd","10:51:48",401700
31.9,-0.1,400,"sd","10:51:13",401400
31.95,-0.05,1000,"bu","10:50:52",401000
31.95,-0.05,300,"bu","10:50:42",400000
31.9,-0.1,300,"sd","10:50:31",399700
31.95,-0.05,8200,"sd","10:50:29",399400
31.95,-0.05,2000,"sd","10:49:53",391200
32,0,1000,"bu","10:49:51",389200
31.95,-0.05,300,"sd","10:49:49",388200
32,0,6500,"bu","10:49:49",387900
31.95,-0.05,300,"sd","10:49:08",381400
32,0,1000,"bu","10:48:49",381100
31.95,-0.05,400,"sd","10:48:25",380100
32,0,1000,"bu","10:48:12",379700
32,0,10000,"bu","10:48:06",378700
32,0,1000,"bu","10:47:48",368700
31.95,-0.05,200,"sd","10:47:43",367700
31.95,-0.05,300,"sd","10:47:42",367500
31.95,-0.05,300,"sd","10:47:26",367200
31.95,-0.05,300,"sd","10:46:58",366900
32,0,1000,"bu","10:46:48",366600
32,0,100,"bu","10:46:42",365600
31.95,-0.05,7500,"sd","10:46:41",365500
31.95,-0.05,300,"sd","10:46:16",358000
32,0,500,"bu","10:45:58",357700
32,0,1100,"bu","10:45:43",357200
31.95,-0.05,400,"sd","10:45:34",356100
31.95,-0.05,6700,"sd","10:45:33",355700
31.95,-0.05,400,"bu","10:45:16",349000
31.95,-0.05,13000,"bu","10:45:09",348600
31.9,-0.1,300,"sd","10:44:51",335600
31.95,-0.05,1000,"bu","10:44:40",335300
31.9,-0.1,300,"sd","10:44:09",334300
31.95,-0.05,1000,"bu","10:43:36",334000
31.9,-0.1,400,"sd","10:43:28",333000
31.9,-0.1,5200,"sd","10:43:03",332600
31.9,-0.1,300,"sd","10:43:02",327400
31.9,-0.1,300,"sd","10:42:40",327100
31.95,-0.05,1000,"bu","10:42:33",326800
31.95,-0.05,100,"bu","10:42:29",325800
31.9,-0.1,400,"sd","10:41:55",325700
31.9,-0.1,1600,"sd","10:41:38",325300
31.9,-0.1,300,"sd","10:41:12",323700
31.9,-0.1,300,"sd","10:40:29",323400
31.9,-0.1,3700,"bu","10:40:11",323100
31.9,-0.1,3000,"bu","10:40:00",319400
31.9,-0.1,100,"bu","10:39:49",316400
31.85,-0.15,300,"sd","10:39:47",316300
31.9,-0.1,6100,"bu","10:39:41",316000
31.9,-0.1,5100,"sd","10:39:18",309900
31.9,-0.1,400,"sd","10:39:05",304800
31.9,-0.1,300,"sd","10:38:39",304400
31.9,-0.1,200,"sd","10:38:24",304100
31.95,-0.05,100,"sd","10:38:24",303900
31.95,-0.05,300,"sd","10:37:41",303800
31.95,-0.05,600,"bu","10:37:24",303500
31.9,-0.1,1100,"bu","10:37:13",302900
31.9,-0.1,2500,"sd","10:37:08",301800
31.9,-0.1,400,"sd","10:36:56",299300
31.9,-0.1,3200,"sd","10:36:21",298900
31.9,-0.1,300,"sd","10:36:12",295700
31.95,-0.05,200,"bu","10:35:56",295400
31.9,-0.1,400,"sd","10:35:26",295200
31.9,-0.1,400,"sd","10:34:33",294800
31.9,-0.1,300,"sd","10:34:18",294400
31.95,-0.05,100,"bu","10:34:15",294100
31.9,-0.1,300,"sd","10:33:50",294000
31.9,-0.1,400,"sd","10:33:30",293700
31.9,-0.1,300,"sd","10:33:08",293300
31.9,-0.1,400,"sd","10:32:24",293000
31.9,-0.1,300,"sd","10:31:38",292600
31.9,-0.1,400,"sd","10:30:53",292300
31.9,-0.1,300,"sd","10:30:08",291900
31.9,-0.1,300,"sd","10:29:55",291600
31.9,-0.1,100,"sd","10:29:30",291300
31.9,-0.1,300,"sd","10:29:25",291200
31.9,-0.1,2200,"bu","10:28:40",290900
31.9,-0.1,3000,"bu","10:28:24",288700
31.85,-0.15,400,"sd","10:28:01",285700
31.9,-0.1,2000,"bu","10:27:30",285300
31.85,-0.15,300,"sd","10:27:09",283300
31.85,-0.15,300,"sd","10:26:25",283000
31.9,-0.1,2300,"sd","10:26:15",282700
31.9,-0.1,500,"sd","10:25:46",280400
31.9,-0.1,400,"sd","10:25:44",279900
31.9,-0.1,300,"sd","10:25:32",279500
31.9,-0.1,5000,"sd","10:25:11",279200
31.9,-0.1,300,"sd","10:24:54",274200
31.9,-0.1,400,"sd","10:24:12",273900
31.9,-0.1,3200,"sd","10:23:57",273500
31.9,-0.1,300,"sd","10:23:30",270300
31.9,-0.1,300,"sd","10:22:48",270000
31.9,-0.1,300,"sd","10:22:06",269700
31.95,-0.05,500,"sd","10:21:31",269400
31.95,-0.05,300,"sd","10:21:24",268900
31.95,-0.05,300,"sd","10:21:10",268600
31.95,-0.05,400,"sd","10:20:41",268300
31.9,-0.1,300,"sd","10:19:55",267900
31.95,-0.05,1700,"sd","10:19:35",267600
31.95,-0.05,400,"sd","10:19:11",265900
31.95,-0.05,500,"sd","10:18:51",265500
31.95,-0.05,300,"sd","10:18:29",265000
31.95,-0.05,3200,"sd","10:18:26",264700
31.95,-0.05,1000,"sd","10:18:15",261500
31.95,-0.05,1500,"sd","10:17:46",260500
31.95,-0.05,1000,"sd","10:17:21",259000
31.95,-0.05,200,"sd","10:17:14",258000
31.95,-0.05,300,"sd","10:17:03",257800
31.95,-0.05,300,"sd","10:16:47",257500
31.95,-0.05,400,"sd","10:16:21",257200
31.95,-0.05,200,"sd","10:15:58",256800
31.95,-0.05,300,"sd","10:15:40",256600
31.95,-0.05,300,"sd","10:14:56",256300
31.95,-0.05,400,"sd","10:14:12",256000
31.95,-0.05,300,"sd","10:13:31",255600
31.95,-0.05,100,"sd","10:13:05",255300
31.95,-0.05,400,"sd","10:12:54",255200
31.95,-0.05,300,"sd","10:12:46",254800
31.95,-0.05,600,"sd","10:12:43",254500
31.95,-0.05,300,"sd","10:12:24",253900
31.95,-0.05,400,"sd","10:12:04",253600
31.95,-0.05,1000,"sd","10:11:51",253200
31.95,-0.05,300,"sd","10:11:22",252200
31.95,-0.05,800,"sd","10:11:19",251900
31.95,-0.05,1000,"sd","10:11:02",251100
32,0,1500,"bu","10:10:58",250100
31.95,-0.05,300,"sd","10:10:41",248600
31.95,-0.05,400,"sd","10:09:56",248300
32,0,1300,"sd","10:09:20",247900
32,0,300,"sd","10:09:16",246600
32,0,300,"sd","10:09:08",246300
32,0,400,"sd","10:08:27",246000
32,0,300,"sd","10:08:02",245600
32,0,200,"sd","10:07:56",245300
32.1,0.1,1000,"bu","10:07:55",245100
32,0,300,"sd","10:07:41",244100
32,0,1000,"sd","10:07:19",243800
32,0,400,"sd","10:06:59",242800
32,0,100,"sd","10:06:41",242400
32,0,1900,"bu","10:06:38",242300
32,0,100,"sd","10:06:34",240400
32,0,1000,"sd","10:06:33",240300
32,0,300,"sd","10:06:10",239300
32,0,300,"sd","10:05:26",239000
32,0,2800,"bu","10:05:10",238700
32,0,2000,"bu","10:05:03",235900
32,0,5000,"bu","10:04:55",233900
31.95,-0.05,400,"sd","10:04:44",228900
31.95,-0.05,800,"bu","10:04:20",228500
31.9,-0.1,300,"sd","10:04:01",227700
31.9,-0.1,200,"sd","10:03:39",227400
31.9,-0.1,100,"sd","10:03:38",227200
31.95,-0.05,200,"sd","10:02:35",227100
31.95,-0.05,400,"sd","10:02:32",226900
31.95,-0.05,400,"bu","10:02:19",226500
31.9,-0.1,200,"sd","10:02:07",226100
31.9,-0.1,300,"bu","10:01:27",225900
31.85,-0.15,300,"sd","10:01:06",225600
31.85,-0.15,400,"sd","10:00:23",225300
31.85,-0.15,300,"sd","09:59:16",224900
31.85,-0.15,300,"sd","09:58:58",224600
31.9,-0.1,1000,"sd","09:58:48",224300
31.85,-0.15,300,"sd","09:58:17",223300
31.9,-0.1,100,"sd","09:58:17",223000
31.9,-0.1,900,"bu","09:58:13",222900
31.85,-0.15,100,"sd","09:58:00",222000
31.85,-0.15,100,"sd","09:57:55",221900
31.85,-0.15,200,"sd","09:57:28",221800
31.9,-0.1,300,"sd","09:57:15",221600
31.9,-0.1,200,"bu","09:57:10",221300
31.9,-0.1,800,"sd","09:57:06",221100
31.9,-0.1,1000,"sd","09:56:57",220300
31.9,-0.1,500,"sd","09:56:54",219300
31.9,-0.1,300,"sd","09:56:39",218800
31.9,-0.1,3900,"sd","09:56:32",218500
31.9,-0.1,400,"sd","09:55:54",214600
31.9,-0.1,300,"sd","09:55:09",214200
31.9,-0.1,300,"sd","09:54:54",213900
31.9,-0.1,300,"sd","09:54:51",213600
31.9,-0.1,300,"sd","09:54:26",213300
31.9,-0.1,2000,"sd","09:54:26",213000
31.9,-0.1,3000,"sd","09:54:19",211000
31.9,-0.1,300,"sd","09:53:44",208000
31.9,-0.1,300,"sd","09:53:37",207700
32,0,100,"bu","09:53:07",207400
31.9,-0.1,400,"sd","09:53:00",207300
32,0,100,"bu","09:52:34",206900
31.9,-0.1,100,"sd","09:52:18",206800
31.95,-0.05,200,"sd","09:52:18",206700
31.95,-0.05,300,"sd","09:51:37",206500
31.95,-0.05,1000,"bu","09:51:11",206200
31.9,-0.1,3200,"sd","09:50:48",205200
31.9,-0.1,300,"sd","09:50:31",202000
31.95,-0.05,4400,"sd","09:50:19",201700
31.95,-0.05,300,"sd","09:50:10",197300
32,0,300,"bu","09:49:39",197000
31.95,-0.05,300,"sd","09:49:27",196700
32,0,600,"bu","09:49:05",196400
32,0,10000,"bu","09:48:51",195800
31.95,-0.05,400,"sd","09:48:44",185800
31.95,-0.05,2500,"sd","09:48:24",185400
31.95,-0.05,5000,"sd","09:48:06",182900
31.95,-0.05,300,"sd","09:48:00",177900
32,0,200,"bu","09:47:26",177600
32,0,100,"bu","09:47:21",177400
31.95,-0.05,300,"sd","09:47:18",177300
32,0,500,"bu","09:46:33",177000
31.95,-0.05,400,"sd","09:46:33",176500
32,0,900,"bu","09:46:22",176100
32,0,500,"bu","09:46:18",175200
31.95,-0.05,300,"sd","09:46:08",174700
31.95,-0.05,300,"sd","09:45:50",174400
32,0,8800,"sd","09:45:49",174100
32,0,400,"sd","09:45:06",165300
32,0,300,"sd","09:44:20",164900
32.1,0.1,100,"bu","09:44:00",164600
32,0,300,"sd","09:43:33",164500
31.95,-0.05,400,"sd","09:42:51",164200
32.1,0.1,200,"bu","09:42:41",163800
32.05,0.05,100,"bu","09:42:41",163600
31.95,-0.05,9300,"sd","09:42:15",163500
32,0,700,"sd","09:42:15",154200
32,0,300,"bu","09:42:12",153500
32,0,400,"bu","09:42:11",153200
32,0,2000,"bu","09:42:06",152800
32,0,1000,"bu","09:42:00",150800
32,0,2200,"bu","09:41:59",149800
32,0,100,"bu","09:41:54",147600
31.95,-0.05,300,"sd","09:41:46",147500
32,0,3000,"bu","09:41:40",147200
31.95,-0.05,100,"sd","09:41:27",144200
31.95,-0.05,200,"sd","09:41:27",144100
31.95,-0.05,300,"sd","09:40:46",143900
31.95,-0.05,100,"sd","09:40:28",143600
32,0,200,"bu","09:40:27",143500
31.95,-0.05,200,"sd","09:40:22",143300
31.95,-0.05,400,"sd","09:40:03",143100
31.95,-0.05,100,"sd","09:40:00",142700
31.95,-0.05,300,"sd","09:39:21",142600
32,0,200,"bu","09:38:41",142300
31.95,-0.05,300,"sd","09:38:40",142100
32,0,1000,"bu","09:38:23",141800
32,0,400,"bu","09:38:00",140800
31.95,-0.05,300,"sd","09:37:58",140400
31.95,-0.05,300,"sd","09:37:22",140100
31.95,-0.05,400,"sd","09:37:16",139800
31.95,-0.05,100,"sd","09:37:00",139400
32,0,100,"bu","09:36:53",139300
32,0,600,"sd","09:36:32",139200
32,0,300,"sd","09:36:31",138600
32,0,200,"sd","09:36:25",138300
32,0,100,"sd","09:36:20",138100
32,0,800,"bu","09:36:12",138000
32,0,1200,"sd","09:36:09",137200
32,0,1000,"sd","09:36:09",136000
32,0,300,"sd","09:35:49",135000
32,0,2500,"sd","09:35:30",134700
32,0,20000,"sd","09:35:05",132200
32,0,400,"sd","09:35:04",112200
32.05,0.05,1000,"bu","09:34:50",111800
32,0,300,"sd","09:34:19",110800
32,0,300,"sd","09:33:37",110500
32.05,0.05,500,"bu","09:33:20",110200
32.05,0.05,13500,"sd","09:33:19",109700
32.1,0.1,2900,"sd","09:33:06",96200
32.1,0.1,300,"sd","09:33:00",93300
32.1,0.1,100,"sd","09:32:53",93000
32.15,0.15,300,"sd","09:32:53",92900
32.2,0.2,1000,"bu","09:32:44",92600
32.15,0.15,700,"bu","09:32:20",91600
32.15,0.15,100,"bu","09:32:18",90900
32.2,0.2,600,"bu","09:31:54",90800
32.1,0.1,300,"sd","09:31:29",90200
32.1,0.1,4900,"sd","09:30:57",89900
32.2,0.2,5400,"sd","09:30:57",85000
32.2,0.2,300,"sd","09:30:47",79600
32.2,0.2,400,"sd","09:30:05",79300
32.2,0.2,100,"sd","09:30:01",78900
32.2,0.2,500,"sd","09:29:45",78800
32.2,0.2,300,"sd","09:29:21",78300
32.2,0.2,100,"sd","09:29:00",78000
32.2,0.2,300,"sd","09:28:38",77900
32.1,0.1,900,"bu","09:28:37",77600
32.05,0.05,400,"sd","09:28:35",76700
32.1,0.1,8500,"sd","09:28:28",76300
32.15,0.15,1000,"sd","09:28:28",67800
32.15,0.15,7600,"sd","09:28:21",66800
32.2,0.2,2400,"sd","09:28:21",59200
32.2,0.2,400,"sd","09:28:18",56800
32.2,0.2,300,"sd","09:27:53",56400
32.2,0.2,1000,"sd","09:26:48",56100
32.2,0.2,2100,"bu","09:26:36",55100
32.15,0.15,300,"sd","09:26:23",53000
32.15,0.15,300,"sd","09:25:42",52700
32.15,0.15,5000,"sd","09:25:29",52400
32.2,0.2,2800,"sd","09:25:24",47400
32.25,0.25,100,"sd","09:25:24",44600
32.25,0.25,400,"sd","09:24:55",44500
32.3,0.3,1400,"sd","09:24:19",44100
32.3,0.3,300,"sd","09:24:15",42700
32.3,0.3,300,"sd","09:24:10",42400
32.25,0.25,1000,"sd","09:24:03",42100
32.25,0.25,5000,"sd","09:23:59",41100
32.25,0.25,300,"sd","09:23:27",36100
32.4,0.4,800,"bu","09:22:59",35800
32.4,0.4,5000,"bu","09:22:10",35000
32.4,0.4,1000,"bu","09:21:37",30000
32.4,0.4,2500,"bu","09:21:28",29000
32.35,0.35,2500,"bu","09:21:28",26500
32.35,0.35,500,"bu","09:21:08",24000
32.25,0.25,9000,"bu","09:20:42",23500
32.2,0.2,200,"bu","09:20:42",14500
32.25,0.25,1000,"bu","09:20:25",14300
32.2,0.2,1000,"bu","09:20:06",13300
32.2,0.2,300,"sd","09:19:52",12300
32.15,0.15,100,"sd","09:19:14",12000
32.25,0.25,900,"sd","09:19:14",11900
32.25,0.25,100,"bu","09:19:06",11000
32.15,0.15,100,"sd","09:18:19",10900
32.15,0.15,200,"sd","09:18:15",10800
32.1,0.1,100,"sd","09:16:42",10600
32.05,0.05,300,"sd","09:15:30",10500
32.45,0.45,10200,"","09:15:06",10200
