"price","change","match_qtty","side","time","total_vol"
13.9,-0.2,180200,"","14:45:14",2972200
13.95,-0.15,1000,"sd","14:29:50",2792000
14,-0.1,2000,"bu","14:29:48",2791000
14,-0.1,400,"bu","14:29:32",2789000
14,-0.1,20000,"bu","14:29:22",2788600
14,-0.1,1000,"bu","14:29:20",2768600
14,-0.1,2000,"sd","14:28:26",2767600
14,-0.1,5500,"sd","14:28:11",2765600
14,-0.1,2000,"sd","14:28:08",2760100
14,-0.1,100,"sd","14:28:05",2758100
14,-0.1,2800,"sd","14:28:04",2758000
14,-0.1,300,"sd","14:28:01",2755200
14.05,-0.05,4000,"bu","14:27:49",2754900
14.05,-0.05,200,"bu","14:27:31",2750900
14.05,-0.05,100,"bu","14:27:23",2750700
14.05,-0.05,3700,"sd","14:27:21",2750600
14.05,-0.05,800,"sd","14:27:18",2746900
14.05,-0.05,14500,"bu","14:27:09",2746100
14.05,-0.05,3900,"sd","14:26:51",2731600
14.05,-0.05,200,"sd","14:26:46",2727700
14.05,-0.05,7000,"sd","14:26:43",2727500
14.05,-0.05,1800,"sd","14:26:28",2720500
14.1,0,10000,"bu","14:26:23",2718700
14.05,-0.05,15000,"sd","14:26:15",2708700
14.1,0,100,"bu","14:25:25",2693700
14.05,-0.05,500,"sd","14:25:18",2693600
14.1,0,100,"bu","14:25:13",2693100
14.05,-0.05,21800,"bu","14:24:56",2693000
14,-0.1,100,"sd","14:24:38",2671200
14,-0.1,10000,"sd","14:24:18",2671100
14.05,-0.05,100,"bu","14:24:03",2661100
14,-0.1,200,"sd","14:23:36",2661000
14.05,-0.05,100,"bu","14:23:25",2660800
14,-0.1,100,"sd","14:23:18",2660700
14,-0.1,300,"bu","14:23:10",2660600
14,-0.1,100,"bu","14:23:06",2660300
14,-0.1,9600,"sd","14:22:59",2660200
14.05,-0.05,500,"bu","14:22:35",2650600
14.05,-0.05,500,"bu","14:22:30",2650100
14.05,-0.05,400,"bu","14:22:02",2649600
14,-0.1,10600,"bu","14:21:46",2649200
14,-0.1,100,"bu","14:20:55",2638600
13.95,-0.15,1000,"sd","14:20:44",2638500
13.95,-0.15,100,"sd","14:20:16",2637500
13.95,-0.15,1600,"bu","14:20:10",2637400
13.95,-0.15,500,"bu","14:19:23",2635800
13.95,-0.15,100,"bu","14:18:36",2635300
13.95,-0.15,100,"bu","14:18:23",2635200
13.95,-0.15,300,"sd","14:18:22",2635100
13.95,-0.15,200,"bu","14:18:10",2634800
13.95,-0.15,500,"bu","14:18:08",2634600
13.95,-0.15,100,"bu","14:16:46",2634100
13.9,-0.2,500,"sd","14:16:29",2634000
13.9,-0.2,4900,"bu","14:16:19",2633500
13.9,-0.2,400,"bu","14:16:10",2628600
13.9,-0.2,1400,"bu","14:14:58",2628200
13.9,-0.2,700,"sd","14:14:31",2626800
13.9,-0.2,2100,"bu","14:14:17",2626100
13.85,-0.25,100,"sd","14:13:43",2624000
13.85,-0.25,1000,"sd","14:13:36",2623900
13.9,-0.2,1000,"bu","14:13:27",2622900
13.85,-0.25,100,"bu","14:13:10",2621900
13.9,-0.2,3000,"bu","14:13:06",2621800
13.9,-0.2,500,"bu","14:12:44",2618800
13.9,-0.2,3400,"sd","14:12:29",2618300
13.9,-0.2,5000,"sd","14:12:28",2614900
13.95,-0.15,1400,"bu","14:10:44",2609900
13.9,-0.2,2000,"sd","14:10:42",2608500
13.95,-0.15,500,"bu","14:10:21",2606500
13.95,-0.15,500,"bu","14:10:12",2606000
13.95,-0.15,100,"bu","14:10:01",2605500
13.95,-0.15,100,"bu","14:09:51",2605400
13.95,-0.15,5000,"bu","14:09:35",2605300
13.95,-0.15,3000,"bu","14:09:31",2600300
13.95,-0.15,400,"bu","14:09:28",2597300
13.95,-0.15,500,"bu","14:09:19",2596900
13.95,-0.15,200,"bu","14:09:12",2596400
13.95,-0.15,2000,"bu","14:09:06",2596200
13.95,-0.15,100,"bu","14:08:48",2594200
13.9,-0.2,900,"bu","14:08:23",2594100
13.9,-0.2,100,"bu","14:08:18",2593200
13.9,-0.2,200,"bu","14:08:08",2593100
13.9,-0.2,10000,"bu","14:08:03",2592900
13.9,-0.2,100,"bu","14:07:46",2582900
13.8,-0.3,7100,"bu","14:06:14",2582800
13.8,-0.3,1000,"bu","14:06:13",2575700
13.8,-0.3,100,"bu","14:06:11",2574700
13.8,-0.3,800,"bu","14:06:10",2574600
13.8,-0.3,2000,"bu","14:06:08",2573800
13.8,-0.3,13000,"bu","14:06:05",2571800
13.8,-0.3,1300,"bu","14:06:03",2558800
13.8,-0.3,2000,"bu","14:06:01",2557500
13.8,-0.3,1000,"bu","14:05:58",2555500
13.8,-0.3,300,"bu","14:05:53",2554500
13.8,-0.3,100,"bu","14:05:52",2554200
13.8,-0.3,1500,"bu","14:05:47",2554100
13.8,-0.3,1000,"bu","14:05:46",2552600
13.8,-0.3,1000,"bu","14:05:30",2551600
13.8,-0.3,2000,"bu","14:05:27",2550600
13.8,-0.3,100,"bu","14:05:20",2548600
13.8,-0.3,2000,"bu","14:05:17",2548500
13.8,-0.3,5000,"bu","14:04:49",2546500
13.8,-0.3,100,"bu","14:04:38",2541500
13.8,-0.3,5000,"bu","14:04:37",2541400
13.75,-0.35,18000,"sd","14:04:22",2536400
13.8,-0.3,2000,"bu","14:03:46",2518400
13.8,-0.3,800,"bu","14:03:35",2516400
13.8,-0.3,3600,"sd","14:03:24",2515600
13.8,-0.3,2000,"sd","14:02:56",2512000
13.85,-0.25,8000,"sd","14:02:56",2510000
13.8,-0.3,5100,"sd","14:02:47",2502000
13.8,-0.3,4900,"sd","14:02:47",2496900
13.85,-0.25,1200,"bu","14:02:44",2492000
13.8,-0.3,10000,"sd","14:02:15",2490800
13.8,-0.3,500,"sd","14:02:13",2480800
13.8,-0.3,700,"sd","14:01:43",2480300
13.85,-0.25,300,"bu","14:00:52",2479600
13.85,-0.25,7600,"sd","14:00:47",2479300
13.85,-0.25,5000,"sd","14:00:39",2471700
13.85,-0.25,900,"sd","14:00:27",2466700
13.85,-0.25,1000,"sd","14:00:03",2465800
13.85,-0.25,700,"sd","14:00:02",2464800
13.85,-0.25,7500,"sd","13:59:50",2464100
13.9,-0.2,15000,"bu","13:59:49",2456600
13.9,-0.2,5400,"bu","13:59:48",2441600
13.85,-0.25,300,"sd","13:59:44",2436200
13.9,-0.2,1000,"bu","13:59:37",2435900
13.9,-0.2,4800,"sd","13:59:36",2434900
13.9,-0.2,2000,"sd","13:59:35",2430100
13.95,-0.15,200,"bu","13:59:28",2428100
13.9,-0.2,5000,"sd","13:59:23",2427900
13.95,-0.15,5000,"bu","13:59:21",2422900
13.95,-0.15,500,"bu","13:58:33",2417900
13.95,-0.15,300,"bu","13:57:47",2417400
14,-0.1,10300,"bu","13:57:24",2417100
13.95,-0.15,29700,"bu","13:57:24",2406800
13.9,-0.2,500,"sd","13:57:12",2377100
13.9,-0.2,3500,"bu","13:56:35",2376600
13.9,-0.2,500,"bu","13:56:22",2373100
13.9,-0.2,2000,"bu","13:56:21",2372600
13.9,-0.2,5000,"bu","13:56:18",2370600
13.9,-0.2,200,"bu","13:56:15",2365600
13.85,-0.25,500,"bu","13:54:46",2365400
13.85,-0.25,1000,"bu","13:54:38",2364900
13.85,-0.25,500,"bu","13:54:34",2363900
13.85,-0.25,100,"bu","13:54:31",2363400
13.8,-0.3,31200,"bu","13:54:15",2363300
13.8,-0.3,100,"bu","13:54:12",2332100
13.8,-0.3,1400,"bu","13:54:08",2332000
13.75,-0.35,1000,"sd","13:53:58",2330600
13.75,-0.35,500,"sd","13:53:56",2329600
13.75,-0.35,2000,"sd","13:53:51",2329100
13.8,-0.3,100,"bu","13:53:48",2327100
13.75,-0.35,1000,"sd","13:53:31",2327000
13.75,-0.35,3300,"bu","13:53:12",2326000
13.75,-0.35,200,"bu","13:53:05",2322700
13.75,-0.35,500,"bu","13:53:04",2322500
13.75,-0.35,1000,"bu","13:53:00",2322000
13.8,-0.3,1500,"bu","13:52:52",2321000
13.7,-0.4,1000,"sd","13:52:52",2319500
13.7,-0.4,6700,"sd","13:52:36",2318500
13.75,-0.35,5000,"bu","13:52:36",2311800
13.75,-0.35,5300,"bu","13:52:29",2306800
13.75,-0.35,100,"bu","13:52:24",2301500
13.7,-0.4,10000,"sd","13:52:22",2301400
13.75,-0.35,4400,"bu","13:52:22",2291400
13.7,-0.4,100,"sd","13:52:12",2287000
13.75,-0.35,5000,"bu","13:52:12",2286900
13.75,-0.35,1100,"bu","13:52:09",2281900
13.75,-0.35,2000,"bu","13:52:05",2280800
13.75,-0.35,500,"bu","13:51:59",2278800
13.75,-0.35,200,"bu","13:51:47",2278300
13.75,-0.35,100,"bu","13:51:46",2278100
13.75,-0.35,300,"bu","13:51:43",2278000
13.75,-0.35,1000,"bu","13:51:42",2277700
13.75,-0.35,100,"bu","13:51:30",2276700
13.75,-0.35,100,"bu","13:51:24",2276600
13.75,-0.35,100,"bu","13:51:10",2276500
13.7,-0.4,200,"sd","13:51:08",2276400
13.75,-0.35,500,"bu","13:51:04",2276200
13.7,-0.4,16000,"sd","13:51:04",2275700
13.7,-0.4,4500,"sd","13:51:03",2259700
13.7,-0.4,2000,"sd","13:50:50",2255200
13.7,-0.4,500,"sd","13:50:47",2253200
13.7,-0.4,6600,"sd","13:50:44",2252700
13.75,-0.35,1000,"bu","13:50:41",2246100
13.75,-0.35,300,"bu","13:50:41",2245100
13.75,-0.35,12000,"sd","13:50:36",2244800
13.75,-0.35,2100,"sd","13:50:16",2232800
13.75,-0.35,300,"sd","13:50:10",2230700
13.75,-0.35,600,"sd","13:49:57",2230400
13.8,-0.3,9900,"sd","13:49:49",2229800
13.8,-0.3,90900,"sd","13:49:31",2219900
13.85,-0.25,900,"sd","13:49:26",2129000
13.85,-0.25,1000,"sd","13:49:13",2128100
13.85,-0.25,900,"sd","13:49:06",2127100
13.85,-0.25,600,"bu","13:48:46",2126200
13.85,-0.25,400,"sd","13:48:45",2125600
13.85,-0.25,5200,"sd","13:48:36",2125200
13.85,-0.25,1200,"sd","13:48:23",2120000
13.85,-0.25,2700,"sd","13:48:19",2118800
13.9,-0.2,500,"bu","13:48:09",2116100
13.9,-0.2,200,"bu","13:47:57",2115600
13.85,-0.25,42000,"sd","13:47:57",2115400
13.85,-0.25,2000,"sd","13:47:27",2073400
13.9,-0.2,100,"bu","13:46:54",2071400
13.9,-0.2,8000,"bu","13:46:52",2071300
13.9,-0.2,6400,"bu","13:46:44",2063300
13.9,-0.2,500,"bu","13:46:42",2056900
13.9,-0.2,500,"bu","13:46:32",2056400
13.9,-0.2,200,"bu","13:46:04",2055900
13.9,-0.2,500,"bu","13:45:54",2055700
13.9,-0.2,100,"bu","13:45:51",2055200
13.9,-0.2,200,"bu","13:45:33",2055100
13.9,-0.2,80700,"sd","13:45:29",2054900
13.95,-0.15,2000,"bu","13:44:49",1974200
13.9,-0.2,4700,"sd","13:44:43",1972200
13.9,-0.2,200,"sd","13:44:15",1967500
13.95,-0.15,600,"bu","13:43:50",1967300
13.95,-0.15,100,"bu","13:43:42",1966700
13.9,-0.2,5000,"sd","13:43:41",1966600
13.95,-0.15,100,"bu","13:42:52",1961600
13.95,-0.15,2300,"sd","13:42:38",1961500
13.95,-0.15,3000,"sd","13:42:33",1959200
13.95,-0.15,100,"sd","13:42:17",1956200
13.95,-0.15,200,"bu","13:42:02",1956100
13.95,-0.15,100,"bu","13:42:00",1955900
13.95,-0.15,200,"bu","13:41:56",1955800
13.95,-0.15,500,"bu","13:41:40",1955600
13.9,-0.2,2000,"sd","13:41:22",1955100
13.95,-0.15,100,"bu","13:41:05",1953100
13.95,-0.15,1700,"sd","13:41:01",1953000
13.95,-0.15,900,"sd","13:41:00",1951300
14,-0.1,100,"bu","13:40:51",1950400
13.95,-0.15,7000,"sd","13:40:44",1950300
13.95,-0.15,500,"sd","13:40:29",1943300
13.95,-0.15,1400,"bu","13:39:37",1942800
13.95,-0.15,2000,"bu","13:39:29",1941400
13.95,-0.15,2000,"bu","13:39:15",1939400
13.95,-0.15,100,"bu","13:38:57",1937400
13.95,-0.15,100,"bu","13:38:54",1937300
13.95,-0.15,100,"bu","13:38:52",1937200
13.95,-0.15,2300,"sd","13:38:52",1937100
13.95,-0.15,20000,"sd","13:38:46",1934800
14,-0.1,600,"bu","13:38:31",1914800
13.95,-0.15,20000,"sd","13:38:27",1914200
14,-0.1,100,"bu","13:38:06",1894200
14,-0.1,300,"sd","13:37:54",1894100
14,-0.1,1200,"sd","13:37:49",1893800
14,-0.1,500,"sd","13:37:46",1892600
14,-0.1,2000,"sd","13:37:26",1892100
14,-0.1,2000,"sd","13:37:17",1890100
14,-0.1,5000,"sd","13:36:46",1888100
14,-0.1,1000,"sd","13:35:33",1883100
14,-0.1,600,"sd","13:35:30",1882100
14,-0.1,500,"sd","13:34:54",1881500
14,-0.1,100,"sd","13:33:40",1881000
14,-0.1,1000,"sd","13:33:38",1880900
14,-0.1,6000,"sd","13:33:28",1879900
14.05,-0.05,100,"bu","13:33:09",1873900
14,-0.1,10700,"sd","13:32:54",1873800
14,-0.1,7000,"sd","13:32:34",1863100
14.05,-0.05,3200,"bu","13:32:28",1856100
14.05,-0.05,6200,"sd","13:32:13",1852900
14.05,-0.05,2500,"bu","13:29:30",1846700
14.05,-0.05,10000,"bu","13:29:12",1844200
14.05,-0.05,1400,"bu","13:28:52",1834200
14,-0.1,500,"sd","13:28:48",1832800
14,-0.1,100,"sd","13:28:45",1832300
14,-0.1,300,"sd","13:28:27",1832200
14,-0.1,4200,"bu","13:28:19",1831900
14,-0.1,5000,"bu","13:28:15",1827700
14,-0.1,1000,"bu","13:28:14",1822700
14,-0.1,10000,"bu","13:28:08",1821700
14,-0.1,500,"bu","13:27:52",1811700
14,-0.1,6000,"bu","13:27:47",1811200
14,-0.1,20000,"bu","13:27:40",1805200
14,-0.1,1000,"bu","13:27:38",1785200
13.95,-0.15,4000,"sd","13:27:28",1784200
14,-0.1,300,"bu","13:27:26",1780200
13.95,-0.15,1000,"sd","13:27:23",1779900
13.95,-0.15,5000,"sd","13:27:15",1778900
13.95,-0.15,10000,"sd","13:26:51",1773900
13.95,-0.15,500,"sd","13:26:36",1763900
14,-0.1,500,"bu","13:26:34",1763400
13.95,-0.15,1000,"sd","13:26:33",1762900
14,-0.1,100,"bu","13:25:58",1761900
14,-0.1,1400,"bu","13:25:56",1761800
14,-0.1,5000,"bu","13:25:37",1760400
14,-0.1,8900,"sd","13:24:45",1755400
14,-0.1,600,"sd","13:24:27",1746500
14,-0.1,100,"sd","13:24:23",1745900
14,-0.1,3700,"sd","13:24:20",1745800
14,-0.1,3300,"bu","13:24:01",1742100
14,-0.1,100,"bu","13:23:47",1738800
14,-0.1,200,"bu","13:23:35",1738700
14,-0.1,100,"bu","13:23:35",1738500
14,-0.1,100,"bu","13:23:30",1738400
14,-0.1,500,"bu","13:23:25",1738300
14,-0.1,5000,"bu","13:23:21",1737800
14,-0.1,100,"bu","13:23:09",1732800
14,-0.1,9600,"sd","13:23:06",1732700
14,-0.1,600,"sd","13:23:04",1723100
14,-0.1,2000,"sd","13:23:01",1722500
14,-0.1,200,"sd","13:22:55",1720500
14,-0.1,100000,"sd","13:22:50",1720300
14.05,-0.05,4600,"sd","13:22:17",1620300
14.05,-0.05,20000,"sd","13:22:15",1615700
14.05,-0.05,26500,"sd","13:22:10",1595700
14.05,-0.05,300,"sd","13:22:09",1569200
14.05,-0.05,500,"sd","13:22:04",1568900
14.05,-0.05,500,"sd","13:21:55",1568400
14.05,-0.05,300,"sd","13:21:47",1567900
14.05,-0.05,30000,"sd","13:21:24",1567600
14.1,0,500,"bu","13:21:06",1537600
14.1,0,2000,"bu","13:20:21",1537100
14.1,0,100,"bu","13:19:08",1535100
14.1,0,400,"bu","13:19:01",1535000
14.1,0,100,"bu","13:18:13",1534600
14.05,-0.05,200,"sd","13:17:35",1534500
14.1,0,100,"bu","13:17:34",1534300
14.1,0,500,"bu","13:17:21",1534200
14.05,-0.05,300,"sd","13:17:10",1533700
14.1,0,700,"bu","13:17:08",1533400
14.05,-0.05,14900,"sd","13:15:52",1532700
14.05,-0.05,2600,"sd","13:15:13",1517800
14.1,0,100,"sd","13:15:00",1515200
14.1,0,600,"sd","13:14:59",1515100
14.1,0,4800,"sd","13:14:46",1514500
14.1,0,2000,"sd","13:14:41",1509700
14.1,0,18500,"bu","13:14:33",1507700
14.05,-0.05,200,"sd","13:14:17",1489200
14.1,0,100,"bu","13:14:07",1489000
14.1,0,1000,"bu","13:14:05",1488900
14.1,0,1000,"bu","13:13:54",1487900
14.1,0,5000,"bu","13:13:46",1486900
14.1,0,1000,"bu","13:13:24",1481900
14.1,0,1000,"bu","13:13:12",1480900
14.05,-0.05,400,"sd","13:11:32",1479900
14.05,-0.05,200,"sd","13:11:12",1479500
14.05,-0.05,200,"sd","13:09:53",1479300
14.05,-0.05,3000,"sd","13:08:39",1479100
14.1,0,200,"bu","13:08:28",1476100
14.1,0,100,"bu","13:08:27",1475900
14.1,0,500,"bu","13:08:01",1475800
14.05,-0.05,2000,"sd","13:07:56",1475300
14.05,-0.05,1400,"bu","13:07:16",1473300
14.05,-0.05,15000,"bu","13:07:10",1471900
14.05,-0.05,500,"bu","13:06:47",1456900
14.05,-0.05,13100,"sd","13:06:25",1456400
14.05,-0.05,1500,"sd","13:06:21",1443300
14.05,-0.05,20000,"sd","13:06:14",1441800
14.05,-0.05,500,"sd","13:06:01",1421800
14.1,0,100,"bu","13:05:58",1421300
14.05,-0.05,10000,"sd","13:05:34",1421200
14.05,-0.05,1000,"sd","13:05:25",1411200
14.05,-0.05,6000,"sd","13:05:10",1410200
14.05,-0.05,100,"sd","13:04:29",1404200
14.05,-0.05,6000,"sd","13:03:59",1404100
14.05,-0.05,400,"sd","13:03:53",1398100
14.05,-0.05,1000,"sd","13:03:28",1397700
14.05,-0.05,10000,"sd","13:03:25",1396700
14.05,-0.05,200,"sd","13:03:23",1386700
14.05,-0.05,500,"sd","13:03:07",1386500
14.05,-0.05,1600,"sd","13:02:39",1386000
14.05,-0.05,1000,"sd","13:02:37",1384400
14.05,-0.05,1000,"sd","13:02:24",1383400
14.05,-0.05,3400,"sd","13:02:14",1382400
14.05,-0.05,10000,"sd","13:02:01",1379000
14.05,-0.05,10000,"sd","13:01:50",1369000
14.05,-0.05,4000,"sd","13:01:44",1359000
14.05,-0.05,1000,"sd","13:01:06",1355000
14.05,-0.05,600,"sd","13:01:03",1354000
14.05,-0.05,500,"sd","13:01:00",1353400
14.1,0,1500,"bu","13:01:00",1352900
14.1,0,100,"bu","13:00:57",1351400
14.05,-0.05,2200,"sd","13:00:54",1351300
14.05,-0.05,100,"sd","13:00:53",1349100
14.1,0,9900,"sd","13:00:18",1349000
14.1,0,100,"sd","13:00:13",1339100
14.1,0,300,"sd","13:00:10",1339000
14.15,0.05,20300,"bu","13:00:04",1338700
14.1,0,50000,"sd","13:00:03",1318400
14.1,0,299700,"bu","13:00:02",1268400
14.1,0,100,"bu","13:00:01",968700
14.1,0,70400,"sd","11:29:37",968600
14.1,0,2000,"sd","11:29:13",898200
14.15,0.05,2500,"bu","11:28:25",896200
14.15,0.05,1000,"bu","11:27:43",893700
14.15,0.05,20000,"bu","11:27:27",892700
14.1,0,200,"sd","11:27:23",872700
14.1,0,100,"sd","11:27:14",872500
14.15,0.05,500,"bu","11:26:22",872400
14.1,0,1800,"sd","11:24:46",871900
14.15,0.05,7300,"sd","11:24:33",870100
14.15,0.05,40000,"sd","11:24:20",862800
14.15,0.05,10000,"sd","11:24:17",822800
14.15,0.05,10000,"sd","11:23:56",812800
14.15,0.05,20000,"sd","11:23:27",802800
14.2,0.1,1000,"bu","11:23:19",782800
14.15,0.05,200,"sd","11:21:42",781800
14.2,0.1,700,"bu","11:21:08",781600
14.2,0.1,8000,"bu","11:20:30",780900
14.2,0.1,3700,"bu","11:18:50",772900
14.2,0.1,3000,"bu","11:18:06",769200
14.15,0.05,100,"sd","11:16:49",766200
14.15,0.05,2000,"sd","11:16:07",766100
14.15,0.05,100,"sd","11:15:50",764100
14.2,0.1,2000,"bu","11:15:08",764000
14.2,0.1,500,"bu","11:14:07",762000
14.2,0.1,4200,"sd","11:12:58",761500
14.2,0.1,20000,"sd","11:12:53",757300
14.2,0.1,2000,"sd","11:11:40",737300
14.25,0.15,100,"bu","11:11:24",735300
14.2,0.1,100,"sd","11:11:22",735200
14.2,0.1,20000,"sd","11:11:08",735100
14.25,0.15,100,"bu","11:10:49",715100
14.2,0.1,1500,"sd","11:10:20",715000
14.2,0.1,800,"sd","11:08:38",713500
14.2,0.1,1000,"sd","11:08:13",712700
14.25,0.15,100,"bu","11:07:59",711700
14.2,0.1,100,"sd","11:07:56",711600
14.2,0.1,20000,"sd","11:07:56",711500
14.2,0.1,200,"sd","11:07:51",691500
14.2,0.1,40000,"sd","11:07:27",691300
14.2,0.1,5000,"sd","11:07:08",651300
14.2,0.1,500,"sd","11:06:29",646300
14.25,0.15,100,"bu","11:06:22",645800
14.2,0.1,100,"sd","11:06:11",645700
14.2,0.1,900,"sd","11:05:39",645600
14.25,0.15,500,"bu","11:04:17",644700
14.25,0.15,1000,"bu","11:04:01",644200
14.25,0.15,5000,"bu","11:01:21",643200
14.25,0.15,1000,"bu","11:00:26",638200
14.25,0.15,100,"bu","10:59:20",637200
14.25,0.15,9400,"sd","10:58:53",637100
14.3,0.2,100,"bu","10:57:53",627700
14.25,0.15,900,"bu","10:57:37",627600
14.25,0.15,50000,"bu","10:57:32",626700
14.25,0.15,100,"bu","10:57:31",576700
14.25,0.15,2500,"bu","10:57:24",576600
14.25,0.15,100,"bu","10:57:10",574100
14.25,0.15,100,"bu","10:56:43",574000
14.2,0.1,500,"sd","10:56:31",573900
14.25,0.15,5300,"bu","10:55:43",573400
14.25,0.15,1400,"bu","10:55:14",568100
14.25,0.15,4200,"bu","10:55:01",566700
14.25,0.15,1000,"bu","10:54:53",562500
14.25,0.15,4000,"bu","10:54:43",561500
14.25,0.15,9100,"bu","10:54:30",557500
14.25,0.15,100,"bu","10:52:53",548400
14.2,0.1,500,"sd","10:52:46",548300
14.2,0.1,2000,"sd","10:51:44",547800
14.2,0.1,1000,"sd","10:51:13",545800
14.25,0.15,200,"bu","10:50:32",544800
14.25,0.15,1000,"bu","10:48:27",544600
14.2,0.1,5000,"sd","10:48:02",543600
14.25,0.15,16000,"bu","10:47:53",538600
14.25,0.15,100,"bu","10:47:26",522600
14.2,0.1,300,"sd","10:47:14",522500
14.25,0.15,100,"bu","10:46:36",522200
14.2,0.1,10000,"sd","10:45:48",522100
14.25,0.15,100,"bu","10:44:50",512100
14.25,0.15,1000,"bu","10:44:37",512000
14.25,0.15,200,"bu","10:44:09",511000
14.25,0.15,100,"bu","10:43:54",510800
14.25,0.15,500,"bu","10:43:14",510700
14.25,0.15,7800,"bu","10:42:26",510200
14.25,0.15,200,"bu","10:41:22",502400
14.2,0.1,500,"sd","10:41:21",502200
14.25,0.15,1000,"bu","10:40:53",501700
14.25,0.15,100,"bu","10:40:16",500700
14.2,0.1,1000,"sd","10:40:03",500600
14.2,0.1,100,"sd","10:39:52",499600
14.25,0.15,20000,"bu","10:39:25",499500
14.25,0.15,100,"bu","10:38:00",479500
14.2,0.1,4000,"bu","10:37:23",479400
14.2,0.1,8300,"bu","10:37:14",475400
14.2,0.1,4000,"bu","10:37:11",467100
14.2,0.1,500,"bu","10:36:56",463100
14.2,0.1,1700,"sd","10:36:33",462600
14.2,0.1,100,"sd","10:35:17",460900
14.2,0.1,100,"sd","10:35:10",460800
14.2,0.1,2900,"sd","10:35:04",460700
14.2,0.1,500,"sd","10:34:36",457800
14.2,0.1,100,"sd","10:33:54",457300
14.2,0.1,500,"sd","10:33:43",457200
14.2,0.1,100,"sd","10:32:54",456700
14.2,0.1,2000,"sd","10:32:53",456600
14.2,0.1,3500,"bu","10:32:04",454600
14.2,0.1,2500,"bu","10:31:23",451100
14.2,0.1,200,"bu","10:31:15",448600
14.2,0.1,14200,"sd","10:30:53",448400
14.2,0.1,100,"sd","10:30:49",434200
14.2,0.1,10000,"sd","10:30:14",434100
14.2,0.1,1000,"sd","10:29:49",424100
14.25,0.15,1000,"bu","10:29:03",423100
14.25,0.15,1000,"bu","10:24:36",422100
14.25,0.15,100,"bu","10:24:31",421100
14.2,0.1,3000,"sd","10:24:30",421000
14.25,0.15,100,"bu","10:24:19",418000
14.2,0.1,4200,"sd","10:23:44",417900
14.25,0.15,100,"bu","10:23:31",413700
14.2,0.1,10000,"sd","10:23:24",413600
14.25,0.15,100,"bu","10:23:03",403600
14.2,0.1,26200,"bu","10:22:20",403500
14.2,0.1,51700,"bu","10:22:20",377300
14.2,0.1,500,"bu","10:20:34",325600
14.2,0.1,100,"bu","10:19:41",325100
14.15,0.05,100,"sd","10:19:17",325000
14.2,0.1,1000,"bu","10:18:26",324900
14.2,0.1,100,"bu","10:18:17",323900
14.15,0.05,100,"sd","10:17:58",323800
14.15,0.05,800,"sd","10:17:53",323700
14.15,0.05,200,"sd","10:16:15",322900
14.2,0.1,2000,"bu","10:14:14",322700
14.2,0.1,5000,"bu","10:11:14",320700
14.2,0.1,300,"bu","10:10:01",315700
14.2,0.1,7500,"bu","10:09:39",315400
14.2,0.1,100,"bu","10:09:10",307900
14.2,0.1,200,"bu","10:09:07",307800
14.2,0.1,100,"bu","10:08:12",307600
14.15,0.05,200,"sd","10:08:08",307500
14.15,0.05,500,"sd","10:06:55",307300
14.15,0.05,4300,"bu","10:05:04",306800
14.15,0.05,100,"bu","10:05:01",302500
14.15,0.05,1000,"bu","10:04:41",302400
14.15,0.05,100,"bu","10:04:32",301400
14.15,0.05,500,"bu","10:03:57",301300
14.15,0.05,500,"bu","10:03:25",300800
14.1,0,100,"sd","10:03:09",300300
14.15,0.05,500,"bu","10:00:28",300200
14.15,0.05,200,"bu","09:58:14",299700
14.15,0.05,1100,"sd","09:57:30",299500
14.15,0.05,100,"sd","09:56:43",298400
14.15,0.05,100,"sd","09:56:35",298300
14.15,0.05,200,"sd","09:56:21",298200
14.15,0.05,5000,"sd","09:55:43",298000
14.15,0.05,4000,"bu","09:55:20",293000
14.15,0.05,800,"bu","09:53:32",289000
14.15,0.05,1300,"bu","09:53:26",288200
14.15,0.05,1900,"sd","09:52:51",286900
14.15,0.05,100,"sd","09:51:23",285000
14.15,0.05,3200,"bu","09:51:12",284900
14.15,0.05,13500,"sd","09:50:10",281700
14.15,0.05,100,"sd","09:50:06",268200
14.15,0.05,5000,"sd","09:49:56",268100
14.15,0.05,10000,"sd","09:48:45",263100
14.15,0.05,100,"sd","09:45:58",253100
14.15,0.05,15900,"bu","09:45:49",253000
14.15,0.05,5000,"bu","09:45:04",237100
14.15,0.05,600,"bu","09:44:08",232100
14.15,0.05,1100,"sd","09:43:56",231500
14.15,0.05,100,"sd","09:43:55",230400
14.15,0.05,4000,"sd","09:43:31",230300
14.15,0.05,300,"sd","09:43:30",226300
14.15,0.05,20000,"sd","09:43:08",226000
14.15,0.05,100,"sd","09:43:01",206000
14.15,0.05,500,"sd","09:41:55",205900
14.15,0.05,400,"sd","09:40:37",205400
14.15,0.05,500,"sd","09:40:15",205000
14.2,0.1,7000,"bu","09:39:54",204500
14.15,0.05,3700,"sd","09:39:25",197500
14.15,0.05,400,"bu","09:38:39",193800
14.15,0.05,29600,"sd","09:38:20",193400
14.15,0.05,2000,"bu","09:38:09",163800
14.15,0.05,6800,"sd","09:36:36",161800
14.15,0.05,20000,"sd","09:35:33",155000
14.15,0.05,100,"sd","09:33:55",135000
14.2,0.1,500,"bu","09:33:47",134900
14.2,0.1,100,"bu","09:33:03",134400
14.2,0.1,100,"bu","09:32:52",134300
14.2,0.1,600,"bu","09:32:50",134200
14.2,0.1,100,"bu","09:31:51",133600
14.2,0.1,1200,"sd","09:31:03",133500
14.2,0.1,2500,"sd","09:30:51",132300
14.2,0.1,100,"sd","09:30:23",129800
14.2,0.1,100,"sd","09:30:06",129700
14.2,0.1,2000,"sd","09:29:55",129600
14.2,0.1,200,"bu","09:29:11",127600
14.2,0.1,1000,"bu","09:29:08",127400
14.2,0.1,1000,"bu","09:28:55",126400
14.2,0.1,2800,"sd","09:28:37",125400
14.2,0.1,400,"sd","09:27:53",122600
14.2,0.1,9600,"sd","09:27:30",122200
14.25,0.15,100,"bu","09:27:29",112600
14.2,0.1,4400,"bu","09:27:29",112500
14.2,0.1,100,"bu","09:27:11",108100
14.2,0.1,600,"sd","09:26:18",108000
14.2,0.1,3000,"bu","09:26:17",107400
14.2,0.1,3000,"sd","09:25:28",104400
14.2,0.1,100,"sd","09:25:15",101400
14.2,0.1,3000,"sd","09:25:12",101300
14.2,0.1,100,"sd","09:24:59",98300
14.2,0.1,1000,"sd","09:24:42",98200
14.2,0.1,1000,"sd","09:24:31",97200
14.2,0.1,800,"bu","09:23:24",96200
14.2,0.1,700,"sd","09:22:57",95400
14.2,0.1,4300,"bu","09:22:39",94700
14.2,0.1,1000,"bu","09:22:34",90400
14.2,0.1,1700,"sd","09:21:05",89400
14.2,0.1,3300,"bu","09:20:58",87700
14.2,0.1,4000,"bu","09:20:53",84400
14.2,0.1,12900,"sd","09:20:26",80400
14.2,0.1,5000,"sd","09:20:16",67500
14.2,0.1,100,"sd","09:19:47",62500
14.2,0.1,300,"sd","09:19:46",62400
14.25,0.15,2300,"bu","09:19:45",62100
14.2,0.1,2300,"bu","09:19:29",59800
14.2,0.1,300,"bu","09:19:26",57500
14.2,0.1,20000,"bu","09:19:23",57200
14.2,0.1,100,"bu","09:19:13",37200
14.2,0.1,800,"bu","09:19:11",37100
14.2,0.1,3000,"bu","09:19:03",36300
14.2,0.1,200,"bu","09:18:30",33300
14.2,0.1,200,"bu","09:17:59",33100
14.2,0.1,100,"bu","09:17:45",32900
14.2,0.1,500,"bu","09:17:40",32800
14.2,0.1,3600,"bu","09:17:37",32300
14.2,0.1,500,"bu","09:17:24",28700
14.2,0.1,1000,"bu","09:16:24",28200
14.2,0.1,300,"bu","09:16:22",27200
14.2,0.1,2000,"bu","09:16:07",26900
14.2,0.1,3000,"bu","09:15:51",24900
14.2,0.1,1000,"bu","09:15:33",21900
14.15,0.05,200,"sd","09:15:16",20900
14.15,0.05,2700,"bu","09:15:10",20700
14.15,0.05,1000,"bu","09:15:09",18000
14.15,0.05,17000,"","09:15:06",17000
