"price","change","match_qtty","side","time","total_vol"
17.4,-0.7,2700,"","14:56:21",38114600
17.4,-0.7,1400,"","14:54:39",38111900
17.4,-0.7,700,"","14:50:58",38110500
17.4,-0.7,900,"","14:49:49",38109800
17.4,-0.7,200,"","14:48:03",38108900
17.4,-0.7,2128300,"","14:45:03",38108700
17.5,-0.6,50000,"","14:30:01",35980400
17.6,-0.5,1500,"bu","14:29:59",35930400
17.6,-0.5,10000,"bu","14:29:57",35928900
17.6,-0.5,10000,"bu","14:29:56",35918900
17.6,-0.5,1000,"bu","14:29:55",35908900
17.6,-0.5,5000,"bu","14:29:54",35907900
17.6,-0.5,500,"bu","14:29:52",35902900
17.6,-0.5,200,"bu","14:29:51",35902400
17.6,-0.5,1600,"bu","14:29:50",35902200
17.6,-0.5,1000,"bu","14:29:49",35900600
17.6,-0.5,9000,"bu","14:29:48",35899600
17.6,-0.5,4000,"bu","14:29:47",35890600
17.6,-0.5,3000,"bu","14:29:45",35886600
17.5,-0.6,50000,"sd","14:29:44",35883600
17.6,-0.5,3900,"bu","14:29:42",35833600
17.6,-0.5,22200,"bu","14:29:39",35829700
17.5,-0.6,6000,"sd","14:29:38",35807500
17.6,-0.5,100,"bu","14:29:36",35801500
17.6,-0.5,26500,"bu","14:29:35",35801400
17.6,-0.5,100,"bu","14:29:34",35774900
17.6,-0.5,2400,"bu","14:29:32",35774800
17.5,-0.6,20000,"sd","14:29:31",35772400
17.6,-0.5,2400,"bu","14:29:30",35752400
17.5,-0.6,44600,"sd","14:29:29",35750000
17.6,-0.5,1100,"bu","14:29:28",35705400
17.6,-0.5,100,"bu","14:29:24",35704300
17.6,-0.5,500,"bu","14:29:22",35704200
17.6,-0.5,100,"bu","14:29:21",35703700
17.6,-0.5,1200,"bu","14:29:20",35703600
17.6,-0.5,1400,"bu","14:29:19",35702400
17.6,-0.5,6100,"bu","14:29:18",35701000
17.6,-0.5,9000,"bu","14:29:16",35694900
17.5,-0.6,900,"sd","14:29:14",35685900
17.6,-0.5,600,"bu","14:29:12",35685000
17.6,-0.5,1300,"bu","14:29:10",35684400
17.6,-0.5,1900,"bu","14:29:08",35683100
17.6,-0.5,103600,"bu","14:29:07",35681200
17.6,-0.5,2000,"sd","14:29:05",35577600
17.6,-0.5,63000,"sd","14:29:04",35575600
17.6,-0.5,3000,"sd","14:29:03",35512600
17.6,-0.5,400,"sd","14:29:02",35509600
17.6,-0.5,6400,"sd","14:29:01",35509200
17.7,-0.4,600,"bu","14:28:59",35502800
17.7,-0.4,7000,"bu","14:28:58",35502200
17.6,-0.5,5000,"sd","14:28:55",35495200
17.6,-0.5,3000,"sd","14:28:52",35490200
17.6,-0.5,16100,"sd","14:28:51",35487200
17.6,-0.5,5500,"sd","14:28:49",35471100
17.6,-0.5,700,"sd","14:28:47",35465600
17.7,-0.4,9500,"bu","14:28:44",35464900
17.7,-0.4,2000,"bu","14:28:39",35455400
17.6,-0.5,5000,"sd","14:28:38",35453400
17.6,-0.5,5000,"sd","14:28:37",35448400
17.7,-0.4,6000,"bu","14:28:35",35443400
17.7,-0.4,30400,"bu","14:28:34",35437400
17.6,-0.5,1000,"sd","14:28:31",35407000
17.7,-0.4,2400,"bu","14:28:30",35406000
17.7,-0.4,2000,"bu","14:28:29",35403600
17.7,-0.4,300,"bu","14:28:25",35401600
17.7,-0.4,3000,"bu","14:28:24",35401300
17.7,-0.4,2100,"bu","14:28:23",35398300
17.7,-0.4,1000,"bu","14:28:22",35396200
17.7,-0.4,20500,"bu","14:28:21",35395200
17.7,-0.4,2100,"bu","14:28:20",35374700
17.7,-0.4,1000,"bu","14:28:17",35372600
17.7,-0.4,200,"bu","14:28:16",35371600
17.7,-0.4,1000,"bu","14:28:15",35371400
17.7,-0.4,1100,"bu","14:28:13",35370400
17.7,-0.4,300,"bu","14:28:11",35369300
17.7,-0.4,17400,"sd","14:28:10",35369000
17.7,-0.4,1000,"sd","14:28:07",35351600
17.7,-0.4,3900,"sd","14:28:06",35350600
17.7,-0.4,6000,"sd","14:28:05",35346700
17.7,-0.4,1500,"sd","14:28:04",35340700
17.7,-0.4,11600,"sd","14:28:03",35339200
17.7,-0.4,17200,"sd","14:28:02",35327600
17.7,-0.4,600,"sd","14:28:01",35310400
17.7,-0.4,600,"sd","14:28:00",35309800
17.8,-0.3,2000,"bu","14:27:58",35309200
17.7,-0.4,3000,"sd","14:27:57",35307200
17.7,-0.4,500,"sd","14:27:56",35304200
17.7,-0.4,1200,"sd","14:27:55",35303700
17.7,-0.4,700,"sd","14:27:54",35302500
17.7,-0.4,1000,"sd","14:27:52",35301800
17.8,-0.3,1200,"bu","14:27:50",35300800
17.7,-0.4,5000,"sd","14:27:49",35299600
17.8,-0.3,1300,"bu","14:27:48",35294600
17.7,-0.4,31000,"sd","14:27:47",35293300
17.7,-0.4,49500,"sd","14:27:45",35262300
17.8,-0.3,20000,"bu","14:27:44",35212800
17.8,-0.3,2000,"bu","14:27:43",35192800
17.8,-0.3,4100,"bu","14:27:42",35190800
17.8,-0.3,100,"bu","14:27:41",35186700
17.8,-0.3,1700,"bu","14:27:38",35186600
17.8,-0.3,4000,"bu","14:27:37",35184900
17.7,-0.4,2000,"sd","14:27:35",35180900
17.8,-0.3,7300,"bu","14:27:34",35178900
17.8,-0.3,2500,"sd","14:27:33",35171600
17.8,-0.3,20000,"sd","14:27:32",35169100
17.8,-0.3,800,"sd","14:27:28",35149100
17.9,-0.2,25400,"bu","14:27:27",35148300
17.8,-0.3,500,"sd","14:27:26",35122900
17.8,-0.3,20000,"sd","14:27:25",35122400
17.9,-0.2,900,"bu","14:27:24",35102400
17.8,-0.3,200,"sd","14:27:22",35101500
17.8,-0.3,76500,"sd","14:27:21",35101300
17.9,-0.2,100,"bu","14:27:18",35024800
17.8,-0.3,10600,"sd","14:27:16",35024700
17.8,-0.3,20000,"sd","14:27:15",35014100
17.9,-0.2,2000,"bu","14:27:13",34994100
17.9,-0.2,1000,"bu","14:27:11",34992100
17.8,-0.3,7500,"sd","14:27:07",34991100
17.9,-0.2,500,"bu","14:27:06",34983600
17.9,-0.2,1100,"bu","14:27:02",34983100
17.9,-0.2,10000,"bu","14:27:01",34982000
17.9,-0.2,19300,"sd","14:27:00",34972000
17.9,-0.2,8500,"sd","14:26:59",34952700
17.9,-0.2,1300,"sd","14:26:57",34944200
18,-0.1,5600,"bu","14:26:56",34942900
17.9,-0.2,11000,"sd","14:26:55",34937300
17.9,-0.2,25000,"sd","14:26:54",34926300
17.9,-0.2,1000,"sd","14:26:53",34901300
17.9,-0.2,26000,"sd","14:26:51",34900300
18,-0.1,100,"bu","14:26:50",34874300
17.9,-0.2,11000,"sd","14:26:49",34874200
17.9,-0.2,500,"sd","14:26:48",34863200
18,-0.1,100,"bu","14:26:43",34862700
18,-0.1,7400,"bu","14:26:41",34862600
18,-0.1,1000,"bu","14:26:40",34855200
18,-0.1,7800,"bu","14:26:38",34854200
18,-0.1,800,"bu","14:26:35",34846400
18,-0.1,10600,"bu","14:26:34",34845600
18,-0.1,1500,"bu","14:26:33",34835000
18,-0.1,5300,"bu","14:26:32",34833500
18,-0.1,100,"bu","14:26:31",34828200
18,-0.1,100,"bu","14:26:29",34828100
18,-0.1,1100,"bu","14:26:28",34828000
18,-0.1,41100,"bu","14:26:23",34826900
18,-0.1,15000,"bu","14:26:22",34785800
17.9,-0.2,300,"sd","14:26:21",34770800
18,-0.1,300,"bu","14:26:20",34770500
17.9,-0.2,200,"sd","14:26:19",34770200
18,-0.1,1400,"bu","14:26:18",34770000
17.9,-0.2,1200,"sd","14:26:16",34768600
17.9,-0.2,112800,"sd","14:26:15",34767400
18,-0.1,9000,"bu","14:26:14",34654600
17.9,-0.2,5200,"sd","14:26:10",34645600
17.9,-0.2,500,"sd","14:26:06",34640400
18,-0.1,10000,"bu","14:26:05",34639900
18,-0.1,200,"bu","14:26:04",34629900
17.9,-0.2,1100,"sd","14:26:03",34629700
18,-0.1,500,"bu","14:26:00",34628600
17.9,-0.2,500,"sd","14:25:53",34628100
18,-0.1,100,"bu","14:25:51",34627600
17.9,-0.2,500,"sd","14:25:49",34627500
17.9,-0.2,500,"sd","14:25:48",34627000
17.9,-0.2,1000,"sd","14:25:45",34626500
17.9,-0.2,200,"sd","14:25:42",34625500
17.9,-0.2,500,"sd","14:25:41",34625300
17.9,-0.2,1800,"sd","14:25:39",34624800
18,-0.1,10000,"bu","14:25:38",34623000
17.9,-0.2,100,"sd","14:25:37",34613000
17.9,-0.2,20000,"sd","14:25:35",34612900
17.9,-0.2,2000,"sd","14:25:33",34592900
17.9,-0.2,400,"sd","14:25:31",34590900
17.9,-0.2,104500,"sd","14:25:30",34590500
17.9,-0.2,2300,"bu","14:25:28",34486000
17.9,-0.2,32300,"bu","14:25:25",34483700
17.9,-0.2,4700,"bu","14:25:21",34451400
17.8,-0.3,14800,"sd","14:25:20",34446700
17.9,-0.2,100000,"bu","14:25:17",34431900
17.9,-0.2,600,"bu","14:25:16",34331900
17.9,-0.2,10800,"bu","14:25:14",34331300
17.9,-0.2,20000,"bu","14:25:11",34320500
17.9,-0.2,10000,"bu","14:25:10",34300500
17.9,-0.2,79500,"bu","14:25:09",34290500
17.9,-0.2,200,"bu","14:25:07",34211000
17.9,-0.2,100,"bu","14:25:06",34210800
17.9,-0.2,1800,"bu","14:25:05",34210700
17.9,-0.2,15000,"bu","14:25:04",34208900
17.9,-0.2,6300,"bu","14:25:03",34193900
17.9,-0.2,500,"bu","14:25:02",34187600
17.9,-0.2,2300,"bu","14:25:01",34187100
17.9,-0.2,1000,"bu","14:25:00",34184800
17.9,-0.2,13000,"bu","14:24:58",34183800
17.9,-0.2,13200,"bu","14:24:57",34170800
17.9,-0.2,500,"bu","14:24:56",34157600
17.9,-0.2,500,"bu","14:24:54",34157100
17.9,-0.2,200,"bu","14:24:53",34156600
17.9,-0.2,15100,"bu","14:24:52",34156400
17.9,-0.2,5000,"bu","14:24:51",34141300
17.9,-0.2,5500,"bu","14:24:50",34136300
17.9,-0.2,5000,"bu","14:24:49",34130800
17.9,-0.2,300,"bu","14:24:48",34125800
17.9,-0.2,400,"bu","14:24:47",34125500
17.9,-0.2,38900,"bu","14:24:44",34125100
17.9,-0.2,1800,"bu","14:24:43",34086200
17.9,-0.2,2000,"bu","14:24:41",34084400
17.9,-0.2,1000,"bu","14:24:39",34082400
17.9,-0.2,10000,"bu","14:24:38",34081400
17.9,-0.2,3500,"bu","14:24:36",34071400
17.9,-0.2,500,"bu","14:24:32",34067900
17.9,-0.2,4000,"bu","14:24:29",34067400
17.9,-0.2,15600,"bu","14:24:26",34063400
17.8,-0.3,1300,"sd","14:24:25",34047800
17.9,-0.2,14100,"bu","14:24:24",34046500
17.9,-0.2,3000,"bu","14:24:18",34032400
17.9,-0.2,100,"bu","14:24:16",34029400
17.9,-0.2,500,"bu","14:24:15",34029300
17.9,-0.2,3000,"bu","14:24:14",34028800
17.9,-0.2,2500,"bu","14:24:08",34025800
17.8,-0.3,600,"sd","14:24:06",34023300
17.8,-0.3,3000,"sd","14:24:02",34022700
17.8,-0.3,5000,"sd","14:24:01",34019700
17.8,-0.3,500,"sd","14:23:56",34014700
17.8,-0.3,1200,"sd","14:23:47",34014200
17.8,-0.3,1900,"sd","14:23:45",34013000
17.8,-0.3,53600,"bu","14:23:44",34011100
17.8,-0.3,2000,"bu","14:23:43",33957500
17.8,-0.3,5000,"bu","14:23:42",33955500
17.8,-0.3,8000,"bu","14:23:41",33950500
17.8,-0.3,5000,"bu","14:23:40",33942500
17.8,-0.3,8000,"bu","14:23:39",33937500
17.8,-0.3,15000,"bu","14:23:36",33929500
17.8,-0.3,17600,"bu","14:23:35",33914500
17.8,-0.3,8000,"bu","14:23:33",33896900
17.8,-0.3,33300,"bu","14:23:32",33888900
17.8,-0.3,2400,"bu","14:23:31",33855600
17.8,-0.3,6300,"bu","14:23:30",33853200
17.8,-0.3,27200,"bu","14:23:29",33846900
17.8,-0.3,11200,"bu","14:23:28",33819700
17.8,-0.3,20000,"bu","14:23:26",33808500
17.8,-0.3,200,"bu","14:23:25",33788500
17.8,-0.3,51000,"bu","14:23:24",33788300
17.8,-0.3,10400,"bu","14:23:23",33737300
17.8,-0.3,600,"bu","14:23:22",33726900
17.8,-0.3,1900,"bu","14:23:21",33726300
17.8,-0.3,18100,"bu","14:23:18",33724400
17.8,-0.3,11000,"bu","14:23:16",33706300
17.8,-0.3,400,"bu","14:23:15",33695300
17.8,-0.3,5600,"bu","14:23:14",33694900
17.8,-0.3,4000,"bu","14:23:13",33689300
17.8,-0.3,10000,"bu","14:23:12",33685300
17.8,-0.3,2000,"bu","14:23:10",33675300
17.8,-0.3,1400,"bu","14:23:09",33673300
17.8,-0.3,500,"bu","14:23:08",33671900
17.8,-0.3,3000,"bu","14:23:07",33671400
17.8,-0.3,25000,"bu","14:23:06",33668400
17.8,-0.3,1300,"bu","14:23:05",33643400
17.8,-0.3,1000,"bu","14:23:04",33642100
17.8,-0.3,17000,"bu","14:23:02",33641100
17.8,-0.3,4000,"bu","14:23:01",33624100
17.8,-0.3,2000,"bu","14:23:00",33620100
17.8,-0.3,1300,"bu","14:22:56",33618100
17.8,-0.3,40200,"bu","14:22:55",33616800
17.8,-0.3,1000,"bu","14:22:51",33576600
17.8,-0.3,100,"bu","14:22:50",33575600
17.8,-0.3,50000,"bu","14:22:49",33575500
17.8,-0.3,13400,"bu","14:22:48",33525500
17.8,-0.3,1000,"bu","14:22:46",33512100
17.7,-0.4,1000,"sd","14:22:45",33511100
17.8,-0.3,3000,"bu","14:22:43",33510100
17.8,-0.3,100,"bu","14:22:42",33507100
17.8,-0.3,10000,"bu","14:22:37",33507000
17.8,-0.3,1000,"bu","14:22:33",33497000
17.7,-0.4,400,"sd","14:22:23",33496000
17.7,-0.4,50100,"sd","14:22:22",33495600
17.7,-0.4,6500,"bu","14:22:21",33445500
17.7,-0.4,200,"bu","14:22:20",33439000
17.7,-0.4,8400,"bu","14:22:19",33438800
17.7,-0.4,1400,"bu","14:22:18",33430400
17.7,-0.4,33000,"bu","14:22:17",33429000
17.7,-0.4,1800,"bu","14:22:16",33396000
17.7,-0.4,500,"bu","14:22:15",33394200
17.7,-0.4,10500,"bu","14:22:14",33393700
17.7,-0.4,22200,"bu","14:22:12",33383200
17.7,-0.4,13000,"bu","14:22:11",33361000
17.7,-0.4,400,"bu","14:22:10",33348000
17.7,-0.4,1000,"bu","14:22:09",33347600
17.7,-0.4,60000,"bu","14:22:08",33346600
17.7,-0.4,1000,"bu","14:22:07",33286600
17.7,-0.4,5100,"bu","14:22:05",33285600
17.7,-0.4,400,"bu","14:22:04",33280500
17.7,-0.4,4000,"bu","14:22:03",33280100
17.7,-0.4,1500,"bu","14:22:02",33276100
17.7,-0.4,100,"bu","14:22:00",33274600
17.7,-0.4,500,"bu","14:21:59",33274500
17.7,-0.4,500,"bu","14:21:57",33274000
17.7,-0.4,1000,"bu","14:21:55",33273500
17.7,-0.4,7000,"bu","14:21:54",33272500
17.7,-0.4,5000,"bu","14:21:53",33265500
17.7,-0.4,700,"bu","14:21:51",33260500
17.7,-0.4,200,"bu","14:21:49",33259800
17.7,-0.4,2500,"bu","14:21:48",33259600
17.7,-0.4,5000,"bu","14:21:47",33257100
17.7,-0.4,700,"bu","14:21:38",33252100
17.7,-0.4,300,"bu","14:21:37",33251400
17.7,-0.4,300,"bu","14:21:36",33251100
17.7,-0.4,700,"bu","14:21:35",33250800
17.7,-0.4,3000,"bu","14:21:31",33250100
17.7,-0.4,1000,"bu","14:21:30",33247100
17.7,-0.4,1500,"bu","14:21:26",33246100
17.7,-0.4,100,"bu","14:21:25",33244600
17.6,-0.5,2000,"sd","14:21:21",33244500
17.6,-0.5,200,"sd","14:21:20",33242500
17.7,-0.4,2000,"bu","14:21:13",33242300
17.6,-0.5,1000,"sd","14:21:08",33240300
17.6,-0.5,3000,"sd","14:21:07",33239300
17.7,-0.4,200,"bu","14:21:05",33236300
17.6,-0.5,400,"sd","14:21:03",33236100
17.6,-0.5,1500,"sd","14:20:55",33235700
17.7,-0.4,300,"bu","14:20:54",33234200
17.7,-0.4,1500,"bu","14:20:51",33233900
17.7,-0.4,600,"bu","14:20:50",33232400
17.7,-0.4,200,"bu","14:20:48",33231800
17.6,-0.5,200,"sd","14:20:45",33231600
17.6,-0.5,500,"sd","14:20:36",33231400
17.6,-0.5,1000,"sd","14:20:34",33230900
17.6,-0.5,500,"sd","14:20:30",33229900
17.6,-0.5,1000,"sd","14:20:26",33229400
17.6,-0.5,1700,"sd","14:20:24",33228400
17.6,-0.5,1600,"sd","14:20:22",33226700
17.6,-0.5,200,"sd","14:20:18",33225100
17.6,-0.5,4600,"sd","14:20:17",33224900
17.5,-0.6,7000,"sd","14:20:16",33220300
17.6,-0.5,51000,"bu","14:20:15",33213300
17.6,-0.5,5000,"bu","14:20:14",33162300
17.6,-0.5,11300,"bu","14:20:13",33157300
17.5,-0.6,7500,"sd","14:20:11",33146000
17.6,-0.5,50000,"bu","14:20:10",33138500
17.6,-0.5,2600,"bu","14:20:09",33088500
17.6,-0.5,600,"bu","14:20:08",33085900
17.6,-0.5,12900,"bu","14:20:07",33085300
17.6,-0.5,53000,"bu","14:20:06",33072400
17.6,-0.5,6900,"bu","14:20:04",33019400
17.6,-0.5,200,"bu","14:20:03",33012500
17.6,-0.5,200,"bu","14:20:02",33012300
17.6,-0.5,2500,"bu","14:20:01",33012100
17.6,-0.5,50000,"bu","14:20:00",33009600
17.6,-0.5,100,"bu","14:19:59",32959600
17.6,-0.5,2000,"bu","14:19:58",32959500
17.6,-0.5,5000,"bu","14:19:57",32957500
17.6,-0.5,800,"bu","14:19:56",32952500
17.6,-0.5,400,"bu","14:19:55",32951700
17.6,-0.5,500,"bu","14:19:54",32951300
17.5,-0.6,1000,"sd","14:19:51",32950800
17.6,-0.5,200,"bu","14:19:50",32949800
17.6,-0.5,9000,"bu","14:19:49",32949600
17.6,-0.5,300,"bu","14:19:48",32940600
17.6,-0.5,100,"bu","14:19:47",32940300
17.5,-0.6,11000,"sd","14:19:46",32940200
17.6,-0.5,9000,"bu","14:19:42",32929200
17.6,-0.5,2000,"bu","14:19:39",32920200
17.6,-0.5,2200,"bu","14:19:38",32918200
17.6,-0.5,1000,"bu","14:19:36",32916000
17.6,-0.5,3000,"bu","14:19:35",32915000
17.6,-0.5,500,"bu","14:19:34",32912000
17.6,-0.5,40000,"bu","14:19:28",32911500
17.5,-0.6,200,"sd","14:19:20",32871500
17.6,-0.5,1000,"bu","14:19:17",32871300
17.6,-0.5,200,"bu","14:19:15",32870300
17.6,-0.5,200,"bu","14:19:13",32870100
17.6,-0.5,400,"bu","14:19:12",32869900
17.6,-0.5,2000,"bu","14:19:09",32869500
17.6,-0.5,11000,"bu","14:19:06",32867500
17.5,-0.6,600,"sd","14:19:05",32856500
17.6,-0.5,300,"bu","14:19:04",32855900
17.6,-0.5,200,"bu","14:18:59",32855600
17.6,-0.5,1000,"bu","14:18:58",32855400
17.6,-0.5,10500,"bu","14:18:55",32854400
17.6,-0.5,1200,"bu","14:18:54",32843900
17.6,-0.5,400,"bu","14:18:48",32842700
17.6,-0.5,600,"bu","14:18:47",32842300
17.6,-0.5,3500,"bu","14:18:45",32841700
17.5,-0.6,900,"sd","14:18:44",32838200
17.6,-0.5,3500,"bu","14:18:43",32837300
17.5,-0.6,500,"sd","14:18:42",32833800
17.6,-0.5,300,"bu","14:18:41",32833300
17.6,-0.5,1800,"bu","14:18:40",32833000
17.6,-0.5,3200,"bu","14:18:39",32831200
17.6,-0.5,1000,"bu","14:18:38",32828000
17.6,-0.5,2000,"bu","14:18:37",32827000
17.6,-0.5,2000,"bu","14:18:33",32825000
17.6,-0.5,200,"bu","14:18:32",32823000
17.6,-0.5,7100,"bu","14:18:30",32822800
17.6,-0.5,200,"bu","14:18:28",32815700
17.6,-0.5,200,"bu","14:18:27",32815500
17.6,-0.5,2000,"bu","14:18:26",32815300
17.6,-0.5,900,"bu","14:18:25",32813300
17.6,-0.5,8000,"bu","14:18:23",32812400
17.6,-0.5,100,"bu","14:18:22",32804400
17.6,-0.5,3000,"bu","14:18:21",32804300
17.6,-0.5,5000,"bu","14:18:18",32801300
17.6,-0.5,20000,"bu","14:18:17",32796300
17.6,-0.5,3200,"bu","14:18:15",32776300
17.6,-0.5,700,"bu","14:18:14",32773100
17.6,-0.5,500,"bu","14:18:13",32772400
17.6,-0.5,100,"bu","14:18:11",32771900
17.6,-0.5,7000,"bu","14:18:10",32771800
17.6,-0.5,2000,"bu","14:18:08",32764800
17.5,-0.6,5400,"sd","14:18:07",32762800
17.6,-0.5,200,"bu","14:18:06",32757400
17.6,-0.5,200,"bu","14:18:04",32757200
17.6,-0.5,100,"bu","14:17:59",32757000
17.6,-0.5,1000,"bu","14:17:57",32756900
17.6,-0.5,500,"bu","14:17:56",32755900
17.6,-0.5,6000,"bu","14:17:54",32755400
17.6,-0.5,400,"bu","14:17:50",32749400
17.6,-0.5,700,"bu","14:17:49",32749000
17.6,-0.5,3000,"bu","14:17:48",32748300
17.6,-0.5,5000,"bu","14:17:47",32745300
17.6,-0.5,10700,"bu","14:17:44",32740300
17.6,-0.5,700,"bu","14:17:43",32729600
17.6,-0.5,300,"bu","14:17:41",32728900
17.6,-0.5,500,"bu","14:17:39",32728600
17.6,-0.5,300,"bu","14:17:38",32728100
17.6,-0.5,10000,"bu","14:17:30",32727800
17.6,-0.5,100,"bu","14:17:27",32717800
17.6,-0.5,2000,"bu","14:17:24",32717700
17.6,-0.5,500,"bu","14:17:23",32715700
17.6,-0.5,500,"bu","14:17:20",32715200
17.6,-0.5,1000,"bu","14:17:19",32714700
17.6,-0.5,400,"bu","14:17:16",32713700
17.6,-0.5,400,"bu","14:17:08",32713300
17.6,-0.5,300,"bu","14:17:05",32712900
17.6,-0.5,100,"bu","14:17:01",32712600
17.6,-0.5,200,"bu","14:17:00",32712500
17.6,-0.5,500,"bu","14:16:57",32712300
17.5,-0.6,500,"sd","14:16:53",32711800
17.6,-0.5,100,"bu","14:16:52",32711300
17.5,-0.6,1000,"sd","14:16:51",32711200
17.5,-0.6,5000,"sd","14:16:47",32710200
17.5,-0.6,2000,"sd","14:16:44",32705200
17.6,-0.5,2000,"bu","14:16:41",32703200
17.6,-0.5,2000,"bu","14:16:40",32701200
17.6,-0.5,900,"bu","14:16:39",32699200
17.5,-0.6,700,"sd","14:16:29",32698300
17.6,-0.5,2800,"bu","14:16:27",32697600
17.6,-0.5,3000,"bu","14:16:25",32694800
17.5,-0.6,2900,"sd","14:16:18",32691800
17.5,-0.6,5000,"sd","14:16:17",32688900
17.6,-0.5,500,"bu","14:16:14",32683900
17.5,-0.6,3000,"sd","14:16:11",32683400
17.5,-0.6,800,"sd","14:16:09",32680400
17.6,-0.5,3000,"bu","14:16:07",32679600
17.6,-0.5,1000,"bu","14:16:06",32676600
17.5,-0.6,100,"sd","14:16:04",32675600
17.6,-0.5,2000,"bu","14:16:02",32675500
17.6,-0.5,1000,"bu","14:16:00",32673500
17.6,-0.5,100,"bu","14:15:58",32672500
17.5,-0.6,900,"sd","14:15:56",32672400
17.5,-0.6,200,"sd","14:15:53",32671500
17.6,-0.5,50000,"bu","14:15:50",32671300
17.6,-0.5,3000,"bu","14:15:49",32621300
17.5,-0.6,500,"sd","14:15:48",32618300
17.6,-0.5,200,"bu","14:15:41",32617800
17.6,-0.5,3100,"bu","14:15:37",32617600
17.5,-0.6,200,"sd","14:15:29",32614500
17.5,-0.6,1000,"sd","14:15:28",32614300
17.6,-0.5,33500,"bu","14:15:27",32613300
17.5,-0.6,10000,"sd","14:15:07",32579800
17.5,-0.6,100,"sd","14:15:05",32569800
17.5,-0.6,600,"sd","14:15:04",32569700
17.5,-0.6,300,"sd","14:14:59",32569100
17.5,-0.6,2100,"sd","14:14:53",32568800
17.5,-0.6,2000,"sd","14:14:45",32566700
17.6,-0.5,100,"bu","14:14:44",32564700
17.5,-0.6,1200,"sd","14:14:43",32564600
17.5,-0.6,3000,"sd","14:14:42",32563400
17.6,-0.5,500,"bu","14:14:41",32560400
17.5,-0.6,5000,"sd","14:14:40",32559900
17.5,-0.6,1000,"sd","14:14:39",32554900
17.5,-0.6,4000,"sd","14:14:36",32553900
17.5,-0.6,2000,"sd","14:14:35",32549900
17.5,-0.6,55000,"sd","14:14:33",32547900
17.5,-0.6,1000,"sd","14:14:30",32492900
17.5,-0.6,2000,"sd","14:14:23",32491900
17.6,-0.5,600,"bu","14:14:21",32489900
17.6,-0.5,500,"bu","14:14:05",32489300
17.5,-0.6,1700,"sd","14:14:04",32488800
17.5,-0.6,3900,"sd","14:14:03",32487100
17.5,-0.6,10500,"sd","14:13:56",32483200
17.6,-0.5,300,"bu","14:13:54",32472700
17.5,-0.6,5000,"sd","14:13:52",32472400
17.6,-0.5,23000,"bu","14:13:48",32467400
17.6,-0.5,700,"bu","14:13:40",32444400
17.5,-0.6,500,"sd","14:13:33",32443700
17.6,-0.5,10000,"bu","14:13:27",32443200
17.6,-0.5,10000,"bu","14:13:22",32433200
17.6,-0.5,2000,"bu","14:13:15",32423200
17.6,-0.5,500,"bu","14:13:05",32421200
17.5,-0.6,1500,"sd","14:13:04",32420700
17.5,-0.6,700,"sd","14:13:01",32419200
17.5,-0.6,300,"sd","14:13:00",32418500
17.5,-0.6,5000,"sd","14:12:57",32418200
17.5,-0.6,2000,"sd","14:12:54",32413200
17.6,-0.5,700,"bu","14:12:52",32411200
17.5,-0.6,50000,"sd","14:12:51",32410500
17.5,-0.6,1000,"sd","14:12:50",32360500
17.6,-0.5,100,"bu","14:12:49",32359500
17.5,-0.6,500,"sd","14:12:45",32359400
17.5,-0.6,5000,"sd","14:12:44",32358900
17.5,-0.6,100,"sd","14:12:37",32353900
17.5,-0.6,1000,"sd","14:12:36",32353800
17.5,-0.6,10000,"sd","14:12:35",32352800
17.5,-0.6,1000,"sd","14:12:33",32342800
17.5,-0.6,10000,"sd","14:12:29",32341800
17.5,-0.6,30500,"sd","14:12:27",32331800
17.5,-0.6,20000,"sd","14:12:24",32301300
17.5,-0.6,3000,"sd","14:12:23",32281300
17.6,-0.5,2200,"bu","14:12:21",32278300
17.5,-0.6,3000,"sd","14:12:18",32276100
17.5,-0.6,2000,"sd","14:12:17",32273100
17.5,-0.6,1000,"sd","14:12:05",32271100
17.6,-0.5,300,"bu","14:12:01",32270100
17.6,-0.5,3000,"bu","14:11:53",32269800
17.6,-0.5,3200,"bu","14:11:46",32266800
17.6,-0.5,100,"bu","14:11:37",32263600
17.6,-0.5,1900,"bu","14:11:34",32263500
17.5,-0.6,400,"sd","14:11:29",32261600
17.6,-0.5,500,"bu","14:11:24",32261200
17.6,-0.5,10000,"bu","14:11:21",32260700
17.6,-0.5,300,"bu","14:11:20",32250700
17.5,-0.6,1300,"sd","14:11:19",32250400
17.5,-0.6,3000,"sd","14:11:17",32249100
17.5,-0.6,10300,"sd","14:11:13",32246100
17.6,-0.5,100,"bu","14:11:09",32235800
17.6,-0.5,1000,"bu","14:11:07",32235700
17.5,-0.6,300,"sd","14:11:04",32234700
17.6,-0.5,1000,"bu","14:11:00",32234400
17.6,-0.5,1000,"bu","14:10:54",32233400
17.5,-0.6,600,"sd","14:10:53",32232400
17.5,-0.6,6500,"sd","14:10:48",32231800
17.6,-0.5,3000,"bu","14:10:46",32225300
17.6,-0.5,1000,"bu","14:10:39",32222300
17.6,-0.5,900,"bu","14:10:37",32221300
17.6,-0.5,100,"bu","14:10:36",32220400
17.5,-0.6,5700,"sd","14:10:35",32220300
17.5,-0.6,500,"sd","14:10:33",32214600
17.6,-0.5,11000,"bu","14:10:31",32214100
17.5,-0.6,400,"sd","14:10:29",32203100
17.6,-0.5,20000,"bu","14:10:28",32202700
17.6,-0.5,5000,"bu","14:10:26",32182700
17.6,-0.5,100,"bu","14:10:25",32177700
17.6,-0.5,20000,"bu","14:10:23",32177600
17.6,-0.5,22000,"bu","14:10:22",32157600
17.6,-0.5,100,"bu","14:10:21",32135600
17.6,-0.5,1100,"bu","14:10:16",32135500
17.6,-0.5,100,"bu","14:10:14",32134400
17.6,-0.5,100,"bu","14:10:12",32134300
17.6,-0.5,26100,"bu","14:10:10",32134200
17.6,-0.5,67000,"sd","14:10:08",32108100
17.6,-0.5,10000,"sd","14:10:07",32041100
17.6,-0.5,5300,"sd","14:10:05",32031100
17.6,-0.5,500,"sd","14:10:03",32025800
17.6,-0.5,7000,"sd","14:10:02",32025300
17.6,-0.5,34000,"sd","14:09:53",32018300
17.7,-0.4,100,"bu","14:09:52",31984300
17.6,-0.5,3100,"sd","14:09:47",31984200
17.6,-0.5,2900,"sd","14:09:46",31981100
17.6,-0.5,5500,"sd","14:09:45",31978200
17.7,-0.4,51000,"bu","14:09:43",31972700
17.6,-0.5,2100,"sd","14:09:41",31921700
17.6,-0.5,500,"sd","14:09:37",31919600
17.6,-0.5,500,"sd","14:09:36",31919100
17.6,-0.5,500,"sd","14:09:34",31918600
17.7,-0.4,1700,"bu","14:09:29",31918100
17.6,-0.5,230000,"sd","14:09:28",31916400
17.7,-0.4,400,"bu","14:09:26",31686400
17.7,-0.4,600,"bu","14:09:23",31686000
17.7,-0.4,100,"bu","14:09:22",31685400
17.7,-0.4,100,"bu","14:09:20",31685300
17.6,-0.5,2000,"sd","14:09:17",31685200
17.7,-0.4,5000,"bu","14:09:16",31683200
17.7,-0.4,100,"bu","14:09:15",31678200
17.7,-0.4,3000,"bu","14:09:14",31678100
17.7,-0.4,10600,"bu","14:09:12",31675100
17.7,-0.4,3000,"bu","14:09:11",31664500
17.7,-0.4,2000,"bu","14:09:10",31661500
17.7,-0.4,1000,"bu","14:09:09",31659500
17.7,-0.4,2500,"bu","14:09:06",31658500
17.7,-0.4,100,"bu","14:09:05",31656000
17.7,-0.4,400,"bu","14:09:02",31655900
17.7,-0.4,1600,"bu","14:09:01",31655500
17.7,-0.4,700,"bu","14:09:00",31653900
17.7,-0.4,200,"bu","14:08:59",31653200
17.7,-0.4,2300,"bu","14:08:56",31653000
17.7,-0.4,2200,"bu","14:08:55",31650700
17.7,-0.4,1000,"bu","14:08:54",31648500
17.7,-0.4,500,"sd","14:08:51",31647500
17.7,-0.4,100,"sd","14:08:50",31647000
17.6,-0.5,3000,"sd","14:08:49",31646900
17.7,-0.4,20000,"bu","14:08:47",31643900
17.7,-0.4,3100,"bu","14:08:46",31623900
17.7,-0.4,100,"bu","14:08:44",31620800
17.7,-0.4,1400,"bu","14:08:43",31620700
17.7,-0.4,200,"bu","14:08:42",31619300
17.7,-0.4,3000,"bu","14:08:40",31619100
17.7,-0.4,1100,"bu","14:08:39",31616100
17.7,-0.4,600,"bu","14:08:38",31615000
17.7,-0.4,10300,"bu","14:08:37",31614400
17.7,-0.4,1200,"bu","14:08:36",31604100
17.7,-0.4,300,"bu","14:08:34",31602900
17.7,-0.4,2100,"bu","14:08:33",31602600
17.7,-0.4,400,"bu","14:08:31",31600500
17.7,-0.4,400000,"bu","14:08:29",31600100
17.7,-0.4,1000,"bu","14:08:27",31200100
17.7,-0.4,6000,"bu","14:08:26",31199100
17.6,-0.5,5000,"sd","14:08:19",31193100
17.7,-0.4,700,"bu","14:08:18",31188100
17.7,-0.4,10000,"bu","14:08:14",31187400
17.7,-0.4,9500,"bu","14:08:13",31177400
17.6,-0.5,2100,"sd","14:08:09",31167900
17.7,-0.4,300,"bu","14:08:08",31165800
17.7,-0.4,100,"bu","14:08:00",31165500
17.6,-0.5,10000,"sd","14:07:51",31165400
17.7,-0.4,7500,"bu","14:07:50",31155400
17.7,-0.4,1000,"bu","14:07:45",31147900
17.7,-0.4,5000,"bu","14:07:43",31146900
17.6,-0.5,500,"sd","14:07:42",31141900
17.7,-0.4,5000,"bu","14:07:28",31141400
17.6,-0.5,12300,"sd","14:07:21",31136400
17.7,-0.4,600,"bu","14:07:19",31124100
17.6,-0.5,3000,"sd","14:07:14",31123500
17.6,-0.5,2000,"sd","14:07:13",31120500
17.6,-0.5,500,"sd","14:07:12",31118500
17.6,-0.5,5000,"sd","14:07:11",31118000
17.6,-0.5,20000,"sd","14:07:03",31113000
17.6,-0.5,1000,"sd","14:07:00",31093000
17.7,-0.4,1500,"bu","14:06:59",31092000
17.6,-0.5,1000,"sd","14:06:54",31090500
17.6,-0.5,8600,"sd","14:06:46",31089500
17.6,-0.5,10100,"bu","14:06:45",31080900
17.6,-0.5,2000,"bu","14:06:44",31070800
17.6,-0.5,12700,"bu","14:06:41",31068800
17.6,-0.5,2500,"bu","14:06:38",31056100
17.6,-0.5,4000,"bu","14:06:35",31053600
17.6,-0.5,6200,"bu","14:06:34",31049600
17.6,-0.5,500,"bu","14:06:33",31043400
17.6,-0.5,100,"bu","14:06:32",31042900
17.6,-0.5,14000,"bu","14:06:31",31042800
17.6,-0.5,500,"bu","14:06:30",31028800
17.6,-0.5,14700,"bu","14:06:28",31028300
17.6,-0.5,1100,"bu","14:06:27",31013600
17.6,-0.5,1500,"bu","14:06:26",31012500
17.6,-0.5,22200,"bu","14:06:25",31011000
17.6,-0.5,10000,"bu","14:06:24",30988800
17.6,-0.5,1000,"bu","14:06:22",30978800
17.6,-0.5,1200,"bu","14:06:20",30977800
17.6,-0.5,1100,"bu","14:06:19",30976600
17.6,-0.5,2900,"bu","14:06:18",30975500
17.6,-0.5,300,"bu","14:06:17",30972600
17.6,-0.5,1500,"bu","14:06:14",30972300
17.5,-0.6,1000,"sd","14:06:13",30970800
17.6,-0.5,100,"bu","14:06:12",30969800
17.6,-0.5,34000,"bu","14:06:11",30969700
17.6,-0.5,50000,"bu","14:06:07",30935700
17.6,-0.5,160000,"bu","14:06:06",30885700
17.6,-0.5,600,"bu","14:06:05",30725700
17.6,-0.5,300,"bu","14:06:03",30725100
17.5,-0.6,100,"sd","14:06:02",30724800
17.6,-0.5,10000,"bu","14:05:59",30724700
17.5,-0.6,2000,"sd","14:05:58",30714700
17.6,-0.5,99300,"bu","14:05:57",30712700
17.6,-0.5,800,"bu","14:05:55",30613400
17.6,-0.5,1000,"bu","14:05:49",30612600
17.5,-0.6,2000,"sd","14:05:41",30611600
17.6,-0.5,32000,"bu","14:05:40",30609600
17.5,-0.6,5700,"sd","14:05:38",30577600
17.5,-0.6,27600,"sd","14:05:32",30571900
17.6,-0.5,500,"bu","14:05:29",30544300
17.5,-0.6,100,"sd","14:05:21",30543800
17.5,-0.6,5000,"sd","14:05:18",30543700
17.6,-0.5,400,"bu","14:05:16",30538700
17.5,-0.6,8000,"sd","14:05:15",30538300
17.5,-0.6,500,"sd","14:05:13",30530300
17.5,-0.6,13700,"sd","14:05:12",30529800
17.5,-0.6,1600,"sd","14:05:10",30516100
17.5,-0.6,64400,"bu","14:05:04",30514500
17.5,-0.6,1000,"bu","14:05:02",30450100
17.5,-0.6,50200,"bu","14:05:01",30449100
17.5,-0.6,3000,"bu","14:05:00",30398900
17.5,-0.6,5000,"bu","14:04:58",30395900
17.5,-0.6,5200,"bu","14:04:55",30390900
17.5,-0.6,3000,"bu","14:04:53",30385700
17.5,-0.6,600,"bu","14:04:52",30382700
17.5,-0.6,1800,"bu","14:04:50",30382100
17.5,-0.6,5000,"bu","14:04:49",30380300
17.5,-0.6,7200,"bu","14:04:46",30375300
17.5,-0.6,500,"bu","14:04:45",30368100
17.5,-0.6,1000,"bu","14:04:44",30367600
17.5,-0.6,900,"bu","14:04:43",30366600
17.4,-0.7,300,"sd","14:04:42",30365700
17.5,-0.6,11400,"bu","14:04:39",30365400
17.4,-0.7,2000,"sd","14:04:38",30354000
17.5,-0.6,100000,"bu","14:04:37",30352000
17.5,-0.6,1600,"bu","14:04:35",30252000
17.4,-0.7,15000,"sd","14:04:34",30250400
17.5,-0.6,6000,"bu","14:04:33",30235400
17.4,-0.7,1400,"sd","14:04:31",30229400
17.5,-0.6,3500,"bu","14:04:29",30228000
17.4,-0.7,100,"sd","14:04:27",30224500
17.5,-0.6,2000,"bu","14:04:23",30224400
17.4,-0.7,2500,"sd","14:04:22",30222400
17.4,-0.7,5000,"sd","14:04:19",30219900
17.5,-0.6,100,"bu","14:04:18",30214900
17.5,-0.6,5000,"bu","14:04:15",30214800
17.4,-0.7,200,"sd","14:04:14",30209800
17.4,-0.7,200,"sd","14:04:10",30209600
17.5,-0.6,12000,"bu","14:04:08",30209400
17.4,-0.7,1000,"sd","14:04:05",30197400
17.4,-0.7,400,"sd","14:04:04",30196400
17.4,-0.7,200,"sd","14:04:00",30196000
17.4,-0.7,2000,"sd","14:03:55",30195800
17.4,-0.7,100,"sd","14:03:54",30193800
17.4,-0.7,1000,"sd","14:03:53",30193700
17.4,-0.7,1600,"sd","14:03:49",30192700
17.4,-0.7,5000,"sd","14:03:47",30191100
17.4,-0.7,200,"sd","14:03:42",30186100
17.4,-0.7,5000,"sd","14:03:40",30185900
17.4,-0.7,2000,"sd","14:03:38",30180900
17.4,-0.7,300,"sd","14:03:34",30178900
17.4,-0.7,4000,"sd","14:03:32",30178600
17.4,-0.7,6000,"sd","14:03:30",30174600
17.4,-0.7,24400,"sd","14:03:29",30168600
17.4,-0.7,9100,"bu","14:03:24",30144200
17.4,-0.7,1400,"bu","14:03:23",30135100
17.4,-0.7,1000,"bu","14:03:22",30133700
17.3,-0.8,100,"sd","14:03:20",30132700
17.4,-0.7,25000,"bu","14:03:18",30132600
17.4,-0.7,6000,"bu","14:03:16",30107600
17.4,-0.7,10000,"bu","14:03:15",30101600
17.4,-0.7,13000,"bu","14:03:14",30091600
17.4,-0.7,17000,"bu","14:03:12",30078600
17.3,-0.8,1500,"sd","14:03:11",30061600
17.4,-0.7,600,"bu","14:03:10",30060100
17.4,-0.7,1000,"bu","14:03:09",30059500
17.4,-0.7,100,"bu","14:03:07",30058500
17.4,-0.7,500,"bu","14:03:06",30058400
17.3,-0.8,5700,"sd","14:03:05",30057900
17.3,-0.8,5000,"sd","14:03:01",30052200
17.4,-0.7,500,"bu","14:03:00",30047200
17.4,-0.7,2300,"bu","14:02:56",30046700
17.3,-0.8,8000,"sd","14:02:55",30044400
17.4,-0.7,100,"bu","14:02:54",30036400
17.4,-0.7,5200,"bu","14:02:53",30036300
17.4,-0.7,13900,"bu","14:02:52",30031100
17.3,-0.8,7500,"sd","14:02:51",30017200
17.4,-0.7,47700,"bu","14:02:50",30009700
17.4,-0.7,8000,"sd","14:02:49",29962000
17.4,-0.7,34900,"sd","14:02:47",29954000
17.4,-0.7,5000,"sd","14:02:46",29919100
17.4,-0.7,250000,"sd","14:02:42",29914100
17.4,-0.7,6000,"sd","14:02:41",29664100
17.4,-0.7,9800,"sd","14:02:38",29658100
17.4,-0.7,1000,"sd","14:02:36",29648300
17.4,-0.7,10000,"sd","14:02:35",29647300
17.4,-0.7,2200,"sd","14:02:33",29637300
17.4,-0.7,7000,"sd","14:02:32",29635100
17.4,-0.7,40000,"sd","14:02:26",29628100
17.4,-0.7,1000,"sd","14:02:25",29588100
17.5,-0.6,500,"bu","14:02:24",29587100
17.4,-0.7,38200,"sd","14:02:23",29586600
17.4,-0.7,2000,"sd","14:02:18",29548400
17.4,-0.7,500,"sd","14:02:17",29546400
17.5,-0.6,7200,"bu","14:02:16",29545900
17.5,-0.6,300,"bu","14:02:14",29538700
17.4,-0.7,1500,"sd","14:02:13",29538400
17.5,-0.6,100,"bu","14:02:12",29536900
17.4,-0.7,10000,"sd","14:02:10",29536800
17.5,-0.6,1000,"bu","14:02:08",29526800
17.4,-0.7,300,"sd","14:02:01",29525800
17.5,-0.6,1000,"bu","14:02:00",29525500
17.4,-0.7,11100,"sd","14:01:58",29524500
17.4,-0.7,11900,"sd","14:01:55",29513400
17.4,-0.7,2000,"sd","14:01:52",29501500
17.4,-0.7,8000,"sd","14:01:50",29499500
17.4,-0.7,2000,"sd","14:01:46",29491500
17.4,-0.7,1000,"sd","14:01:45",29489500
17.4,-0.7,500,"sd","14:01:44",29488500
17.4,-0.7,400,"sd","14:01:40",29488000
17.4,-0.7,1900,"sd","14:01:38",29487600
17.5,-0.6,2000,"bu","14:01:37",29485700
17.5,-0.6,1000,"bu","14:01:35",29483700
17.4,-0.7,1000,"sd","14:01:29",29482700
17.4,-0.7,35000,"sd","14:01:24",29481700
17.4,-0.7,3600,"sd","14:01:21",29446700
17.5,-0.6,300,"bu","14:01:14",29443100
17.4,-0.7,5000,"sd","14:01:13",29442800
17.4,-0.7,1500,"sd","14:01:12",29437800
17.4,-0.7,18400,"sd","14:01:08",29436300
17.5,-0.6,400,"bu","14:01:07",29417900
17.5,-0.6,10000,"bu","14:01:04",29417500
17.5,-0.6,101400,"bu","14:01:03",29407500
17.4,-0.7,3000,"bu","14:01:02",29306100
17.4,-0.7,1100,"bu","14:01:01",29303100
17.4,-0.7,416700,"bu","14:01:00",29302000
17.4,-0.7,10000,"sd","14:00:59",28885300
17.5,-0.6,1000,"bu","14:00:57",28875300
17.5,-0.6,600,"bu","14:00:55",28874300
17.5,-0.6,10600,"bu","14:00:52",28873700
17.5,-0.6,1200,"bu","14:00:50",28863100
17.5,-0.6,300,"bu","14:00:49",28861900
17.5,-0.6,200,"bu","14:00:46",28861600
17.5,-0.6,100,"bu","14:00:45",28861400
17.4,-0.7,300,"sd","14:00:44",28861300
17.5,-0.6,500,"bu","14:00:43",28861000
17.5,-0.6,100,"bu","14:00:42",28860500
17.5,-0.6,21500,"bu","14:00:41",28860400
17.5,-0.6,2000,"bu","14:00:40",28838900
17.5,-0.6,1200,"bu","14:00:39",28836900
17.5,-0.6,1200,"bu","14:00:36",28835700
17.5,-0.6,3000,"bu","14:00:34",28834500
17.5,-0.6,12000,"bu","14:00:33",28831500
17.5,-0.6,200,"bu","14:00:30",28819500
17.5,-0.6,3000,"bu","14:00:28",28819300
17.5,-0.6,4000,"bu","14:00:26",28816300
17.5,-0.6,1000,"bu","14:00:25",28812300
17.5,-0.6,100,"bu","14:00:24",28811300
17.5,-0.6,200,"bu","14:00:23",28811200
17.5,-0.6,200,"bu","14:00:21",28811000
17.5,-0.6,17000,"bu","14:00:20",28810800
17.5,-0.6,500,"bu","14:00:19",28793800
17.5,-0.6,41000,"bu","14:00:15",28793300
17.5,-0.6,2000,"bu","14:00:14",28752300
17.5,-0.6,2000,"bu","14:00:12",28750300
17.5,-0.6,1000,"bu","14:00:11",28748300
17.5,-0.6,6000,"bu","14:00:10",28747300
17.5,-0.6,8400,"bu","14:00:09",28741300
17.5,-0.6,6000,"bu","14:00:08",28732900
17.5,-0.6,1100,"bu","14:00:06",28726900
17.5,-0.6,2700,"bu","14:00:03",28725800
17.5,-0.6,200,"bu","13:59:59",28723100
17.5,-0.6,2400,"bu","13:59:56",28722900
17.5,-0.6,34000,"bu","13:59:55",28720500
17.5,-0.6,15000,"sd","13:59:54",28686500
17.5,-0.6,500,"sd","13:59:53",28671500
17.5,-0.6,51000,"sd","13:59:52",28671000
17.5,-0.6,5000,"sd","13:59:51",28620000
17.6,-0.5,20000,"bu","13:59:50",28615000
17.5,-0.6,40000,"sd","13:59:49",28595000
17.5,-0.6,10000,"sd","13:59:48",28555000
17.6,-0.5,1900,"bu","13:59:47",28545000
17.5,-0.6,300,"sd","13:59:46",28543100
17.5,-0.6,1600,"sd","13:59:43",28542800
17.5,-0.6,25000,"sd","13:59:40",28541200
17.5,-0.6,200,"sd","13:59:39",28516200
17.5,-0.6,300,"sd","13:59:36",28516000
17.5,-0.6,17800,"sd","13:59:34",28515700
17.5,-0.6,140000,"sd","13:59:32",28497900
17.5,-0.6,7100,"sd","13:59:31",28357900
17.5,-0.6,2500,"sd","13:59:30",28350800
17.6,-0.5,11000,"bu","13:59:29",28348300
17.5,-0.6,20000,"sd","13:59:28",28337300
17.5,-0.6,2500,"sd","13:59:27",28317300
17.6,-0.5,2700,"bu","13:59:26",28314800
17.5,-0.6,55000,"sd","13:59:24",28312100
17.5,-0.6,5000,"sd","13:59:23",28257100
17.6,-0.5,2000,"bu","13:59:22",28252100
17.5,-0.6,500,"sd","13:59:21",28250100
17.6,-0.5,21000,"bu","13:59:20",28249600
17.6,-0.5,500,"bu","13:59:18",28228600
17.5,-0.6,10000,"sd","13:59:17",28228100
17.5,-0.6,400,"sd","13:59:15",28218100
17.6,-0.5,1000,"bu","13:59:14",28217700
17.6,-0.5,5000,"bu","13:59:13",28216700
17.6,-0.5,200,"bu","13:59:11",28211700
17.5,-0.6,2000,"sd","13:59:09",28211500
17.6,-0.5,2000,"bu","13:59:08",28209500
17.6,-0.5,1100,"bu","13:59:07",28207500
17.5,-0.6,1000,"sd","13:59:06",28206400
17.5,-0.6,37000,"sd","13:59:05",28205400
17.5,-0.6,100,"sd","13:59:02",28168400
17.5,-0.6,7200,"sd","13:59:00",28168300
17.5,-0.6,4000,"sd","13:58:58",28161100
17.5,-0.6,50000,"sd","13:58:57",28157100
17.6,-0.5,600,"bu","13:58:56",28107100
17.5,-0.6,5000,"sd","13:58:51",28106500
17.5,-0.6,30000,"sd","13:58:50",28101500
17.5,-0.6,1100,"sd","13:58:46",28071500
17.6,-0.5,6000,"bu","13:58:45",28070400
17.5,-0.6,1500,"sd","13:58:44",28064400
17.5,-0.6,100,"sd","13:58:42",28062900
17.5,-0.6,1300,"sd","13:58:41",28062800
17.6,-0.5,2100,"bu","13:58:39",28061500
17.6,-0.5,1000,"bu","13:58:37",28059400
17.6,-0.5,100,"bu","13:58:35",28058400
17.6,-0.5,400,"bu","13:58:34",28058300
17.6,-0.5,2000,"bu","13:58:30",28057900
17.6,-0.5,1400,"bu","13:58:29",28055900
17.6,-0.5,1000,"bu","13:58:28",28054500
17.5,-0.6,4500,"sd","13:58:27",28053500
17.6,-0.5,1400,"bu","13:58:25",28049000
17.6,-0.5,33000,"bu","13:58:24",28047600
17.6,-0.5,31900,"bu","13:58:23",28014600
17.6,-0.5,16000,"sd","13:58:22",27982700
17.6,-0.5,11400,"sd","13:58:21",27966700
17.7,-0.4,15000,"bu","13:58:20",27955300
17.6,-0.5,2400,"sd","13:58:19",27940300
17.6,-0.5,500,"sd","13:58:17",27937900
17.7,-0.4,500,"bu","13:58:15",27937400
17.6,-0.5,100000,"sd","13:58:14",27936900
17.7,-0.4,300,"bu","13:58:13",27836900
17.7,-0.4,100,"bu","13:58:11",27836600
17.6,-0.5,4800,"sd","13:58:07",27836500
17.6,-0.5,14000,"sd","13:58:06",27831700
17.7,-0.4,2100,"bu","13:58:05",27817700
17.7,-0.4,300,"bu","13:58:03",27815600
17.6,-0.5,1500,"sd","13:58:02",27815300
17.6,-0.5,100,"sd","13:58:01",27813800
17.6,-0.5,26400,"sd","13:58:00",27813700
17.6,-0.5,10500,"sd","13:57:55",27787300
17.7,-0.4,500,"bu","13:57:52",27776800
17.7,-0.4,2900,"bu","13:57:51",27776300
17.7,-0.4,1000,"bu","13:57:48",27773400
17.6,-0.5,11000,"sd","13:57:47",27772400
17.7,-0.4,400,"bu","13:57:44",27761400
17.7,-0.4,100,"bu","13:57:42",27761000
17.7,-0.4,2000,"bu","13:57:41",27760900
17.6,-0.5,85700,"sd","13:57:40",27758900
17.6,-0.5,18100,"sd","13:57:39",27673200
17.6,-0.5,1000,"sd","13:57:38",27655100
17.7,-0.4,3000,"bu","13:57:37",27654100
17.7,-0.4,1100,"bu","13:57:35",27651100
17.7,-0.4,1000,"bu","13:57:34",27650000
17.6,-0.5,100,"sd","13:57:33",27649000
17.7,-0.4,1200,"bu","13:57:31",27648900
17.7,-0.4,500,"bu","13:57:30",27647700
17.6,-0.5,1600,"sd","13:57:25",27647200
17.7,-0.4,6100,"bu","13:57:21",27645600
17.6,-0.5,500,"sd","13:57:20",27639500
17.7,-0.4,6000,"bu","13:57:19",27639000
17.7,-0.4,200,"bu","13:57:17",27633000
17.6,-0.5,1000,"sd","13:57:15",27632800
17.7,-0.4,3100,"bu","13:57:14",27631800
17.6,-0.5,1000,"sd","13:57:12",27628700
17.6,-0.5,10000,"sd","13:57:11",27627700
17.6,-0.5,200,"sd","13:57:09",27617700
17.6,-0.5,200,"sd","13:57:07",27617500
17.6,-0.5,900,"sd","13:57:05",27617300
17.6,-0.5,500,"sd","13:57:03",27616400
17.6,-0.5,1000,"sd","13:57:00",27615900
17.6,-0.5,2000,"sd","13:56:59",27614900
17.6,-0.5,200,"sd","13:56:50",27612900
17.6,-0.5,500,"sd","13:56:45",27612700
17.7,-0.4,2000,"bu","13:56:44",27612200
17.7,-0.4,600,"bu","13:56:42",27610200
17.6,-0.5,15600,"sd","13:56:41",27609600
17.6,-0.5,100,"sd","13:56:37",27594000
17.6,-0.5,100,"bu","13:56:34",27593900
17.6,-0.5,27700,"bu","13:56:33",27593800
17.6,-0.5,100,"bu","13:56:32",27566100
17.6,-0.5,9900,"bu","13:56:31",27566000
17.6,-0.5,18500,"bu","13:56:30",27556100
17.6,-0.5,1900,"bu","13:56:29",27537600
17.6,-0.5,3500,"bu","13:56:28",27535700
17.6,-0.5,114100,"bu","13:56:27",27532200
17.6,-0.5,4700,"bu","13:56:26",27418100
17.6,-0.5,5800,"bu","13:56:25",27413400
17.6,-0.5,40500,"bu","13:56:24",27407600
17.6,-0.5,8400,"bu","13:56:23",27367100
17.6,-0.5,27000,"bu","13:56:22",27358700
17.6,-0.5,12900,"bu","13:56:21",27331700
17.6,-0.5,79100,"bu","13:56:20",27318800
17.6,-0.5,20800,"bu","13:56:19",27239700
17.6,-0.5,1500,"bu","13:56:18",27218900
17.6,-0.5,6000,"bu","13:56:17",27217400
17.6,-0.5,700,"bu","13:56:15",27211400
17.6,-0.5,1600,"bu","13:56:14",27210700
17.6,-0.5,11000,"bu","13:56:13",27209100
17.6,-0.5,5500,"bu","13:56:12",27198100
17.6,-0.5,300,"bu","13:56:11",27192600
17.6,-0.5,8800,"bu","13:56:10",27192300
17.6,-0.5,2900,"bu","13:56:09",27183500
17.6,-0.5,1600,"bu","13:56:08",27180600
17.6,-0.5,10700,"bu","13:56:07",27179000
17.6,-0.5,2500,"bu","13:56:06",27168300
17.6,-0.5,2000,"bu","13:56:05",27165800
17.6,-0.5,100,"bu","13:56:04",27163800
17.6,-0.5,1400,"bu","13:56:03",27163700
17.6,-0.5,200,"bu","13:56:01",27162300
17.6,-0.5,6000,"bu","13:56:00",27162100
17.6,-0.5,3500,"bu","13:55:59",27156100
17.6,-0.5,11000,"bu","13:55:57",27152600
17.6,-0.5,10200,"bu","13:55:56",27141600
17.6,-0.5,5200,"bu","13:55:55",27131400
17.6,-0.5,4000,"bu","13:55:54",27126200
17.6,-0.5,3400,"bu","13:55:51",27122200
17.6,-0.5,1000,"bu","13:55:50",27118800
17.5,-0.6,1700,"sd","13:55:49",27117800
17.6,-0.5,2000,"bu","13:55:48",27116100
17.6,-0.5,100,"bu","13:55:46",27114100
17.6,-0.5,9000,"bu","13:55:45",27114000
17.6,-0.5,3000,"bu","13:55:43",27105000
17.6,-0.5,11200,"bu","13:55:42",27102000
17.5,-0.6,1700,"sd","13:55:40",27090800
17.6,-0.5,11500,"bu","13:55:39",27089100
17.5,-0.6,300,"sd","13:55:38",27077600
17.5,-0.6,4900,"sd","13:55:37",27077300
17.6,-0.5,3800,"bu","13:55:35",27072400
17.6,-0.5,5100,"bu","13:55:32",27068600
17.6,-0.5,1500,"bu","13:55:30",27063500
17.5,-0.6,50000,"sd","13:55:29",27062000
17.6,-0.5,7000,"bu","13:55:28",27012000
17.6,-0.5,15100,"bu","13:55:26",27005000
17.6,-0.5,3000,"bu","13:55:25",26989900
17.6,-0.5,2000,"bu","13:55:23",26986900
17.5,-0.6,1000,"sd","13:55:20",26984900
17.6,-0.5,4500,"bu","13:55:19",26983900
17.5,-0.6,10000,"sd","13:55:18",26979400
17.6,-0.5,35100,"bu","13:55:17",26969400
17.5,-0.6,1700,"sd","13:55:13",26934300
17.5,-0.6,1000,"sd","13:55:09",26932600
17.6,-0.5,8600,"bu","13:55:08",26931600
17.5,-0.6,1200,"sd","13:55:07",26923000
17.5,-0.6,2500,"sd","13:55:05",26921800
17.6,-0.5,200,"bu","13:55:04",26919300
17.5,-0.6,2000,"sd","13:55:03",26919100
17.6,-0.5,100,"bu","13:55:02",26917100
17.6,-0.5,600,"bu","13:55:01",26917000
17.6,-0.5,2000,"bu","13:54:56",26916400
17.6,-0.5,800,"bu","13:54:55",26914400
17.6,-0.5,800,"bu","13:54:54",26913600
17.5,-0.6,9000,"sd","13:54:52",26912800
17.6,-0.5,2000,"bu","13:54:51",26903800
17.5,-0.6,3000,"sd","13:54:49",26901800
17.5,-0.6,200,"sd","13:54:47",26898800
17.5,-0.6,5200,"sd","13:54:42",26898600
17.5,-0.6,9800,"bu","13:54:41",26893400
17.5,-0.6,6100,"bu","13:54:40",26883600
17.5,-0.6,14800,"bu","13:54:39",26877500
17.5,-0.6,15200,"bu","13:54:38",26862700
17.5,-0.6,26600,"bu","13:54:37",26847500
17.5,-0.6,30300,"bu","13:54:36",26820900
17.5,-0.6,21000,"bu","13:54:35",26790600
17.5,-0.6,11100,"bu","13:54:34",26769600
17.5,-0.6,4200,"bu","13:54:33",26758500
17.5,-0.6,1200,"bu","13:54:32",26754300
17.5,-0.6,6500,"bu","13:54:31",26753100
17.5,-0.6,8300,"bu","13:54:30",26746600
17.5,-0.6,400,"bu","13:54:29",26738300
17.5,-0.6,155200,"bu","13:54:28",26737900
17.5,-0.6,22500,"bu","13:54:27",26582700
17.5,-0.6,42000,"bu","13:54:26",26560200
17.5,-0.6,2800,"bu","13:54:24",26518200
17.5,-0.6,12700,"bu","13:54:23",26515400
17.5,-0.6,5000,"bu","13:54:21",26502700
17.5,-0.6,4000,"bu","13:54:20",26497700
17.5,-0.6,400,"bu","13:54:19",26493700
17.5,-0.6,1100,"bu","13:54:18",26493300
17.5,-0.6,1000,"bu","13:54:17",26492200
17.5,-0.6,3300,"bu","13:54:16",26491200
17.5,-0.6,3600,"bu","13:54:15",26487900
17.5,-0.6,29100,"bu","13:54:14",26484300
17.5,-0.6,6200,"bu","13:54:13",26455200
17.5,-0.6,1600,"bu","13:54:11",26449000
17.5,-0.6,40000,"bu","13:54:10",26447400
17.4,-0.7,400,"sd","13:54:09",26407400
17.5,-0.6,100,"bu","13:54:08",26407000
17.5,-0.6,600,"bu","13:54:06",26406900
17.5,-0.6,500,"bu","13:54:05",26406300
17.5,-0.6,20500,"bu","13:54:04",26405800
17.5,-0.6,5000,"bu","13:54:03",26385300
17.5,-0.6,500,"bu","13:54:02",26380300
17.5,-0.6,3900,"bu","13:54:01",26379800
17.4,-0.7,1500,"sd","13:53:59",26375900
17.5,-0.6,11000,"bu","13:53:56",26374400
17.4,-0.7,2000,"sd","13:53:55",26363400
17.4,-0.7,30000,"sd","13:53:54",26361400
17.4,-0.7,100,"sd","13:53:52",26331400
17.4,-0.7,1000,"sd","13:53:51",26331300
17.4,-0.7,100,"sd","13:53:47",26330300
17.4,-0.7,20000,"sd","13:53:43",26330200
17.4,-0.7,31000,"sd","13:53:42",26310200
17.4,-0.7,700,"sd","13:53:39",26279200
17.4,-0.7,200,"sd","13:53:35",26278500
17.4,-0.7,200,"sd","13:53:32",26278300
17.4,-0.7,100,"sd","13:53:30",26278100
17.4,-0.7,11100,"sd","13:53:29",26278000
17.4,-0.7,7000,"bu","13:53:28",26266900
17.4,-0.7,11000,"bu","13:53:27",26259900
17.4,-0.7,22300,"bu","13:53:26",26248900
17.4,-0.7,10300,"bu","13:53:25",26226600
17.4,-0.7,4700,"bu","13:53:24",26216300
17.4,-0.7,8700,"bu","13:53:23",26211600
17.4,-0.7,25000,"bu","13:53:22",26202900
17.4,-0.7,10600,"bu","13:53:21",26177900
17.3,-0.8,4600,"sd","13:53:20",26167300
17.4,-0.7,4800,"bu","13:53:19",26162700
17.4,-0.7,2000,"bu","13:53:18",26157900
17.4,-0.7,2000,"bu","13:53:17",26155900
17.3,-0.8,2500,"sd","13:53:16",26153900
17.4,-0.7,10000,"bu","13:53:15",26151400
17.3,-0.8,1500,"sd","13:53:14",26141400
17.4,-0.7,1000,"bu","13:53:13",26139900
17.3,-0.8,1900,"sd","13:53:11",26138900
17.4,-0.7,12900,"bu","13:53:10",26137000
17.3,-0.8,13200,"sd","13:53:09",26124100
17.3,-0.8,7200,"sd","13:53:08",26110900
17.4,-0.7,44000,"bu","13:53:07",26103700
17.4,-0.7,15000,"bu","13:53:06",26059700
17.4,-0.7,500,"bu","13:53:05",26044700
17.4,-0.7,12600,"bu","13:53:04",26044200
17.3,-0.8,152100,"sd","13:53:02",26031600
17.4,-0.7,10000,"bu","13:53:01",25879500
17.3,-0.8,5000,"sd","13:53:00",25869500
17.3,-0.8,7200,"sd","13:52:58",25864500
17.3,-0.8,23700,"sd","13:52:57",25857300
17.4,-0.7,23300,"bu","13:52:56",25833600
17.4,-0.7,30200,"bu","13:52:55",25810300
17.4,-0.7,8700,"bu","13:52:54",25780100
17.3,-0.8,1200,"sd","13:52:53",25771400
17.3,-0.8,17000,"sd","13:52:51",25770200
17.4,-0.7,100,"bu","13:52:50",25753200
17.3,-0.8,6400,"sd","13:52:49",25753100
17.4,-0.7,20000,"bu","13:52:48",25746700
17.4,-0.7,2000,"bu","13:52:46",25726700
17.3,-0.8,500,"sd","13:52:45",25724700
17.4,-0.7,10000,"bu","13:52:44",25724200
17.3,-0.8,3600,"sd","13:52:43",25714200
17.3,-0.8,5000,"sd","13:52:42",25710600
17.3,-0.8,1000,"sd","13:52:40",25704600
17.3,-0.8,10900,"sd","13:52:39",25703600
17.3,-0.8,15600,"sd","13:52:35",25692700
17.4,-0.7,13800,"bu","13:52:34",25677100
17.3,-0.8,8000,"sd","13:52:32",25663300
17.4,-0.7,10500,"bu","13:52:31",25655300
17.4,-0.7,6000,"bu","13:52:30",25644800
17.4,-0.7,2500,"bu","13:52:29",25638800
17.3,-0.8,1000,"sd","13:52:28",25636300
17.3,-0.8,10000,"sd","13:52:27",25635300
17.4,-0.7,20000,"bu","13:52:26",25625300
17.3,-0.8,100,"sd","13:52:25",25605300
17.4,-0.7,10000,"bu","13:52:23",25605200
17.4,-0.7,2000,"bu","13:52:20",25595200
17.3,-0.8,1000,"sd","13:52:18",25593200
17.3,-0.8,2000,"sd","13:52:16",25592200
17.4,-0.7,600,"bu","13:52:15",25590200
17.4,-0.7,2000,"bu","13:52:14",25589600
17.3,-0.8,3200,"sd","13:52:13",25587600
17.3,-0.8,100,"sd","13:52:12",25584400
17.4,-0.7,3200,"bu","13:52:10",25584300
17.3,-0.8,1000,"sd","13:52:09",25581100
17.3,-0.8,70000,"sd","13:52:08",25580100
17.3,-0.8,500,"sd","13:52:07",25510100
17.3,-0.8,500,"sd","13:52:06",25509600
17.4,-0.7,1000,"bu","13:52:05",25509100
17.4,-0.7,21100,"bu","13:52:04",25508100
17.3,-0.8,1600,"sd","13:52:03",25487000
17.3,-0.8,300,"sd","13:52:02",25485400
17.3,-0.8,1500,"sd","13:52:01",25485100
17.4,-0.7,6000,"bu","13:52:00",25483600
17.4,-0.7,90100,"bu","13:51:59",25477600
17.3,-0.8,300,"sd","13:51:58",25387500
17.3,-0.8,1000,"sd","13:51:57",25387200
17.3,-0.8,100,"sd","13:51:56",25386200
17.3,-0.8,13900,"sd","13:51:54",25386100
17.3,-0.8,3400,"sd","13:51:53",25372200
17.4,-0.7,1000,"bu","13:51:51",25368800
17.3,-0.8,40400,"sd","13:51:50",25367800
17.3,-0.8,4400,"sd","13:51:48",25327400
17.3,-0.8,3400,"sd","13:51:47",25323000
17.4,-0.7,7000,"bu","13:51:46",25319600
17.4,-0.7,1100,"bu","13:51:43",25312600
17.3,-0.8,3500,"sd","13:51:42",25311500
17.4,-0.7,7700,"bu","13:51:41",25308000
17.3,-0.8,20000,"sd","13:51:40",25300300
17.4,-0.7,10400,"bu","13:51:38",25280300
17.4,-0.7,1000,"bu","13:51:37",25269900
17.3,-0.8,400,"sd","13:51:36",25268900
17.4,-0.7,200,"bu","13:51:35",25268500
17.3,-0.8,6900,"sd","13:51:33",25268300
17.3,-0.8,3300,"sd","13:51:32",25261400
17.4,-0.7,1000,"bu","13:51:31",25258100
17.4,-0.7,300,"bu","13:51:30",25257100
17.4,-0.7,100,"bu","13:51:28",25256800
17.4,-0.7,2500,"bu","13:51:26",25256700
17.4,-0.7,3000,"bu","13:51:25",25254200
17.4,-0.7,700,"bu","13:51:23",25251200
17.4,-0.7,2200,"bu","13:51:21",25250500
17.4,-0.7,20000,"sd","13:51:20",25248300
17.4,-0.7,3400,"sd","13:51:19",25228300
17.4,-0.7,9000,"sd","13:51:18",25224900
17.4,-0.7,58400,"sd","13:51:17",25215900
17.4,-0.7,5000,"sd","13:51:16",25157500
17.5,-0.6,327800,"bu","13:51:15",25152500
17.4,-0.7,100000,"sd","13:51:14",24824700
17.4,-0.7,300,"sd","13:51:13",24724700
17.4,-0.7,5000,"sd","13:51:12",24724400
17.4,-0.7,2100,"sd","13:51:11",24719400
17.4,-0.7,3700,"sd","13:51:10",24717300
17.4,-0.7,30000,"sd","13:51:09",24713600
17.4,-0.7,600,"sd","13:51:08",24683600
17.4,-0.7,3000,"sd","13:51:07",24683000
17.4,-0.7,5900,"sd","13:51:06",24680000
17.4,-0.7,1900,"sd","13:51:05",24674100
17.4,-0.7,5000,"sd","13:51:04",24672200
17.4,-0.7,9000,"sd","13:51:03",24667200
17.4,-0.7,2400,"sd","13:51:02",24658200
17.4,-0.7,2100,"sd","13:51:01",24655800
17.4,-0.7,2400,"sd","13:51:00",24653700
17.4,-0.7,39300,"sd","13:50:59",24651300
17.4,-0.7,3000,"sd","13:50:58",24612000
17.4,-0.7,1700,"sd","13:50:56",24609000
17.4,-0.7,3800,"sd","13:50:55",24607300
17.4,-0.7,11100,"sd","13:50:54",24603500
17.4,-0.7,6000,"sd","13:50:53",24592400
17.4,-0.7,13100,"sd","13:50:52",24586400
17.4,-0.7,15000,"sd","13:50:51",24573300
17.4,-0.7,1000,"sd","13:50:49",24558300
17.4,-0.7,12000,"sd","13:50:48",24557300
17.4,-0.7,1000,"sd","13:50:47",24545300
17.4,-0.7,27800,"sd","13:50:46",24544300
17.4,-0.7,41600,"sd","13:50:44",24516500
17.4,-0.7,9500,"sd","13:50:41",24474900
17.4,-0.7,6500,"sd","13:50:40",24465400
17.4,-0.7,1000,"sd","13:50:39",24458900
17.4,-0.7,9600,"sd","13:50:37",24457900
17.4,-0.7,500,"sd","13:50:36",24448300
17.4,-0.7,16000,"sd","13:50:35",24447800
17.4,-0.7,1000,"sd","13:50:34",24431800
17.4,-0.7,200,"sd","13:50:32",24430800
17.4,-0.7,7800,"sd","13:50:31",24430600
17.4,-0.7,5000,"sd","13:50:29",24422800
17.4,-0.7,9500,"sd","13:50:28",24417800
17.4,-0.7,400,"sd","13:50:27",24408300
17.4,-0.7,1000,"sd","13:50:25",24407900
17.4,-0.7,2000,"sd","13:50:24",24406900
17.4,-0.7,100,"sd","13:50:20",24404900
17.5,-0.6,100,"bu","13:50:18",24404800
17.5,-0.6,55000,"bu","13:50:17",24404700
17.5,-0.6,2200,"bu","13:50:15",24349700
17.4,-0.7,1800,"sd","13:50:14",24347500
17.5,-0.6,3000,"bu","13:50:12",24345700
17.5,-0.6,100,"bu","13:50:11",24342700
17.5,-0.6,5000,"bu","13:50:10",24342600
17.5,-0.6,1500,"bu","13:50:08",24337600
17.4,-0.7,11000,"sd","13:50:06",24336100
17.5,-0.6,6500,"bu","13:50:02",24325100
17.4,-0.7,700,"sd","13:50:00",24318600
17.4,-0.7,20000,"sd","13:49:59",24317900
17.5,-0.6,5000,"bu","13:49:56",24297900
17.5,-0.6,600,"bu","13:49:55",24292900
17.4,-0.7,10000,"sd","13:49:54",24292300
17.5,-0.6,300,"bu","13:49:53",24282300
17.5,-0.6,500,"bu","13:49:52",24282000
17.4,-0.7,300,"sd","13:49:49",24281500
17.5,-0.6,74800,"bu","13:49:45",24281200
17.5,-0.6,32200,"sd","13:49:44",24206400
17.5,-0.6,23000,"sd","13:49:43",24174200
17.5,-0.6,134400,"sd","13:49:42",24151200
17.5,-0.6,3600,"sd","13:49:41",24016800
17.5,-0.6,235300,"sd","13:49:40",24013200
17.5,-0.6,39500,"sd","13:49:39",23777900
17.5,-0.6,60300,"sd","13:49:38",23738400
17.5,-0.6,11200,"sd","13:49:37",23678100
17.5,-0.6,52500,"sd","13:49:36",23666900
17.5,-0.6,500,"sd","13:49:35",23614400
17.5,-0.6,350300,"sd","13:49:34",23613900
17.5,-0.6,3000,"sd","13:49:31",23263600
17.6,-0.5,500,"bu","13:49:30",23260600
17.5,-0.6,8500,"sd","13:49:29",23260100
17.5,-0.6,7200,"sd","13:49:28",23251600
17.5,-0.6,23000,"sd","13:49:27",23244400
17.5,-0.6,5000,"sd","13:49:26",23221400
17.5,-0.6,500,"sd","13:49:25",23216400
17.5,-0.6,40500,"sd","13:49:24",23215900
17.5,-0.6,12200,"sd","13:49:22",23175400
17.5,-0.6,5000,"sd","13:49:21",23163200
17.5,-0.6,7300,"sd","13:49:19",23158200
17.5,-0.6,1600,"sd","13:49:18",23150900
17.5,-0.6,22600,"sd","13:49:16",23149300
17.5,-0.6,55000,"sd","13:49:15",23126700
17.6,-0.5,600,"bu","13:49:14",23071700
17.5,-0.6,8000,"sd","13:49:11",23071100
17.5,-0.6,10500,"sd","13:49:10",23063100
17.5,-0.6,5000,"sd","13:49:09",23052600
17.5,-0.6,12200,"sd","13:49:07",23047600
17.6,-0.5,2500,"bu","13:49:06",23035400
17.5,-0.6,1700,"sd","13:49:02",23032900
17.5,-0.6,4500,"sd","13:49:01",23031200
17.5,-0.6,5500,"sd","13:49:00",23026700
17.5,-0.6,14000,"sd","13:48:59",23021200
17.5,-0.6,200,"sd","13:48:58",23007200
17.5,-0.6,3000,"sd","13:48:56",23007000
17.5,-0.6,10000,"sd","13:48:55",23004000
17.5,-0.6,7000,"sd","13:48:54",22994000
17.5,-0.6,10000,"sd","13:48:53",22987000
17.5,-0.6,300,"sd","13:48:52",22977000
17.6,-0.5,2000,"bu","13:48:51",22976700
17.5,-0.6,3000,"sd","13:48:50",22974700
17.5,-0.6,100,"sd","13:48:48",22971700
17.5,-0.6,1500,"sd","13:48:46",22971600
17.5,-0.6,1000,"sd","13:48:45",22970100
17.5,-0.6,4000,"sd","13:48:44",22969100
17.5,-0.6,5000,"sd","13:48:43",22965100
17.5,-0.6,1000,"sd","13:48:42",22960100
17.5,-0.6,300,"sd","13:48:38",22959100
17.5,-0.6,11000,"sd","13:48:35",22958800
17.6,-0.5,5000,"bu","13:48:32",22947800
17.5,-0.6,5000,"sd","13:48:31",22942800
17.5,-0.6,10000,"sd","13:48:28",22937800
17.5,-0.6,2100,"sd","13:48:27",22927800
17.5,-0.6,500,"sd","13:48:26",22925700
17.5,-0.6,1000,"sd","13:48:24",22925200
17.6,-0.5,100,"bu","13:48:23",22924200
17.5,-0.6,200,"sd","13:48:22",22924100
17.5,-0.6,200,"sd","13:48:20",22923900
17.5,-0.6,2300,"sd","13:48:18",22923700
17.5,-0.6,5900,"sd","13:48:15",22921400
17.5,-0.6,9000,"sd","13:48:14",22915500
17.5,-0.6,100,"sd","13:48:13",22906500
17.5,-0.6,100,"sd","13:48:08",22906400
17.6,-0.5,5800,"bu","13:48:05",22906300
17.5,-0.6,5300,"sd","13:48:04",22900500
17.5,-0.6,10000,"sd","13:48:02",22895200
17.5,-0.6,200,"sd","13:48:00",22885200
17.5,-0.6,200,"sd","13:47:57",22885000
17.5,-0.6,17000,"sd","13:47:50",22884800
17.5,-0.6,1900,"sd","13:47:49",22867800
17.5,-0.6,3100,"sd","13:47:48",22865900
17.5,-0.6,700,"sd","13:47:47",22862800
17.6,-0.5,100,"bu","13:47:46",22862100
17.6,-0.5,100,"bu","13:47:45",22862000
17.6,-0.5,1000,"bu","13:47:42",22861900
17.6,-0.5,100,"bu","13:47:37",22860900
17.5,-0.6,15000,"sd","13:47:36",22860800
17.5,-0.6,8000,"sd","13:47:34",22845800
17.6,-0.5,3000,"bu","13:47:33",22837800
17.5,-0.6,1000,"sd","13:47:32",22834800
17.6,-0.5,2000,"bu","13:47:29",22833800
17.6,-0.5,1000,"bu","13:47:27",22831800
17.5,-0.6,10000,"sd","13:47:24",22830800
17.6,-0.5,11700,"sd","13:47:23",22820800
17.6,-0.5,2800,"sd","13:47:22",22809100
17.6,-0.5,59500,"sd","13:47:21",22806300
17.6,-0.5,3000,"sd","13:47:20",22746800
17.6,-0.5,123900,"sd","13:47:18",22743800
17.6,-0.5,33700,"sd","13:47:17",22619900
17.6,-0.5,500,"sd","13:47:16",22586200
17.6,-0.5,20500,"sd","13:47:15",22585700
17.6,-0.5,20700,"sd","13:47:14",22565200
17.6,-0.5,106300,"sd","13:47:13",22544500
17.6,-0.5,50000,"sd","13:47:12",22438200
17.6,-0.5,1200,"sd","13:47:11",22388200
17.6,-0.5,5000,"sd","13:47:10",22387000
17.6,-0.5,1000,"sd","13:47:08",22382000
17.6,-0.5,53000,"sd","13:47:07",22381000
17.6,-0.5,900,"sd","13:47:06",22328000
17.6,-0.5,60000,"sd","13:47:05",22327100
17.6,-0.5,4900,"sd","13:47:04",22267100
17.6,-0.5,200,"sd","13:47:03",22262200
17.6,-0.5,1000,"sd","13:47:01",22262000
17.6,-0.5,300,"sd","13:47:00",22261000
17.6,-0.5,40000,"sd","13:46:59",22260700
17.6,-0.5,500,"sd","13:46:57",22220700
17.6,-0.5,2400,"sd","13:46:56",22220200
17.6,-0.5,4000,"sd","13:46:54",22217800
17.6,-0.5,200,"sd","13:46:52",22213800
17.6,-0.5,500,"sd","13:46:49",22213600
17.6,-0.5,500,"sd","13:46:45",22213100
17.6,-0.5,100,"sd","13:46:44",22212600
17.6,-0.5,7000,"sd","13:46:43",22212500
17.6,-0.5,2000,"sd","13:46:42",22205500
17.6,-0.5,1300,"sd","13:46:41",22203500
17.6,-0.5,2400,"sd","13:46:37",22202200
17.6,-0.5,500,"sd","13:46:35",22199800
17.6,-0.5,27500,"sd","13:46:34",22199300
17.6,-0.5,1000,"sd","13:46:33",22171800
17.6,-0.5,5000,"sd","13:46:32",22170800
17.6,-0.5,20000,"sd","13:46:26",22165800
17.7,-0.4,34000,"bu","13:46:23",22145800
17.6,-0.5,7500,"sd","13:46:22",22111800
17.6,-0.5,100,"sd","13:46:21",22104300
17.6,-0.5,500,"sd","13:46:20",22104200
17.6,-0.5,9000,"sd","13:46:19",22103700
17.6,-0.5,7500,"sd","13:46:12",22094700
17.6,-0.5,7100,"sd","13:46:10",22087200
17.6,-0.5,2000,"sd","13:46:08",22080100
17.6,-0.5,1500,"sd","13:46:04",22078100
17.6,-0.5,5000,"sd","13:46:01",22076600
17.7,-0.4,2000,"bu","13:45:58",22071600
17.6,-0.5,1000,"sd","13:45:56",22069600
17.6,-0.5,5000,"sd","13:45:53",22068600
17.6,-0.5,500,"sd","13:45:48",22063600
17.6,-0.5,200,"sd","13:45:44",22063100
17.6,-0.5,7000,"sd","13:45:42",22062900
17.6,-0.5,200,"sd","13:45:41",22055900
17.6,-0.5,5000,"sd","13:45:36",22055700
17.6,-0.5,3600,"sd","13:45:32",22050700
17.6,-0.5,2800,"sd","13:45:28",22047100
17.7,-0.4,1500,"bu","13:45:25",22044300
17.7,-0.4,1000,"bu","13:45:22",22042800
17.7,-0.4,2100,"bu","13:45:21",22041800
17.7,-0.4,11500,"bu","13:45:20",22039700
17.7,-0.4,300,"bu","13:45:17",22028200
17.6,-0.5,200,"sd","13:45:16",22027900
17.6,-0.5,100,"sd","13:45:15",22027700
17.6,-0.5,3900,"sd","13:45:14",22027600
17.6,-0.5,1000,"sd","13:45:11",22023700
17.6,-0.5,900,"sd","13:45:05",22022700
17.7,-0.4,1000,"bu","13:45:02",22021800
17.6,-0.5,500,"sd","13:44:58",22020800
17.6,-0.5,100,"sd","13:44:55",22020300
17.6,-0.5,500,"sd","13:44:52",22020200
17.6,-0.5,500,"sd","13:44:51",22019700
17.6,-0.5,8100,"sd","13:44:49",22019200
17.6,-0.5,300,"sd","13:44:40",22011100
17.6,-0.5,200,"sd","13:44:39",22010800
17.6,-0.5,2000,"sd","13:44:25",22010600
17.7,-0.4,10000,"bu","13:44:16",22008600
17.6,-0.5,500,"sd","13:44:08",21998600
17.6,-0.5,2700,"sd","13:43:58",21998100
17.6,-0.5,400,"sd","13:43:49",21995400
17.6,-0.5,2500,"sd","13:43:47",21995000
17.6,-0.5,5000,"sd","13:43:39",21992500
17.6,-0.5,300,"sd","13:43:34",21987500
17.7,-0.4,3000,"bu","13:43:31",21987200
17.7,-0.4,20000,"bu","13:43:29",21984200
17.6,-0.5,10000,"sd","13:43:28",21964200
17.6,-0.5,1200,"sd","13:43:26",21954200
17.6,-0.5,500,"sd","13:43:23",21953000
17.6,-0.5,800,"sd","13:43:20",21952500
17.6,-0.5,1900,"sd","13:43:18",21951700
17.6,-0.5,1000,"bu","13:43:17",21949800
17.6,-0.5,2500,"bu","13:43:16",21948800
17.6,-0.5,17200,"bu","13:43:15",21946300
17.6,-0.5,31000,"sd","13:43:14",21929100
17.6,-0.5,19500,"sd","13:43:12",21898100
17.6,-0.5,7800,"sd","13:43:09",21878600
17.6,-0.5,8300,"bu","13:43:08",21870800
17.6,-0.5,5000,"bu","13:43:07",21862500
17.6,-0.5,102500,"bu","13:43:06",21857500
17.6,-0.5,1200,"bu","13:43:04",21755000
17.6,-0.5,1200,"bu","13:43:03",21753800
17.6,-0.5,1000,"bu","13:43:01",21752600
17.6,-0.5,4100,"bu","13:43:00",21751600
17.6,-0.5,1000,"bu","13:42:59",21747500
17.6,-0.5,4000,"bu","13:42:58",21746500
17.6,-0.5,1000,"bu","13:42:57",21742500
17.6,-0.5,1000,"bu","13:42:55",21741500
17.5,-0.6,7000,"sd","13:42:54",21740500
17.6,-0.5,1000,"bu","13:42:52",21732700
17.6,-0.5,300,"bu","13:42:50",21731700
17.6,-0.5,5100,"bu","13:42:49",21731400
17.6,-0.5,19000,"bu","13:42:48",21726300
17.6,-0.5,5100,"bu","13:42:47",21707300
17.6,-0.5,5000,"bu","13:42:46",21702200
17.6,-0.5,100,"bu","13:42:45",21697200
17.6,-0.5,6500,"bu","13:42:44",21697100
17.6,-0.5,11000,"bu","13:42:43",21690600
17.6,-0.5,5000,"bu","13:42:42",21679600
17.6,-0.5,50100,"bu","13:42:41",21674600
17.6,-0.5,4500,"bu","13:42:39",21624500
17.6,-0.5,19000,"bu","13:42:38",21620000
17.6,-0.5,15000,"bu","13:42:37",21601000
17.6,-0.5,18500,"bu","13:42:36",21586000
17.6,-0.5,1000,"bu","13:42:33",21567500
17.6,-0.5,1900,"bu","13:42:32",21566500
17.6,-0.5,5400,"bu","13:42:28",21564600
17.5,-0.6,20200,"sd","13:42:26",21559200
17.6,-0.5,5000,"bu","13:42:24",21539000
17.5,-0.6,200,"sd","13:42:18",21534000
17.6,-0.5,203000,"bu","13:42:17",21533800
17.5,-0.6,1000,"sd","13:42:14",21330800
17.6,-0.5,2000,"bu","13:42:11",21329800
17.5,-0.6,2500,"sd","13:42:10",21327800
17.6,-0.5,100,"bu","13:42:08",21325300
17.6,-0.5,2200,"bu","13:42:07",21325200
17.5,-0.6,700,"sd","13:42:05",21323000
17.6,-0.5,10000,"bu","13:42:04",21322300
17.6,-0.5,10000,"bu","13:42:02",21312300
17.6,-0.5,1100,"bu","13:41:59",21302300
17.6,-0.5,5200,"bu","13:41:55",21301200
17.6,-0.5,100,"bu","13:41:54",21296000
17.5,-0.6,3400,"sd","13:41:52",21295900
17.6,-0.5,400,"bu","13:41:49",21292500
17.6,-0.5,5500,"bu","13:41:44",21292100
17.5,-0.6,600,"sd","13:41:42",21286600
17.6,-0.5,400,"bu","13:41:40",21286000
17.6,-0.5,3000,"bu","13:41:39",21285600
17.6,-0.5,1200,"bu","13:41:38",21282600
17.5,-0.6,100,"sd","13:41:33",21281400
17.6,-0.5,2000,"bu","13:41:31",21281300
17.6,-0.5,1000,"bu","13:41:27",21279300
17.6,-0.5,2000,"bu","13:41:24",21278300
17.5,-0.6,2500,"sd","13:41:23",21276300
17.6,-0.5,10000,"bu","13:41:21",21273800
17.6,-0.5,5500,"bu","13:41:19",21263800
17.5,-0.6,31100,"sd","13:41:17",21258300
17.6,-0.5,300,"bu","13:41:14",21227200
17.6,-0.5,2500,"bu","13:41:13",21226900
17.6,-0.5,100,"bu","13:41:12",21224400
17.6,-0.5,100,"bu","13:41:11",21224300
17.6,-0.5,1100,"bu","13:41:10",21224200
17.5,-0.6,2000,"sd","13:41:09",21223100
17.6,-0.5,500,"bu","13:41:07",21221100
17.6,-0.5,10300,"bu","13:41:06",21220600
17.6,-0.5,10500,"bu","13:41:05",21210300
17.6,-0.5,100,"bu","13:40:54",21199800
17.6,-0.5,1000,"bu","13:40:53",21199700
17.6,-0.5,100,"bu","13:40:52",21198700
17.5,-0.6,500,"sd","13:40:51",21198600
17.6,-0.5,300,"bu","13:40:49",21198100
17.6,-0.5,300,"bu","13:40:46",21197800
17.6,-0.5,100,"bu","13:40:44",21197500
17.5,-0.6,1000,"sd","13:40:43",21197400
17.5,-0.6,100,"sd","13:40:41",21196400
17.6,-0.5,1000,"bu","13:40:39",21196300
17.5,-0.6,2000,"sd","13:40:33",21195300
17.6,-0.5,100,"bu","13:40:32",21193300
17.6,-0.5,2700,"bu","13:40:31",21193200
17.5,-0.6,200,"sd","13:40:30",21190500
17.6,-0.5,5800,"bu","13:40:29",21190300
17.6,-0.5,3400,"bu","13:40:26",21184500
17.5,-0.6,2000,"sd","13:40:25",21181100
17.6,-0.5,2000,"bu","13:40:24",21179100
17.6,-0.5,5000,"bu","13:40:21",21177100
17.6,-0.5,100,"bu","13:40:20",21172100
17.6,-0.5,2000,"bu","13:40:19",21172000
17.5,-0.6,300,"sd","13:40:16",21170000
17.5,-0.6,2200,"sd","13:40:14",21169700
17.6,-0.5,2000,"bu","13:40:13",21167500
17.6,-0.5,2100,"bu","13:40:10",21165500
17.5,-0.6,2000,"sd","13:40:08",21163400
17.6,-0.5,2500,"bu","13:40:07",21161400
17.5,-0.6,3000,"sd","13:40:05",21158900
17.6,-0.5,3000,"bu","13:40:04",21155900
17.6,-0.5,100,"bu","13:40:03",21152900
17.6,-0.5,500,"bu","13:40:00",21152800
17.6,-0.5,1500,"bu","13:39:59",21152300
17.6,-0.5,300,"bu","13:39:57",21150800
17.6,-0.5,6200,"bu","13:39:55",21150500
17.5,-0.6,2400,"sd","13:39:54",21144300
17.6,-0.5,500,"bu","13:39:51",21141900
17.6,-0.5,400,"bu","13:39:50",21141400
17.6,-0.5,200,"bu","13:39:49",21141000
17.6,-0.5,800,"bu","13:39:48",21140800
17.6,-0.5,5000,"bu","13:39:45",21140000
17.6,-0.5,9000,"bu","13:39:43",21135000
17.6,-0.5,300,"bu","13:39:39",21126000
17.5,-0.6,8000,"sd","13:39:37",21125700
17.5,-0.6,2100,"sd","13:39:36",21117700
17.6,-0.5,700,"bu","13:39:32",21115600
17.6,-0.5,1000,"bu","13:39:28",21114900
17.6,-0.5,1400,"bu","13:39:27",21113900
17.6,-0.5,700,"bu","13:39:21",21112500
17.6,-0.5,4000,"bu","13:39:19",21111800
17.6,-0.5,2000,"bu","13:39:13",21107800
17.5,-0.6,2000,"sd","13:39:05",21105800
17.6,-0.5,10000,"bu","13:39:02",21103800
17.5,-0.6,100,"sd","13:38:59",21093800
17.5,-0.6,3000,"sd","13:38:58",21093700
17.5,-0.6,1000,"sd","13:38:54",21090700
17.5,-0.6,2000,"sd","13:38:51",21089700
17.6,-0.5,5500,"bu","13:38:49",21087700
17.5,-0.6,6000,"sd","13:38:47",21082200
17.6,-0.5,8500,"bu","13:38:46",21076200
17.5,-0.6,10000,"sd","13:38:45",21067700
17.6,-0.5,1400,"bu","13:38:44",21057700
17.5,-0.6,100,"sd","13:38:39",21056300
17.5,-0.6,100,"sd","13:38:36",21056200
17.6,-0.5,300,"bu","13:38:29",21056100
17.5,-0.6,2000,"sd","13:38:28",21055800
17.6,-0.5,3500,"bu","13:38:25",21053800
17.6,-0.5,100,"bu","13:38:21",21050300
17.6,-0.5,3200,"bu","13:38:20",21050200
17.5,-0.6,100,"sd","13:38:19",21047000
17.5,-0.6,500,"sd","13:38:18",21046900
17.6,-0.5,500,"bu","13:38:15",21046400
17.6,-0.5,100,"bu","13:38:14",21045900
17.6,-0.5,300,"bu","13:38:11",21045800
17.6,-0.5,1000,"bu","13:38:07",21045500
17.6,-0.5,1000,"bu","13:38:02",21044500
17.6,-0.5,2000,"bu","13:37:55",21043500
17.6,-0.5,1500,"bu","13:37:52",21041500
17.6,-0.5,5000,"bu","13:37:50",21040000
17.6,-0.5,600,"bu","13:37:45",21035000
17.6,-0.5,3000,"bu","13:37:42",21034400
17.6,-0.5,6800,"sd","13:37:39",21031400
17.6,-0.5,2000,"sd","13:37:38",21024600
17.6,-0.5,60300,"sd","13:37:37",21022600
17.6,-0.5,23300,"sd","13:37:36",20962300
17.6,-0.5,15600,"sd","13:37:34",20939000
17.6,-0.5,300,"sd","13:37:33",20923400
17.6,-0.5,11100,"sd","13:37:29",20923100
17.6,-0.5,3000,"sd","13:37:28",20912000
17.6,-0.5,10000,"sd","13:37:26",20909000
17.6,-0.5,9600,"sd","13:37:25",20899000
17.6,-0.5,5000,"sd","13:37:21",20889400
17.6,-0.5,4000,"sd","13:37:19",20884400
17.6,-0.5,4500,"sd","13:37:17",20880400
17.6,-0.5,2600,"sd","13:37:16",20875900
17.6,-0.5,300,"sd","13:37:15",20873300
17.6,-0.5,2200,"sd","13:37:14",20873000
17.6,-0.5,5900,"sd","13:37:13",20870800
17.6,-0.5,22600,"sd","13:37:12",20864900
17.6,-0.5,5000,"sd","13:37:11",20842300
17.6,-0.5,3300,"sd","13:37:10",20837300
17.6,-0.5,15000,"sd","13:37:09",20834000
17.6,-0.5,1100,"sd","13:37:04",20819000
17.6,-0.5,2200,"sd","13:37:02",20817900
17.6,-0.5,10600,"sd","13:36:59",20815700
17.6,-0.5,4000,"sd","13:36:55",20805100
17.6,-0.5,15000,"sd","13:36:53",20801100
17.6,-0.5,10000,"sd","13:36:52",20786100
17.6,-0.5,5000,"sd","13:36:50",20776100
17.6,-0.5,1000,"sd","13:36:49",20771100
17.6,-0.5,16000,"sd","13:36:47",20770100
17.6,-0.5,26000,"sd","13:36:46",20754100
17.6,-0.5,500,"sd","13:36:43",20728100
17.6,-0.5,2300,"sd","13:36:42",20727600
17.6,-0.5,1700,"sd","13:36:38",20725300
17.6,-0.5,5100,"sd","13:36:37",20723600
17.6,-0.5,9000,"sd","13:36:35",20718500
17.6,-0.5,800,"sd","13:36:34",20709500
17.6,-0.5,1400,"sd","13:36:33",20708700
17.6,-0.5,3000,"sd","13:36:32",20707300
17.6,-0.5,1000,"sd","13:36:27",20704300
17.6,-0.5,300,"sd","13:36:25",20703300
17.7,-0.4,100,"bu","13:36:23",20703000
17.6,-0.5,2000,"sd","13:36:22",20702900
17.6,-0.5,1900,"sd","13:36:21",20700900
17.6,-0.5,2300,"sd","13:36:18",20699000
17.6,-0.5,14400,"sd","13:36:14",20696700
17.6,-0.5,2500,"sd","13:36:11",20682300
17.6,-0.5,128100,"sd","13:36:08",20679800
17.6,-0.5,100,"sd","13:36:03",20551700
17.6,-0.5,4000,"sd","13:36:02",20551600
17.6,-0.5,1000,"sd","13:36:00",20547600
17.6,-0.5,3000,"sd","13:35:59",20546600
17.6,-0.5,5000,"sd","13:35:58",20543600
17.6,-0.5,1400,"sd","13:35:49",20538600
17.6,-0.5,2000,"sd","13:35:46",20537200
17.6,-0.5,100,"sd","13:35:45",20535200
17.6,-0.5,30000,"sd","13:35:39",20535100
17.7,-0.4,100,"bu","13:35:34",20505100
17.6,-0.5,100,"sd","13:35:31",20505000
17.6,-0.5,4400,"sd","13:35:30",20504900
17.7,-0.4,100,"bu","13:35:22",20500500
17.6,-0.5,10100,"sd","13:35:20",20500400
17.6,-0.5,1200,"sd","13:35:16",20490300
17.6,-0.5,700,"sd","13:35:08",20489100
17.6,-0.5,4500,"sd","13:35:04",20488400
17.7,-0.4,13000,"bu","13:35:02",20483900
17.6,-0.5,100,"sd","13:35:00",20470900
17.6,-0.5,29500,"sd","13:34:58",20470800
17.6,-0.5,1400,"sd","13:34:51",20441300
17.6,-0.5,10000,"sd","13:34:47",20439900
17.6,-0.5,2000,"sd","13:34:46",20429900
17.6,-0.5,1200,"sd","13:34:43",20427900
17.6,-0.5,2000,"sd","13:34:39",20426700
17.6,-0.5,5000,"sd","13:34:33",20424700
17.6,-0.5,5000,"sd","13:34:25",20419700
17.6,-0.5,15000,"sd","13:34:24",20414700
17.7,-0.4,5000,"bu","13:34:21",20399700
17.6,-0.5,1900,"sd","13:34:19",20394700
17.6,-0.5,24900,"sd","13:34:16",20392800
17.7,-0.4,50000,"bu","13:34:11",20367900
17.6,-0.5,100,"sd","13:34:01",20317900
17.7,-0.4,10000,"bu","13:34:00",20317800
17.6,-0.5,300,"sd","13:33:52",20307800
17.7,-0.4,1000,"bu","13:33:48",20307500
17.6,-0.5,2000,"sd","13:33:47",20306500
17.7,-0.4,200,"bu","13:33:39",20304500
17.7,-0.4,1200,"bu","13:33:30",20304300
17.7,-0.4,5000,"bu","13:33:23",20303100
17.7,-0.4,1000,"bu","13:33:18",20298100
17.7,-0.4,2000,"bu","13:33:14",20297100
17.7,-0.4,100,"bu","13:33:07",20295100
17.7,-0.4,1700,"bu","13:33:04",20295000
17.7,-0.4,200,"bu","13:33:02",20293300
17.7,-0.4,37200,"sd","13:33:01",20293100
17.7,-0.4,8700,"sd","13:33:00",20255900
17.7,-0.4,40000,"sd","13:32:59",20247200
17.7,-0.4,26500,"sd","13:32:58",20207200
17.7,-0.4,11500,"sd","13:32:55",20180700
17.7,-0.4,28500,"sd","13:32:53",20169200
17.7,-0.4,10000,"sd","13:32:52",20140700
17.7,-0.4,2000,"sd","13:32:51",20130700
17.7,-0.4,60000,"sd","13:32:50",20128700
17.7,-0.4,2100,"sd","13:32:48",20068700
17.7,-0.4,4000,"sd","13:32:47",20066600
17.7,-0.4,20100,"sd","13:32:46",20062600
17.7,-0.4,15800,"sd","13:32:43",20042500
17.7,-0.4,23000,"sd","13:32:42",20026700
17.7,-0.4,60000,"sd","13:32:38",20003700
17.7,-0.4,1000,"sd","13:32:37",19943700
17.8,-0.3,1000,"bu","13:32:31",19942700
17.8,-0.3,2000,"bu","13:32:28",19941700
17.8,-0.3,5000,"bu","13:32:24",19939700
17.8,-0.3,10000,"bu","13:32:21",19934700
17.8,-0.3,2000,"bu","13:32:18",19924700
17.8,-0.3,5000,"bu","13:32:09",19922700
17.7,-0.4,100,"sd","13:32:08",19917700
17.8,-0.3,400,"bu","13:32:01",19917600
17.7,-0.4,4000,"sd","13:31:59",19917200
17.8,-0.3,500,"bu","13:31:50",19913200
17.8,-0.3,500,"bu","13:31:48",19912700
17.8,-0.3,1200,"bu","13:31:47",19912200
17.7,-0.4,500,"sd","13:31:46",19911000
17.8,-0.3,200,"bu","13:31:37",19910500
17.7,-0.4,10000,"sd","13:31:35",19910300
17.8,-0.3,500,"bu","13:31:33",19900300
17.7,-0.4,300,"sd","13:31:31",19899800
17.7,-0.4,500,"sd","13:31:28",19899500
17.8,-0.3,8300,"bu","13:31:24",19899000
17.7,-0.4,1500,"sd","13:31:22",19890700
17.7,-0.4,700,"sd","13:31:21",19889200
17.8,-0.3,2000,"bu","13:31:09",19888500
17.7,-0.4,700,"sd","13:31:05",19886500
17.7,-0.4,5000,"sd","13:30:59",19885800
17.8,-0.3,3000,"bu","13:30:57",19880800
17.7,-0.4,9000,"sd","13:30:48",19877800
17.8,-0.3,200,"bu","13:30:46",19868800
17.7,-0.4,2000,"sd","13:30:44",19868600
17.8,-0.3,500,"bu","13:30:43",19866600
17.8,-0.3,500,"bu","13:30:38",19866100
17.7,-0.4,1300,"sd","13:30:37",19865600
17.8,-0.3,500,"bu","13:30:35",19864300
17.7,-0.4,400,"sd","13:30:31",19863800
17.8,-0.3,2000,"bu","13:30:29",19863400
17.8,-0.3,2000,"bu","13:30:24",19861400
17.8,-0.3,500,"bu","13:30:22",19859400
17.7,-0.4,4000,"sd","13:30:17",19858900
17.8,-0.3,3200,"bu","13:30:14",19854900
17.8,-0.3,200,"bu","13:30:12",19851700
17.8,-0.3,200,"bu","13:30:09",19851500
17.8,-0.3,200,"bu","13:30:06",19851300
17.8,-0.3,500,"bu","13:29:59",19851100
17.8,-0.3,20000,"bu","13:29:57",19850600
17.8,-0.3,3000,"bu","13:29:56",19830600
17.8,-0.3,15000,"bu","13:29:48",19827600
17.7,-0.4,100,"sd","13:29:47",19812600
17.8,-0.3,1000,"bu","13:29:46",19812500
17.7,-0.4,3000,"sd","13:29:45",19811500
17.8,-0.3,100,"bu","13:29:43",19808500
17.7,-0.4,1200,"sd","13:29:40",19808400
17.7,-0.4,300,"sd","13:29:37",19807200
17.7,-0.4,1000,"sd","13:29:36",19806900
17.7,-0.4,200,"sd","13:29:33",19805900
17.7,-0.4,186400,"sd","13:29:31",19804700
17.7,-0.4,1100,"bu","13:29:30",19618300
17.7,-0.4,4000,"bu","13:29:27",19617200
17.7,-0.4,1000,"bu","13:29:26",19613200
17.7,-0.4,1700,"bu","13:29:25",19612200
17.7,-0.4,400,"bu","13:29:24",19610500
17.7,-0.4,5000,"bu","13:29:23",19610100
17.7,-0.4,100,"bu","13:29:21",19605100
17.7,-0.4,1600,"bu","13:29:20",19605000
17.7,-0.4,500,"bu","13:29:19",19603400
17.7,-0.4,100,"bu","13:29:17",19602900
17.7,-0.4,2000,"bu","13:29:16",19602800
17.7,-0.4,5600,"bu","13:29:15",19600800
17.7,-0.4,300,"bu","13:29:13",19595200
17.7,-0.4,200,"bu","13:29:11",19594900
17.7,-0.4,3200,"bu","13:29:08",19594700
17.7,-0.4,5300,"bu","13:29:06",19591500
17.7,-0.4,1500,"bu","13:29:04",19586200
17.7,-0.4,300,"bu","13:29:01",19584700
17.7,-0.4,500,"bu","13:28:59",19584400
17.7,-0.4,1600,"bu","13:28:58",19583900
17.7,-0.4,1000,"bu","13:28:53",19582300
17.7,-0.4,100,"bu","13:28:51",19581300
17.7,-0.4,100,"bu","13:28:50",19581200
17.6,-0.5,500,"sd","13:28:46",19581100
17.6,-0.5,200,"sd","13:28:42",19580600
17.6,-0.5,5000,"sd","13:28:40",19580400
17.6,-0.5,100,"sd","13:28:39",19575400
17.6,-0.5,2000,"sd","13:28:35",19575300
17.6,-0.5,600,"sd","13:28:34",19573300
17.7,-0.4,3400,"bu","13:28:33",19572700
17.6,-0.5,2900,"sd","13:28:30",19569300
17.7,-0.4,10000,"bu","13:28:28",19566400
17.6,-0.5,5000,"sd","13:28:27",19556400
17.6,-0.5,6500,"sd","13:28:17",19551400
17.6,-0.5,500,"sd","13:28:16",19544900
17.6,-0.5,500,"sd","13:28:15",19544400
17.6,-0.5,6600,"bu","13:28:12",19543900
17.6,-0.5,21400,"bu","13:28:11",19537300
17.5,-0.6,4800,"sd","13:28:10",19515900
17.6,-0.5,300,"bu","13:28:09",19511100
17.6,-0.5,42300,"bu","13:28:08",19510800
17.6,-0.5,4000,"bu","13:28:07",19468500
17.6,-0.5,32200,"bu","13:28:06",19464500
17.6,-0.5,24500,"bu","13:28:04",19432300
17.6,-0.5,15000,"bu","13:28:03",19407800
17.6,-0.5,5000,"bu","13:28:02",19392800
17.6,-0.5,6700,"bu","13:28:00",19387800
17.5,-0.6,20000,"sd","13:27:59",19381100
17.6,-0.5,11000,"bu","13:27:58",19361100
17.6,-0.5,500,"bu","13:27:57",19350100
17.6,-0.5,1000,"bu","13:27:55",19349600
17.6,-0.5,60300,"bu","13:27:54",19348600
17.6,-0.5,7000,"bu","13:27:53",19288300
17.6,-0.5,2300,"bu","13:27:52",19281300
17.6,-0.5,200,"bu","13:27:51",19279000
17.6,-0.5,3500,"bu","13:27:49",19278800
17.6,-0.5,4100,"bu","13:27:48",19275300
17.6,-0.5,10100,"bu","13:27:46",19271200
17.6,-0.5,700,"bu","13:27:45",19261100
17.6,-0.5,1000,"bu","13:27:41",19260400
17.6,-0.5,3000,"bu","13:27:39",19259400
17.6,-0.5,500,"bu","13:27:36",19256400
17.6,-0.5,20700,"bu","13:27:35",19255900
17.6,-0.5,31800,"bu","13:27:33",19235200
17.6,-0.5,300,"bu","13:27:32",19203400
17.5,-0.6,700,"sd","13:27:31",19203100
17.5,-0.6,2000,"sd","13:27:30",19202400
17.6,-0.5,9000,"bu","13:27:25",19200200
17.6,-0.5,200,"bu","13:27:22",19191200
17.5,-0.6,2800,"sd","13:27:20",19191000
17.5,-0.6,2000,"sd","13:27:17",19188200
17.6,-0.5,2000,"bu","13:27:14",19183700
17.5,-0.6,1000,"sd","13:27:13",19181700
17.5,-0.6,5000,"sd","13:27:10",19180700
17.5,-0.6,1900,"sd","13:27:06",19175700
17.5,-0.6,1000,"sd","13:27:05",19173800
17.6,-0.5,100,"bu","13:27:02",19172800
17.5,-0.6,500,"sd","13:27:01",19172700
17.5,-0.6,13900,"sd","13:27:00",19172200
17.5,-0.6,500,"sd","13:26:59",19158300
17.5,-0.6,10000,"sd","13:26:57",19157800
17.5,-0.6,20000,"sd","13:26:56",19147800
17.5,-0.6,500,"sd","13:26:54",19127800
17.5,-0.6,10000,"sd","13:26:53",19127300
17.5,-0.6,6000,"sd","13:26:52",19117300
17.5,-0.6,3000,"sd","13:26:51",19111300
17.5,-0.6,1000,"sd","13:26:49",19108300
17.5,-0.6,37200,"sd","13:26:48",19107300
17.5,-0.6,2700,"sd","13:26:47",19070100
17.5,-0.6,20000,"sd","13:26:46",19067400
17.5,-0.6,900,"sd","13:26:45",19047400
17.5,-0.6,1800,"sd","13:26:43",19046500
17.5,-0.6,4000,"sd","13:26:42",19044700
17.6,-0.5,10200,"bu","13:26:40",19040700
17.5,-0.6,1200,"sd","13:26:39",19030500
17.5,-0.6,2000,"sd","13:26:35",19029300
17.5,-0.6,109700,"sd","13:26:33",19027300
17.6,-0.5,1600,"bu","13:26:32",18917600
17.5,-0.6,600,"sd","13:26:31",18916000
17.5,-0.6,100,"sd","13:26:30",18915400
17.5,-0.6,18000,"sd","13:26:29",18915300
17.5,-0.6,100,"sd","13:26:28",18897300
17.5,-0.6,8800,"sd","13:26:27",18897200
17.5,-0.6,2000,"sd","13:26:26",18888400
17.5,-0.6,800,"sd","13:26:25",18886400
17.5,-0.6,200,"sd","13:26:24",18885600
17.5,-0.6,11000,"sd","13:26:23",18885400
17.5,-0.6,100,"sd","13:26:21",18874400
17.5,-0.6,11500,"sd","13:26:20",18874300
17.5,-0.6,100,"sd","13:26:19",18862800
17.5,-0.6,1000,"sd","13:26:18",18862700
17.5,-0.6,1000,"sd","13:26:17",18861700
17.5,-0.6,8000,"sd","13:26:15",18860700
17.5,-0.6,64100,"bu","13:26:14",18852700
17.5,-0.6,12200,"bu","13:26:13",18788600
17.5,-0.6,5000,"bu","13:26:12",18776400
17.5,-0.6,26800,"bu","13:26:11",18771400
17.5,-0.6,4500,"bu","13:26:09",18744600
17.5,-0.6,24500,"bu","13:26:08",18740100
17.5,-0.6,22000,"bu","13:26:07",18715600
17.5,-0.6,15000,"bu","13:26:06",18693600
17.5,-0.6,2000,"bu","13:26:05",18678600
17.5,-0.6,1000,"bu","13:26:03",18676600
17.5,-0.6,34700,"bu","13:26:02",18675600
17.5,-0.6,100,"bu","13:26:01",18640900
17.4,-0.7,53000,"sd","13:26:00",18640800
17.5,-0.6,2900,"bu","13:25:59",18587800
17.5,-0.6,1200,"bu","13:25:58",18584900
17.4,-0.7,3500,"sd","13:25:57",18583700
17.5,-0.6,2000,"bu","13:25:56",18580200
17.5,-0.6,2900,"bu","13:25:53",18578200
17.5,-0.6,33000,"bu","13:25:52",18575300
17.5,-0.6,1000,"bu","13:25:50",18542300
17.4,-0.7,2000,"sd","13:25:48",18541300
17.5,-0.6,5500,"bu","13:25:46",18539300
17.4,-0.7,200,"sd","13:25:45",18533800
17.4,-0.7,28300,"sd","13:25:43",18533600
17.4,-0.7,5100,"sd","13:25:42",18505300
17.4,-0.7,2300,"sd","13:25:41",18500200
17.5,-0.6,1000,"bu","13:25:40",18497900
17.5,-0.6,1000,"bu","13:25:39",18496900
17.4,-0.7,1000,"sd","13:25:36",18495900
17.4,-0.7,1700,"sd","13:25:32",18494900
17.4,-0.7,2000,"sd","13:25:31",18493200
17.4,-0.7,8000,"sd","13:25:30",18491200
17.5,-0.6,3400,"bu","13:25:28",18483200
17.5,-0.6,100,"bu","13:25:27",18479800
17.5,-0.6,100,"bu","13:25:26",18479700
17.4,-0.7,17000,"sd","13:25:25",18479600
17.4,-0.7,3700,"sd","13:25:24",18462600
17.4,-0.7,15500,"sd","13:25:23",18458900
17.4,-0.7,800,"sd","13:25:21",18443400
17.5,-0.6,17800,"bu","13:25:19",18442600
17.4,-0.7,2500,"sd","13:25:16",18424800
17.5,-0.6,1000,"bu","13:25:15",18422300
17.5,-0.6,10000,"bu","13:25:13",18421300
17.4,-0.7,27600,"sd","13:25:12",18411300
17.4,-0.7,3000,"sd","13:25:11",18383700
17.5,-0.6,1000,"bu","13:25:10",18380700
17.5,-0.6,5000,"bu","13:25:06",18379700
17.5,-0.6,100,"bu","13:25:05",18374700
17.5,-0.6,700,"bu","13:25:03",18374600
17.5,-0.6,4300,"bu","13:25:02",18373900
17.5,-0.6,600,"bu","13:25:00",18369600
17.5,-0.6,200,"bu","13:24:59",18369000
17.5,-0.6,1100,"bu","13:24:58",18368800
17.5,-0.6,10700,"bu","13:24:57",18367700
17.5,-0.6,22500,"sd","13:24:56",18357000
17.5,-0.6,14000,"sd","13:24:55",18334500
17.5,-0.6,44400,"sd","13:24:54",18320500
17.5,-0.6,54000,"sd","13:24:53",18276100
17.5,-0.6,35500,"sd","13:24:52",18222100
17.5,-0.6,6500,"sd","13:24:51",18186600
17.5,-0.6,5700,"sd","13:24:50",18180100
17.5,-0.6,30400,"sd","13:24:49",18174400
17.5,-0.6,10500,"sd","13:24:48",18144000
17.5,-0.6,500,"sd","13:24:47",18133500
17.5,-0.6,8000,"sd","13:24:45",18133000
17.5,-0.6,5300,"sd","13:24:44",18125000
17.6,-0.5,208300,"bu","13:24:43",18119700
17.5,-0.6,1000,"sd","13:24:42",17911400
17.5,-0.6,5600,"sd","13:24:40",17910400
17.5,-0.6,108700,"sd","13:24:39",17904800
17.5,-0.6,100000,"sd","13:24:37",17796100
17.5,-0.6,26500,"sd","13:24:35",17696100
17.5,-0.6,8200,"sd","13:24:34",17669600
17.5,-0.6,154900,"sd","13:24:32",17661400
17.5,-0.6,800,"sd","13:24:31",17506500
17.6,-0.5,300,"bu","13:24:29",17505700
17.5,-0.6,60000,"sd","13:24:28",17505400
17.6,-0.5,3000,"bu","13:24:27",17445400
17.5,-0.6,1000,"sd","13:24:22",17442400
17.5,-0.6,100,"sd","13:24:20",17441400
17.5,-0.6,8900,"sd","13:24:18",17441300
17.6,-0.5,500,"bu","13:24:16",17432400
17.5,-0.6,8000,"sd","13:24:13",17431900
17.5,-0.6,27000,"sd","13:24:11",17423900
17.6,-0.5,10000,"bu","13:24:10",17396900
17.5,-0.6,100000,"sd","13:24:09",17386900
17.6,-0.5,200,"bu","13:24:08",17286900
17.6,-0.5,500,"bu","13:24:07",17286700
17.6,-0.5,10000,"bu","13:24:06",17286200
17.6,-0.5,11000,"bu","13:24:05",17276200
17.6,-0.5,200,"bu","13:24:02",17265200
17.5,-0.6,1000,"sd","13:24:01",17265000
17.6,-0.5,500,"bu","13:23:56",17264000
17.6,-0.5,2800,"sd","13:23:51",17263500
17.6,-0.5,500,"sd","13:23:50",17260700
17.6,-0.5,21500,"sd","13:23:49",17260200
17.6,-0.5,8400,"sd","13:23:48",17238700
17.6,-0.5,10100,"sd","13:23:47",17230300
17.6,-0.5,27700,"sd","13:23:45",17220200
17.6,-0.5,29000,"sd","13:23:44",17192500
17.6,-0.5,39500,"sd","13:23:43",17163500
17.6,-0.5,32000,"sd","13:23:42",17124000
17.6,-0.5,500,"sd","13:23:41",17092000
17.6,-0.5,12000,"sd","13:23:40",17091500
17.6,-0.5,4700,"sd","13:23:39",17079500
17.6,-0.5,42100,"sd","13:23:37",17074800
17.6,-0.5,31000,"sd","13:23:35",17032700
17.6,-0.5,520300,"sd","13:23:34",17001700
17.6,-0.5,500,"sd","13:23:33",16481400
17.6,-0.5,58300,"sd","13:23:32",16480900
17.6,-0.5,3000,"sd","13:23:30",16422600
17.7,-0.4,1300,"bu","13:23:29",16419600
17.6,-0.5,22900,"sd","13:23:27",16418300
17.7,-0.4,12000,"bu","13:23:26",16395400
17.6,-0.5,2500,"sd","13:23:25",16383400
17.6,-0.5,100,"sd","13:23:21",16380900
17.6,-0.5,700,"sd","13:23:18",16380800
17.6,-0.5,1300,"sd","13:23:14",16380100
17.6,-0.5,4000,"sd","13:23:13",16378800
17.7,-0.4,1000,"bu","13:23:11",16374800
17.6,-0.5,4000,"sd","13:23:10",16373800
17.6,-0.5,16500,"sd","13:23:09",16369800
17.6,-0.5,200,"sd","13:23:06",16353300
17.6,-0.5,5000,"sd","13:23:05",16353100
17.6,-0.5,6000,"sd","13:23:04",16348100
17.6,-0.5,11500,"sd","13:23:00",16342100
17.6,-0.5,2300,"sd","13:22:57",16330600
17.6,-0.5,200,"sd","13:22:53",16328300
17.6,-0.5,1000,"sd","13:22:49",16328100
17.6,-0.5,3000,"sd","13:22:43",16327100
17.7,-0.4,2000,"bu","13:22:40",16324100
17.6,-0.5,9300,"sd","13:22:38",16322100
17.7,-0.4,1000,"bu","13:22:37",16312800
17.6,-0.5,3000,"sd","13:22:34",16311800
17.7,-0.4,28600,"bu","13:22:32",16308800
17.7,-0.4,18000,"bu","13:22:31",16280200
17.6,-0.5,20000,"sd","13:22:29",16262200
17.6,-0.5,1300,"sd","13:22:26",16242200
17.6,-0.5,6000,"sd","13:22:25",16240900
17.6,-0.5,10500,"sd","13:22:23",16234900
17.6,-0.5,60000,"sd","13:22:16",16224400
17.6,-0.5,2000,"sd","13:22:00",16164400
17.7,-0.4,500,"bu","13:21:59",16162400
17.7,-0.4,1000,"bu","13:21:57",16161900
17.7,-0.4,30000,"bu","13:21:47",16160900
17.6,-0.5,9700,"sd","13:21:46",16130900
17.7,-0.4,300,"bu","13:21:42",16121200
17.6,-0.5,15000,"sd","13:21:40",16120900
17.7,-0.4,38600,"bu","13:21:39",16105900
17.7,-0.4,25000,"sd","13:21:38",16067300
17.7,-0.4,3000,"sd","13:21:37",16042300
17.7,-0.4,60000,"sd","13:21:36",16039300
17.7,-0.4,28900,"sd","13:21:35",15979300
17.7,-0.4,13000,"sd","13:21:33",15950400
17.7,-0.4,1000,"sd","13:21:31",15937400
17.7,-0.4,17000,"sd","13:21:30",15936400
17.7,-0.4,3000,"sd","13:21:29",15919400
17.7,-0.4,40200,"sd","13:21:26",15916400
17.7,-0.4,6000,"sd","13:21:23",15876200
17.7,-0.4,50000,"sd","13:21:18",15870200
17.7,-0.4,5000,"sd","13:21:17",15820200
17.7,-0.4,300,"sd","13:21:14",15815200
17.7,-0.4,2100,"sd","13:21:13",15814900
17.7,-0.4,800,"sd","13:21:12",15812800
17.7,-0.4,5000,"sd","13:21:11",15812000
17.7,-0.4,200,"sd","13:21:07",15807000
17.7,-0.4,2000,"sd","13:21:06",15806800
17.7,-0.4,100,"sd","13:21:02",15804800
17.7,-0.4,300,"sd","13:20:59",15804700
17.7,-0.4,1700,"sd","13:20:58",15804400
17.7,-0.4,5500,"sd","13:20:54",15802700
17.7,-0.4,1000,"sd","13:20:50",15797200
17.7,-0.4,1200,"sd","13:20:41",15796200
17.7,-0.4,2600,"sd","13:20:39",15795000
17.7,-0.4,100,"sd","13:20:38",15792400
17.7,-0.4,6000,"sd","13:20:35",15792300
17.7,-0.4,13000,"sd","13:20:34",15786300
17.7,-0.4,3000,"sd","13:20:32",15773300
17.7,-0.4,500,"sd","13:20:27",15770300
17.7,-0.4,200,"sd","13:20:25",15769800
17.7,-0.4,6000,"sd","13:20:23",15769600
17.7,-0.4,10000,"sd","13:20:20",15763600
17.7,-0.4,500,"sd","13:20:19",15753600
17.7,-0.4,2000,"sd","13:20:16",15753100
17.7,-0.4,2200,"sd","13:20:13",15751100
17.7,-0.4,1000,"sd","13:20:12",15748900
17.7,-0.4,10000,"sd","13:20:10",15747900
17.7,-0.4,100,"sd","13:20:00",15737900
17.7,-0.4,1000,"sd","13:19:59",15737800
17.7,-0.4,3000,"sd","13:19:57",15736800
17.7,-0.4,200,"sd","13:19:56",15733800
17.7,-0.4,100,"sd","13:19:53",15733600
17.7,-0.4,5600,"sd","13:19:51",15733500
17.7,-0.4,1000,"sd","13:19:48",15727900
17.7,-0.4,1000,"sd","13:19:47",15726900
17.7,-0.4,6000,"sd","13:19:44",15725900
17.7,-0.4,5000,"sd","13:19:43",15719900
17.7,-0.4,1000,"sd","13:19:38",15714900
17.7,-0.4,700,"sd","13:19:29",15713900
17.7,-0.4,5600,"sd","13:19:28",15713200
17.7,-0.4,3000,"sd","13:19:22",15707600
17.8,-0.3,100,"bu","13:19:19",15704600
17.7,-0.4,5000,"sd","13:19:14",15704500
17.7,-0.4,100,"sd","13:19:08",15699500
17.7,-0.4,900,"sd","13:19:04",15699400
17.7,-0.4,500,"sd","13:19:02",15698500
17.7,-0.4,4700,"sd","13:18:58",15698000
17.7,-0.4,500,"sd","13:18:55",15693300
17.7,-0.4,100,"sd","13:18:51",15692800
17.7,-0.4,1000,"sd","13:18:37",15692700
17.8,-0.3,1000,"bu","13:18:35",15691700
17.7,-0.4,1600,"sd","13:18:31",15690700
17.7,-0.4,500,"sd","13:18:29",15689100
17.7,-0.4,1000,"sd","13:18:17",15688600
17.7,-0.4,1500,"sd","13:18:13",15687600
17.7,-0.4,500,"sd","13:18:11",15686100
17.8,-0.3,3000,"bu","13:18:10",15685600
17.7,-0.4,5000,"sd","13:18:07",15682600
17.7,-0.4,500,"sd","13:17:57",15677600
17.7,-0.4,1000,"sd","13:17:47",15677100
17.7,-0.4,21200,"bu","13:17:41",15676100
17.7,-0.4,7000,"bu","13:17:39",15654900
17.7,-0.4,1000,"bu","13:17:38",15647900
17.7,-0.4,1000,"bu","13:17:37",15646900
17.7,-0.4,500,"bu","13:17:36",15645900
17.7,-0.4,2000,"bu","13:17:33",15645400
17.7,-0.4,200,"bu","13:17:31",15643400
17.7,-0.4,200,"bu","13:17:30",15643200
17.7,-0.4,1200,"bu","13:17:29",15643000
17.7,-0.4,300,"bu","13:17:27",15641800
17.7,-0.4,11500,"bu","13:17:26",15641500
17.7,-0.4,10000,"bu","13:17:23",15630000
17.7,-0.4,3100,"bu","13:17:22",15620000
17.7,-0.4,100,"bu","13:17:21",15616900
17.7,-0.4,1000,"bu","13:17:19",15616800
17.7,-0.4,2000,"bu","13:17:18",15615800
17.7,-0.4,200,"bu","13:17:17",15613800
17.7,-0.4,1000,"bu","13:17:15",15613600
17.7,-0.4,100,"bu","13:17:14",15612600
17.7,-0.4,400,"bu","13:17:12",15612500
17.7,-0.4,2500,"bu","13:17:11",15612100
17.7,-0.4,1100,"bu","13:17:10",15609600
17.7,-0.4,11200,"bu","13:17:07",15608500
17.7,-0.4,100,"bu","13:17:06",15597300
17.7,-0.4,1600,"bu","13:17:05",15597200
17.7,-0.4,10000,"bu","13:17:03",15595600
17.7,-0.4,1000,"bu","13:17:02",15585600
17.7,-0.4,400,"bu","13:17:01",15584600
17.7,-0.4,800,"bu","13:17:00",15584200
17.7,-0.4,2000,"bu","13:16:58",15583400
17.7,-0.4,1000,"bu","13:16:57",15581400
17.6,-0.5,100,"sd","13:16:55",15580400
17.7,-0.4,1200,"bu","13:16:51",15580300
17.7,-0.4,500,"bu","13:16:49",15579100
17.7,-0.4,100,"bu","13:16:48",15578600
17.7,-0.4,500,"bu","13:16:45",15578500
17.7,-0.4,11300,"sd","13:16:44",15578000
17.7,-0.4,16000,"sd","13:16:43",15566700
17.7,-0.4,2000,"sd","13:16:41",15550700
17.7,-0.4,42500,"sd","13:16:36",15548700
17.7,-0.4,100,"sd","13:16:31",15506200
17.7,-0.4,6000,"sd","13:16:25",15506100
17.7,-0.4,1000,"sd","13:16:19",15500100
17.7,-0.4,300,"sd","13:16:14",15499100
17.7,-0.4,1000,"sd","13:16:10",15498800
17.7,-0.4,600,"sd","13:16:04",15497800
17.7,-0.4,7600,"sd","13:16:03",15497200
17.7,-0.4,1000,"sd","13:16:01",15489600
17.7,-0.4,5000,"sd","13:16:00",15488600
17.7,-0.4,1000,"sd","13:15:54",15483600
17.7,-0.4,400,"sd","13:15:53",15482600
17.7,-0.4,700,"sd","13:15:50",15482200
17.7,-0.4,4000,"sd","13:15:48",15481500
17.7,-0.4,500,"sd","13:15:47",15477500
17.7,-0.4,4500,"sd","13:15:45",15477000
17.7,-0.4,500,"sd","13:15:39",15472500
17.7,-0.4,2000,"sd","13:15:32",15472000
17.7,-0.4,1000,"sd","13:15:31",15470000
17.7,-0.4,3000,"bu","13:15:29",15469000
17.7,-0.4,10400,"bu","13:15:28",15466000
17.7,-0.4,5000,"sd","13:15:26",15455600
17.7,-0.4,7000,"sd","13:15:23",15450600
17.7,-0.4,4000,"sd","13:15:20",15443600
17.7,-0.4,600,"bu","13:15:19",15439600
17.7,-0.4,10000,"bu","13:15:16",15439000
17.7,-0.4,200,"bu","13:15:15",15429000
17.7,-0.4,1400,"bu","13:15:14",15428800
17.7,-0.4,4900,"bu","13:15:13",15427400
17.7,-0.4,1600,"bu","13:15:12",15422500
17.7,-0.4,500,"bu","13:15:11",15420900
17.7,-0.4,700,"bu","13:15:08",15420400
17.7,-0.4,2000,"bu","13:15:07",15419700
17.7,-0.4,1900,"bu","13:15:06",15417700
17.7,-0.4,76400,"sd","13:15:05",15415800
17.7,-0.4,3000,"sd","13:15:03",15339400
17.7,-0.4,200,"sd","13:14:55",15336400
17.7,-0.4,3000,"sd","13:14:46",15336200
17.7,-0.4,7500,"bu","13:14:38",15333200
17.7,-0.4,5100,"sd","13:14:37",15325700
17.7,-0.4,1500,"bu","13:14:35",15320600
17.7,-0.4,3500,"bu","13:14:34",15319100
17.7,-0.4,52000,"bu","13:14:33",15315600
17.7,-0.4,1000,"bu","13:14:28",15263600
17.7,-0.4,100,"bu","13:14:27",15262600
17.7,-0.4,2400,"bu","13:14:26",15262500
17.7,-0.4,4800,"bu","13:14:23",15260100
17.7,-0.4,500,"bu","13:14:21",15255300
17.7,-0.4,2500,"bu","13:14:18",15254800
17.7,-0.4,100,"bu","13:14:17",15252300
17.7,-0.4,200,"bu","13:14:16",15252200
17.7,-0.4,1000,"bu","13:14:13",15252000
17.7,-0.4,1000,"bu","13:14:11",15251000
17.7,-0.4,4600,"sd","13:14:08",15250000
17.7,-0.4,300,"sd","13:14:07",15245400
17.7,-0.4,1700,"sd","13:14:04",15245100
17.7,-0.4,1000,"sd","13:13:59",15243400
17.7,-0.4,7000,"sd","13:13:58",15242400
17.7,-0.4,3000,"sd","13:13:56",15235400
17.7,-0.4,700,"sd","13:13:53",15232400
17.7,-0.4,5000,"sd","13:13:52",15231700
17.7,-0.4,4200,"bu","13:13:48",15226700
17.7,-0.4,11000,"bu","13:13:46",15222500
17.7,-0.4,200,"bu","13:13:43",15211500
17.7,-0.4,2100,"bu","13:13:42",15211300
17.7,-0.4,2000,"bu","13:13:41",15209200
17.7,-0.4,5000,"bu","13:13:40",15207200
17.7,-0.4,500,"bu","13:13:36",15202200
17.7,-0.4,1000,"bu","13:13:35",15201700
17.7,-0.4,200,"bu","13:13:34",15200700
17.7,-0.4,500,"bu","13:13:31",15200500
17.7,-0.4,10500,"bu","13:13:30",15200000
17.7,-0.4,1000,"bu","13:13:29",15189500
17.7,-0.4,10000,"bu","13:13:28",15188500
17.7,-0.4,2700,"bu","13:13:25",15178500
17.7,-0.4,1000,"bu","13:13:22",15175800
17.7,-0.4,500,"bu","13:13:20",15174800
17.7,-0.4,100,"bu","13:13:13",15174300
17.6,-0.5,100,"sd","13:13:12",15174200
17.7,-0.4,500,"bu","13:13:08",15174100
17.7,-0.4,100,"bu","13:13:05",15173600
17.7,-0.4,32800,"bu","13:13:04",15173500
17.7,-0.4,3500,"sd","13:13:01",15140700
17.7,-0.4,3500,"sd","13:13:00",15137200
17.8,-0.3,20100,"bu","13:12:59",15133700
17.8,-0.3,100,"bu","13:12:57",15113600
17.7,-0.4,320000,"sd","13:12:54",15113500
17.8,-0.3,2000,"bu","13:12:51",14793500
17.8,-0.3,1100,"bu","13:12:47",14791500
17.8,-0.3,4600,"bu","13:12:43",14790400
17.8,-0.3,1500,"bu","13:12:37",14785800
17.8,-0.3,500,"bu","13:12:34",14784300
17.8,-0.3,100,"bu","13:12:33",14783800
17.8,-0.3,500,"bu","13:12:32",14783700
17.8,-0.3,10000,"bu","13:12:28",14783200
17.8,-0.3,2500,"bu","13:12:26",14773200
17.8,-0.3,2000,"bu","13:12:23",14770700
17.8,-0.3,500,"bu","13:12:14",14768700
17.8,-0.3,1100,"bu","13:12:12",14768200
17.8,-0.3,100,"bu","13:12:10",14767100
17.8,-0.3,400,"bu","13:12:06",14767000
17.8,-0.3,1000,"bu","13:12:01",14766600
17.8,-0.3,100,"bu","13:11:58",14765600
17.8,-0.3,3200,"bu","13:11:52",14765500
17.8,-0.3,200,"bu","13:11:33",14762300
17.8,-0.3,4000,"bu","13:11:20",14762100
17.8,-0.3,500,"bu","13:11:17",14758100
17.7,-0.4,3500,"sd","13:11:08",14757600
17.8,-0.3,1400,"bu","13:10:53",14754100
17.7,-0.4,600,"sd","13:10:52",14752700
17.8,-0.3,100,"bu","13:10:43",14752100
17.7,-0.4,1000,"sd","13:10:42",14752000
17.7,-0.4,200,"sd","13:10:39",14751000
17.7,-0.4,200,"sd","13:10:30",14750800
17.7,-0.4,100,"sd","13:10:25",14750600
17.7,-0.4,4300,"sd","13:10:16",14750500
17.7,-0.4,1500,"sd","13:10:12",14746200
17.7,-0.4,500,"sd","13:10:06",14744700
17.8,-0.3,300,"bu","13:10:03",14744200
17.7,-0.4,20000,"sd","13:09:59",14743900
17.7,-0.4,15100,"sd","13:09:54",14723900
17.7,-0.4,2000,"sd","13:09:53",14708800
17.7,-0.4,500,"sd","13:09:50",14706800
17.7,-0.4,2000,"sd","13:09:40",14706300
17.7,-0.4,1000,"sd","13:09:37",14704300
17.7,-0.4,11000,"sd","13:09:36",14703300
17.7,-0.4,100000,"sd","13:09:28",14692300
17.7,-0.4,200,"sd","13:09:23",14592300
17.7,-0.4,25700,"bu","13:09:22",14592100
17.7,-0.4,1100,"bu","13:09:21",14566400
17.7,-0.4,2000,"bu","13:09:19",14565300
17.7,-0.4,600,"bu","13:09:18",14563300
17.7,-0.4,500,"bu","13:09:17",14562700
17.7,-0.4,2000,"bu","13:09:16",14562200
17.7,-0.4,300,"bu","13:09:15",14560200
17.7,-0.4,2000,"bu","13:09:14",14559900
17.7,-0.4,100,"bu","13:09:13",14557900
17.7,-0.4,5100,"bu","13:09:12",14557800
17.7,-0.4,800,"bu","13:09:11",14552700
17.7,-0.4,35000,"bu","13:09:09",14551900
17.6,-0.5,300,"sd","13:09:08",14516900
17.7,-0.4,1000,"bu","13:09:07",14516600
17.7,-0.4,3000,"bu","13:09:06",14515600
17.7,-0.4,1000,"bu","13:09:04",14512600
17.7,-0.4,500,"bu","13:09:01",14511600
17.7,-0.4,5000,"bu","13:08:59",14511100
17.7,-0.4,600,"bu","13:08:58",14506100
17.7,-0.4,2000,"bu","13:08:57",14505500
17.7,-0.4,7000,"bu","13:08:56",14503500
17.7,-0.4,2300,"bu","13:08:55",14496500
17.7,-0.4,4000,"bu","13:08:54",14494200
17.7,-0.4,2000,"bu","13:08:53",14490200
17.7,-0.4,500,"bu","13:08:52",14488200
17.7,-0.4,4000,"bu","13:08:51",14487700
17.7,-0.4,400,"bu","13:08:50",14483700
17.7,-0.4,400,"bu","13:08:49",14483300
17.7,-0.4,1000,"bu","13:08:48",14482900
17.7,-0.4,1000,"bu","13:08:47",14481900
17.7,-0.4,2600,"bu","13:08:46",14480900
17.7,-0.4,75300,"bu","13:08:44",14478300
17.7,-0.4,5000,"sd","13:08:37",14403000
17.8,-0.3,14500,"bu","13:08:36",14398000
17.7,-0.4,500,"sd","13:08:33",14383500
17.7,-0.4,500,"sd","13:08:32",14383000
17.8,-0.3,400,"bu","13:08:31",14382500
17.7,-0.4,6000,"sd","13:08:22",14382100
17.7,-0.4,800,"sd","13:08:21",14376100
17.7,-0.4,400,"sd","13:08:12",14375300
17.7,-0.4,19500,"sd","13:08:11",14374900
17.7,-0.4,500,"bu","13:08:06",14355400
17.7,-0.4,6100,"bu","13:08:05",14354900
17.7,-0.4,1000,"bu","13:08:04",14348800
17.7,-0.4,20500,"sd","13:08:01",14347800
17.8,-0.3,300,"bu","13:08:00",14327300
17.6,-0.5,120000,"sd","13:07:57",14327000
17.8,-0.3,2800,"bu","13:07:52",14207000
17.7,-0.4,6200,"sd","13:07:50",14204200
17.7,-0.4,31000,"sd","13:07:46",14198000
17.8,-0.3,22000,"bu","13:07:45",14167000
17.7,-0.4,12500,"sd","13:07:44",14145000
17.7,-0.4,100,"sd","13:07:41",14132500
17.8,-0.3,500,"bu","13:07:37",14132400
17.7,-0.4,12000,"sd","13:07:33",14131900
17.7,-0.4,14000,"sd","13:07:31",14119900
17.7,-0.4,1000,"sd","13:07:25",14105900
17.7,-0.4,200,"sd","13:07:21",14104900
17.7,-0.4,300,"sd","13:07:05",14104700
17.7,-0.4,5000,"sd","13:06:59",14104400
17.7,-0.4,9000,"sd","13:06:53",14099400
17.7,-0.4,2300,"sd","13:06:47",14090400
17.7,-0.4,11000,"bu","13:06:46",14088100
17.7,-0.4,21600,"bu","13:06:45",14077100
17.7,-0.4,56500,"bu","13:06:44",14055500
17.7,-0.4,11000,"bu","13:06:43",13999000
17.7,-0.4,11000,"bu","13:06:42",13988000
17.7,-0.4,9300,"bu","13:06:41",13977000
17.7,-0.4,15000,"bu","13:06:40",13967700
17.7,-0.4,8400,"bu","13:06:38",13952700
17.7,-0.4,500,"bu","13:06:37",13944300
17.7,-0.4,1200,"bu","13:06:36",13943800
17.7,-0.4,12500,"bu","13:06:35",13942600
17.7,-0.4,45100,"bu","13:06:31",13930100
17.7,-0.4,7000,"bu","13:06:29",13885000
17.7,-0.4,14000,"bu","13:06:28",13878000
17.7,-0.4,800,"bu","13:06:27",13864000
17.7,-0.4,20000,"bu","13:06:26",13863200
17.7,-0.4,100,"bu","13:06:25",13843200
17.7,-0.4,600,"bu","13:06:24",13843100
17.7,-0.4,1500,"bu","13:06:20",13842500
17.7,-0.4,15100,"bu","13:06:19",13841000
17.7,-0.4,1800,"bu","13:06:18",13825900
17.7,-0.4,10000,"bu","13:06:17",13824100
17.7,-0.4,8600,"bu","13:06:16",13814100
17.7,-0.4,5000,"bu","13:06:10",13805500
17.7,-0.4,3000,"bu","13:06:06",13800500
17.7,-0.4,200,"bu","13:06:05",13797500
17.7,-0.4,500,"bu","13:06:02",13797300
17.7,-0.4,100,"bu","13:06:01",13796800
17.7,-0.4,500,"bu","13:06:00",13796700
17.7,-0.4,20200,"bu","13:05:59",13796200
17.7,-0.4,100,"bu","13:05:58",13776000
17.7,-0.4,1000,"bu","13:05:57",13775900
17.7,-0.4,500,"bu","13:05:55",13774900
17.7,-0.4,1000,"bu","13:05:54",13774400
17.7,-0.4,5000,"bu","13:05:53",13773400
17.7,-0.4,200,"bu","13:05:52",13768400
17.7,-0.4,3000,"bu","13:05:51",13768200
17.7,-0.4,1000,"bu","13:05:49",13765200
17.6,-0.5,1000,"sd","13:05:46",13764200
17.6,-0.5,6000,"sd","13:05:45",13763200
17.6,-0.5,8000,"sd","13:05:44",13757200
17.7,-0.4,10000,"bu","13:05:42",13749200
17.6,-0.5,100,"sd","13:05:39",13739200
17.6,-0.5,500,"sd","13:05:38",13739100
17.6,-0.5,10000,"sd","13:05:35",13738600
17.6,-0.5,1200,"sd","13:05:33",13728600
17.6,-0.5,5000,"sd","13:05:31",13727400
17.6,-0.5,5900,"sd","13:05:25",13722400
17.6,-0.5,4000,"sd","13:05:24",13716500
17.6,-0.5,136000,"bu","13:05:19",13712500
17.6,-0.5,18100,"bu","13:05:18",13576500
17.6,-0.5,15300,"bu","13:05:14",13558400
17.6,-0.5,100,"bu","13:05:13",13543100
17.6,-0.5,800,"bu","13:05:11",13543000
17.6,-0.5,100,"bu","13:05:10",13542200
17.6,-0.5,5000,"bu","13:05:09",13542100
17.6,-0.5,3000,"bu","13:05:08",13537100
17.5,-0.6,15000,"sd","13:05:06",13534100
17.6,-0.5,1100,"bu","13:05:04",13519100
17.6,-0.5,10000,"bu","13:05:03",13518000
17.6,-0.5,100,"bu","13:05:02",13508000
17.5,-0.6,4100,"sd","13:05:01",13507900
17.6,-0.5,500,"bu","13:04:58",13503800
17.6,-0.5,26100,"bu","13:04:57",13503300
17.6,-0.5,1000,"bu","13:04:54",13477200
17.6,-0.5,2100,"bu","13:04:53",13476200
17.6,-0.5,3200,"bu","13:04:50",13474100
17.6,-0.5,51100,"bu","13:04:48",13470900
17.5,-0.6,100,"sd","13:04:45",13419800
17.6,-0.5,1000,"bu","13:04:43",13419700
17.5,-0.6,5000,"sd","13:04:39",13418700
17.6,-0.5,8400,"bu","13:04:37",13413700
17.6,-0.5,200,"bu","13:04:34",13405300
17.6,-0.5,500,"bu","13:04:33",13405100
17.5,-0.6,3000,"sd","13:04:32",13404600
17.6,-0.5,1000,"bu","13:04:30",13401600
17.7,-0.4,200,"bu","13:04:29",13400600
17.6,-0.5,200,"sd","13:04:28",13400400
17.5,-0.6,1200000,"sd","13:04:27",13400200
17.6,-0.5,100,"sd","13:04:26",12200200
17.7,-0.4,300,"bu","13:04:23",12200100
17.6,-0.5,1000,"sd","13:04:22",12199800
17.6,-0.5,300,"sd","13:04:20",12198800
17.7,-0.4,2400,"bu","13:04:19",12198500
17.6,-0.5,900,"sd","13:04:18",12196100
17.7,-0.4,500,"bu","13:04:17",12195200
17.7,-0.4,4000,"bu","13:04:14",12194700
17.6,-0.5,3000,"sd","13:04:11",12190700
17.6,-0.5,3600,"sd","13:04:10",12187700
17.7,-0.4,3300,"bu","13:04:07",12184100
17.7,-0.4,1000,"bu","13:04:06",12180800
17.6,-0.5,1500,"sd","13:04:04",12179800
17.7,-0.4,400,"bu","13:04:02",12178300
17.6,-0.5,5000,"sd","13:04:01",12177900
17.7,-0.4,3000,"bu","13:03:58",12172900
17.6,-0.5,2000,"sd","13:03:57",12169900
17.7,-0.4,5000,"bu","13:03:55",12167900
17.6,-0.5,2000,"sd","13:03:52",12162900
17.7,-0.4,2000,"bu","13:03:51",12160900
17.7,-0.4,1100,"bu","13:03:49",12158900
17.6,-0.5,100,"sd","13:03:47",12157800
17.7,-0.4,50500,"bu","13:03:46",12157700
17.6,-0.5,700,"sd","13:03:44",12107200
17.7,-0.4,600,"bu","13:03:41",12106500
17.7,-0.4,1000,"bu","13:03:40",12105900
17.6,-0.5,1400,"sd","13:03:39",12104900
17.7,-0.4,5000,"bu","13:03:38",12103500
17.6,-0.5,1000,"sd","13:03:26",12098500
17.7,-0.4,200,"bu","13:03:19",12097500
17.6,-0.5,200,"sd","13:03:18",12097300
17.7,-0.4,1000,"bu","13:03:16",12097100
17.6,-0.5,8000,"sd","13:03:14",12096100
17.6,-0.5,5000,"sd","13:03:13",12088100
17.6,-0.5,2000,"sd","13:03:10",12083100
17.6,-0.5,25000,"sd","13:03:09",12081100
17.6,-0.5,16000,"sd","13:03:07",12056100
17.6,-0.5,500,"sd","13:03:04",12040100
17.6,-0.5,10000,"sd","13:02:57",12039600
17.7,-0.4,5000,"bu","13:02:55",12029600
17.7,-0.4,49000,"bu","13:02:53",12024600
17.6,-0.5,2000,"sd","13:02:52",11975600
17.6,-0.5,8600,"sd","13:02:50",11973600
17.6,-0.5,6000,"sd","13:02:48",11965000
17.6,-0.5,1500,"sd","13:02:47",11959000
17.6,-0.5,25000,"sd","13:02:45",11957500
17.7,-0.4,2000,"bu","13:02:44",11932500
17.6,-0.5,1200,"sd","13:02:43",11930500
17.6,-0.5,2000,"sd","13:02:40",11929300
17.6,-0.5,600,"sd","13:02:38",11927300
17.7,-0.4,500,"bu","13:02:36",11926700
17.7,-0.4,500,"bu","13:02:35",11926200
17.6,-0.5,20200,"sd","13:02:34",11925700
17.7,-0.4,1300,"bu","13:02:33",11905500
17.7,-0.4,500,"bu","13:02:31",11904200
17.7,-0.4,1000,"bu","13:02:30",11903700
17.7,-0.4,700,"bu","13:02:29",11902700
17.7,-0.4,6000,"bu","13:02:28",11902000
17.7,-0.4,1500,"bu","13:02:27",11896000
17.7,-0.4,133700,"bu","13:02:26",11894500
17.7,-0.4,300,"bu","13:02:25",11760800
17.7,-0.4,2000,"bu","13:02:23",11760500
17.7,-0.4,300,"bu","13:02:20",11758500
17.7,-0.4,100,"bu","13:02:19",11758200
17.7,-0.4,6500,"bu","13:02:18",11758100
17.7,-0.4,11000,"bu","13:02:15",11751600
17.7,-0.4,500,"bu","13:02:14",11740600
17.7,-0.4,300,"bu","13:02:13",11740100
17.7,-0.4,5100,"bu","13:02:12",11739800
17.7,-0.4,100,"bu","13:02:11",11734700
17.7,-0.4,2100,"bu","13:02:10",11734600
17.7,-0.4,300,"bu","13:02:09",11732500
17.7,-0.4,2000,"bu","13:02:05",11732200
17.7,-0.4,14000,"bu","13:02:04",11730200
17.7,-0.4,10000,"bu","13:02:03",11716200
17.7,-0.4,2000,"bu","13:02:01",11706200
17.7,-0.4,2200,"bu","13:02:00",11704200
17.7,-0.4,5000,"bu","13:01:59",11702000
17.7,-0.4,22000,"bu","13:01:58",11697000
17.7,-0.4,100,"bu","13:01:56",11675000
17.7,-0.4,1000,"bu","13:01:55",11674900
17.7,-0.4,5000,"bu","13:01:54",11673900
17.7,-0.4,400,"bu","13:01:53",11668900
17.7,-0.4,500,"bu","13:01:52",11668500
17.7,-0.4,500,"bu","13:01:50",11668000
17.7,-0.4,3000,"bu","13:01:49",11667500
17.7,-0.4,10100,"bu","13:01:44",11664500
17.7,-0.4,1500,"bu","13:01:41",11654400
17.7,-0.4,15500,"bu","13:01:37",11652900
17.7,-0.4,3000,"bu","13:01:34",11637400
17.6,-0.5,60000,"sd","13:01:33",11634400
17.6,-0.5,1600,"sd","13:01:31",11574400
17.6,-0.5,5600,"sd","13:01:29",11572800
17.6,-0.5,300,"sd","13:01:26",11567200
17.7,-0.4,500,"bu","13:01:25",11566900
17.6,-0.5,3000,"sd","13:01:24",11566400
17.7,-0.4,600,"bu","13:01:22",11563400
17.6,-0.5,30000,"sd","13:01:19",11562800
17.7,-0.4,100,"bu","13:01:18",11532800
17.6,-0.5,200,"sd","13:01:13",11532700
17.7,-0.4,100,"bu","13:01:07",11532500
17.6,-0.5,100,"sd","13:01:05",11532400
17.7,-0.4,3900,"bu","13:01:04",11532300
17.6,-0.5,5200,"sd","13:01:01",11528400
17.6,-0.5,10000,"sd","13:00:59",11523200
17.6,-0.5,33000,"sd","13:00:58",11513200
17.7,-0.4,35000,"bu","13:00:56",11480200
17.6,-0.5,4000,"sd","13:00:55",11445200
17.7,-0.4,10000,"bu","13:00:52",11441200
17.6,-0.5,500,"sd","13:00:46",11431200
17.6,-0.5,22000,"sd","13:00:44",11430500
17.7,-0.4,100,"bu","13:00:40",11408500
17.6,-0.5,60000,"sd","13:00:32",11408400
17.7,-0.4,1200,"sd","13:00:23",11348400
