"price","change","match_qtty","side","time","total_vol"
6.88,-0.22,85000,"","14:45:14",1071800
6.98,-0.12,1000,"bu","14:29:10",986800
6.94,-0.16,500,"sd","14:28:58",985800
6.95,-0.15,500,"sd","14:28:58",985300
6.96,-0.14,500,"sd","14:28:58",984800
6.97,-0.13,500,"sd","14:28:58",984300
6.98,-0.12,1200,"sd","14:28:44",983800
7,-0.1,3200,"bu","14:28:15",982600
7,-0.1,5000,"bu","14:28:02",979400
6.99,-0.11,800,"sd","14:28:02",974400
6.99,-0.11,800,"bu","14:27:48",973600
6.99,-0.11,3000,"sd","14:27:39",972800
7,-0.1,2200,"sd","14:27:39",969800
7,-0.1,3000,"bu","14:27:36",967600
7,-0.1,1600,"bu","14:27:33",964600
7,-0.1,600,"bu","14:27:31",963000
7,-0.1,3800,"bu","14:27:14",962400
7,-0.1,500,"bu","14:26:41",958600
6.99,-0.11,100,"sd","14:26:32",958100
6.99,-0.11,100,"bu","14:26:21",958000
7,-0.1,200,"bu","14:26:17",957900
7,-0.1,500,"bu","14:26:11",957700
7,-0.1,200,"bu","14:25:51",957200
6.99,-0.11,200,"bu","14:25:30",957000
6.97,-0.13,200,"bu","14:24:52",956800
6.95,-0.15,100,"bu","14:24:24",956600
6.95,-0.15,100,"bu","14:24:22",956500
6.95,-0.15,20000,"bu","14:24:14",956400
6.94,-0.16,400,"bu","14:24:10",936400
6.94,-0.16,100,"bu","14:23:57",936000
6.94,-0.16,2000,"bu","14:23:50",935900
6.94,-0.16,100,"bu","14:23:47",933900
6.93,-0.17,200,"bu","14:22:10",933800
6.93,-0.17,100,"bu","14:22:07",933600
6.93,-0.17,500,"bu","14:21:45",933500
6.89,-0.21,1200,"sd","14:18:46",933000
6.9,-0.2,800,"sd","14:18:46",931800
6.89,-0.21,200,"sd","14:17:08",931000
6.89,-0.21,100,"sd","14:16:42",930800
6.9,-0.2,100,"sd","14:15:57",930700
6.9,-0.2,100,"sd","14:15:43",930600
6.89,-0.21,10800,"sd","14:15:29",930500
6.9,-0.2,1800,"sd","14:15:29",919700
6.9,-0.2,2200,"sd","14:15:27",917900
6.9,-0.2,100,"sd","14:14:51",915700
6.95,-0.15,900,"sd","14:12:53",915600
6.95,-0.15,3000,"sd","14:12:52",914700
6.95,-0.15,300,"sd","14:12:29",911700
6.95,-0.15,500,"bu","14:12:23",911400
6.94,-0.16,400,"bu","14:12:23",910900
6.93,-0.17,500,"bu","14:12:23",910500
6.89,-0.21,400,"sd","14:12:02",910000
6.9,-0.2,9700,"sd","14:11:22",909600
6.9,-0.2,200,"sd","14:10:51",899900
6.9,-0.2,2900,"sd","14:10:35",899700
6.91,-0.19,1100,"sd","14:10:35",896800
6.9,-0.2,1500,"bu","14:08:56",895700
6.89,-0.21,500,"bu","14:08:39",894200
6.88,-0.22,200,"bu","14:08:26",893700
6.88,-0.22,100,"bu","14:08:25",893500
6.88,-0.22,2000,"bu","14:08:24",893400
6.88,-0.22,5000,"bu","14:08:22",891400
6.88,-0.22,2000,"bu","14:08:20",886400
6.88,-0.22,700,"sd","14:08:10",884400
6.88,-0.22,5300,"bu","14:08:09",883700
6.88,-0.22,600,"bu","14:08:07",878400
6.88,-0.22,300,"bu","14:07:54",877800
6.87,-0.23,200,"sd","14:07:28",877500
6.88,-0.22,800,"bu","14:06:37",877300
6.88,-0.22,200,"sd","14:06:15",876500
6.88,-0.22,800,"bu","14:06:07",876300
6.88,-0.22,100,"bu","14:06:03",875500
6.88,-0.22,900,"sd","14:05:26",875400
6.88,-0.22,100,"bu","14:04:51",874500
6.88,-0.22,100,"bu","14:04:37",874400
6.87,-0.23,3500,"sd","14:04:13",874300
6.87,-0.23,1000,"sd","14:04:12",870800
6.87,-0.23,3000,"sd","14:04:08",869800
6.87,-0.23,1000,"sd","14:03:43",866800
6.87,-0.23,6000,"sd","14:03:38",865800
6.88,-0.22,100,"sd","14:03:22",859800
6.87,-0.23,100,"sd","14:02:37",859700
6.87,-0.23,1000,"bu","14:01:01",859600
6.85,-0.25,100,"sd","14:00:58",858600
6.87,-0.23,10300,"sd","14:00:40",858500
6.88,-0.22,700,"sd","14:00:40",848200
6.88,-0.22,300,"bu","14:00:35",847500
6.88,-0.22,500,"bu","14:00:13",847200
6.88,-0.22,4000,"sd","13:59:58",846700
6.88,-0.22,200,"sd","13:59:56",842700
6.9,-0.2,500,"bu","13:59:50",842500
6.89,-0.21,2500,"bu","13:59:50",842000
6.88,-0.22,1000,"sd","13:59:34",839500
6.88,-0.22,100,"sd","13:59:26",838500
6.88,-0.22,900,"bu","13:59:25",838400
6.88,-0.22,100,"bu","13:59:19",837500
6.88,-0.22,100,"bu","13:58:51",837400
6.88,-0.22,100,"bu","13:58:47",837300
6.9,-0.2,1700,"bu","13:58:46",837200
6.89,-0.21,2500,"bu","13:58:46",835500
6.88,-0.22,800,"bu","13:58:46",833000
6.88,-0.22,200,"sd","13:58:36",832200
6.9,-0.2,100,"bu","13:57:58",832000
6.9,-0.2,100,"bu","13:57:34",831900
6.9,-0.2,200,"bu","13:57:21",831800
6.9,-0.2,100,"bu","13:57:08",831600
6.9,-0.2,500,"bu","13:56:59",831500
6.9,-0.2,100,"bu","13:56:50",831000
6.9,-0.2,200,"bu","13:56:40",830900
6.9,-0.2,100,"bu","13:56:36",830700
6.87,-0.23,1800,"sd","13:56:22",830600
6.87,-0.23,1000,"bu","13:55:45",828800
6.85,-0.25,11300,"bu","13:55:33",827800
6.85,-0.25,100,"bu","13:55:33",816500
6.85,-0.25,500,"bu","13:55:32",816400
6.85,-0.25,1000,"bu","13:55:24",815900
6.85,-0.25,4000,"bu","13:55:19",814900
6.85,-0.25,3000,"bu","13:55:14",810900
6.85,-0.25,500,"bu","13:55:12",807900
6.84,-0.26,2500,"bu","13:54:38",807400
6.83,-0.27,1200,"bu","13:54:28",804900
6.83,-0.27,100,"bu","13:54:16",803700
6.82,-0.28,500,"bu","13:53:33",803600
6.82,-0.28,500,"bu","13:53:31",803100
6.83,-0.27,200,"bu","13:53:27",802600
6.81,-0.29,5300,"sd","13:52:46",802400
6.82,-0.28,100,"bu","13:52:30",797100
6.82,-0.28,1300,"sd","13:52:25",797000
6.83,-0.27,100,"bu","13:52:24",795700
6.83,-0.27,100,"bu","13:52:10",795600
6.82,-0.28,500,"sd","13:52:07",795500
6.82,-0.28,5000,"sd","13:51:57",795000
6.83,-0.27,100,"bu","13:51:49",790000
6.83,-0.27,200,"bu","13:51:49",789900
6.83,-0.27,400,"bu","13:51:21",789700
6.82,-0.28,8300,"sd","13:51:14",789300
6.83,-0.27,300,"bu","13:51:03",781000
6.82,-0.28,1100,"sd","13:50:51",780700
6.83,-0.27,500,"sd","13:50:46",779600
6.85,-0.25,2000,"sd","13:50:43",779100
6.85,-0.25,10400,"sd","13:50:42",777100
6.86,-0.24,500,"sd","13:50:42",766700
6.86,-0.24,2000,"sd","13:50:16",766200
6.86,-0.24,600,"sd","13:50:04",764200
6.87,-0.23,4100,"sd","13:50:00",763600
6.88,-0.22,13100,"sd","13:49:54",759500
6.88,-0.22,2000,"sd","13:49:52",746400
6.89,-0.21,600,"sd","13:49:35",744400
6.89,-0.21,900,"bu","13:49:32",743800
6.88,-0.22,7000,"sd","13:49:31",742900
6.89,-0.21,300,"sd","13:48:45",735900
6.89,-0.21,1700,"bu","13:48:35",735600
6.88,-0.22,1000,"sd","13:48:29",733900
6.88,-0.22,1000,"sd","13:48:26",732900
6.88,-0.22,1300,"sd","13:48:19",731900
6.88,-0.22,600,"sd","13:47:47",730600
6.88,-0.22,6000,"sd","13:47:38",730000
6.88,-0.22,100,"sd","13:47:00",724000
6.88,-0.22,200,"sd","13:46:49",723900
6.88,-0.22,2000,"sd","13:46:27",723700
6.89,-0.21,200,"sd","13:46:27",721700
6.89,-0.21,100,"sd","13:45:57",721500
6.89,-0.21,100,"sd","13:45:49",721400
6.9,-0.2,8400,"sd","13:45:00",721300
6.9,-0.2,500,"sd","13:44:45",712900
6.9,-0.2,1000,"sd","13:44:43",712400
6.9,-0.2,3000,"sd","13:43:10",711400
6.9,-0.2,2100,"bu","13:42:12",708400
6.9,-0.2,1000,"bu","13:42:09",706300
6.9,-0.2,6000,"bu","13:42:02",705300
6.9,-0.2,2000,"bu","13:41:56",699300
6.89,-0.21,200,"sd","13:41:44",697300
6.88,-0.22,1000,"sd","13:41:17",697100
6.9,-0.2,700,"bu","13:41:14",696100
6.9,-0.2,7200,"bu","13:40:49",695400
6.9,-0.2,100,"bu","13:40:43",688200
6.9,-0.2,200,"bu","13:39:36",688100
6.9,-0.2,3000,"bu","13:38:25",687900
6.88,-0.22,600,"sd","13:38:23",684900
6.9,-0.2,1100,"bu","13:37:51",684300
6.9,-0.2,100,"bu","13:37:21",683200
6.88,-0.22,1900,"sd","13:37:19",683100
6.88,-0.22,100,"sd","13:36:52",681200
6.9,-0.2,300,"bu","13:36:45",681100
6.9,-0.2,4700,"sd","13:35:25",680800
6.92,-0.18,100,"sd","13:34:56",676100
6.92,-0.18,900,"bu","13:34:42",676000
6.92,-0.18,100,"bu","13:34:31",675100
6.93,-0.17,2000,"bu","13:33:51",675000
6.9,-0.2,500,"sd","13:33:48",673000
6.9,-0.2,1000,"sd","13:33:32",672500
6.9,-0.2,500,"bu","13:33:10",671500
6.9,-0.2,1000,"bu","13:32:58",671000
6.89,-0.21,300,"bu","13:32:10",670000
6.88,-0.22,1300,"sd","13:32:08",669700
6.89,-0.21,500,"bu","13:32:07",668400
6.89,-0.21,100,"bu","13:31:55",667900
6.89,-0.21,100,"bu","13:31:49",667800
6.9,-0.2,4000,"sd","13:31:40",667700
6.9,-0.2,200,"sd","13:31:39",663700
6.9,-0.2,2000,"sd","13:30:52",663500
6.9,-0.2,1400,"sd","13:30:43",661500
6.9,-0.2,100,"bu","13:30:29",660100
6.9,-0.2,1000,"bu","13:30:27",660000
6.88,-0.22,8700,"sd","13:30:24",659000
6.89,-0.21,300,"sd","13:30:24",650300
6.9,-0.2,100,"bu","13:30:19",650000
6.9,-0.2,100,"bu","13:30:13",649900
6.9,-0.2,1000,"bu","13:30:05",649800
6.9,-0.2,100,"bu","13:29:59",648800
6.9,-0.2,1000,"bu","13:29:58",648700
6.9,-0.2,1000,"bu","13:29:50",647700
6.9,-0.2,100,"bu","13:29:49",646700
6.9,-0.2,500,"bu","13:29:22",646600
6.89,-0.21,1700,"sd","13:29:21",646100
6.9,-0.2,2000,"sd","13:28:34",644400
6.9,-0.2,700,"sd","13:28:16",642400
6.9,-0.2,1600,"bu","13:27:58",641700
6.89,-0.21,2000,"bu","13:27:43",640100
6.89,-0.21,1000,"bu","13:27:41",638100
6.89,-0.21,500,"bu","13:27:31",637100
6.89,-0.21,1000,"bu","13:27:23",636600
6.89,-0.21,500,"bu","13:27:15",635600
6.88,-0.22,9700,"bu","13:27:04",635100
6.88,-0.22,600,"sd","13:26:48",625400
6.89,-0.21,2000,"bu","13:26:44",624800
6.88,-0.22,2900,"sd","13:26:24",622800
6.89,-0.21,5000,"sd","13:26:10",619900
6.9,-0.2,1000,"bu","13:26:10",614900
6.89,-0.21,5000,"sd","13:25:52",613900
6.9,-0.2,8000,"sd","13:25:50",608900
6.9,-0.2,200,"sd","13:25:50",600900
6.9,-0.2,5000,"sd","13:25:42",600700
6.9,-0.2,1500,"sd","13:25:41",595700
6.91,-0.19,100,"sd","13:25:31",594200
6.91,-0.19,3900,"sd","13:25:14",594100
6.91,-0.19,2000,"sd","13:25:11",590200
6.92,-0.18,100,"bu","13:25:04",588200
6.91,-0.19,4500,"sd","13:25:00",588100
6.92,-0.18,200,"bu","13:24:54",583600
6.92,-0.18,100,"bu","13:24:36",583400
6.93,-0.17,200,"bu","13:24:26",583300
6.94,-0.16,1800,"bu","13:24:24",583100
6.93,-0.17,200,"bu","13:24:24",581300
6.93,-0.17,700,"sd","13:23:59",581100
6.93,-0.17,2000,"sd","13:23:58",580400
6.93,-0.17,400,"sd","13:23:23",578400
6.94,-0.16,4300,"sd","13:23:08",578000
6.95,-0.15,100,"sd","13:22:50",573700
6.95,-0.15,1900,"sd","13:22:49",573600
6.95,-0.15,1000,"sd","13:22:40",571700
6.95,-0.15,5000,"sd","13:22:34",570700
6.95,-0.15,3300,"sd","13:22:31",565700
6.95,-0.15,15100,"sd","13:22:24",562400
6.96,-0.14,100,"bu","13:21:53",547300
6.96,-0.14,100,"bu","13:21:50",547200
6.96,-0.14,100,"bu","13:21:18",547100
6.96,-0.14,700,"bu","13:20:29",547000
6.96,-0.14,3300,"sd","13:20:07",546300
6.96,-0.14,4000,"sd","13:19:59",543000
6.96,-0.14,1500,"sd","13:19:46",539000
6.97,-0.13,4000,"bu","13:19:31",537500
6.96,-0.14,5000,"sd","13:19:26",533500
6.96,-0.14,600,"sd","13:19:11",528500
6.97,-0.13,100,"bu","13:19:09",527900
6.97,-0.13,2000,"bu","13:18:57",527800
6.97,-0.13,100,"bu","13:18:43",525800
6.97,-0.13,2000,"bu","13:18:26",525700
6.97,-0.13,500,"bu","13:17:50",523700
6.97,-0.13,300,"bu","13:17:46",523200
6.97,-0.13,500,"bu","13:17:37",522900
6.97,-0.13,200,"bu","13:17:10",522400
6.97,-0.13,500,"bu","13:17:02",522200
6.97,-0.13,200,"sd","13:16:50",521700
6.97,-0.13,1000,"bu","13:16:15",521500
6.96,-0.14,1000,"sd","13:16:08",520500
6.97,-0.13,200,"sd","13:15:53",519500
6.97,-0.13,900,"bu","13:15:39",519300
6.97,-0.13,300,"bu","13:15:17",518400
6.96,-0.14,1500,"sd","13:14:53",518100
6.96,-0.14,4200,"sd","13:14:43",516600
6.97,-0.13,900,"sd","13:13:54",512400
6.97,-0.13,2300,"sd","13:13:51",511500
7,-0.1,4000,"bu","13:11:53",509200
6.96,-0.14,900,"sd","13:11:05",505200
6.97,-0.13,100,"sd","13:11:05",504300
6.96,-0.14,200,"bu","13:10:36",504200
6.95,-0.15,900,"sd","13:10:32",504000
6.95,-0.15,500,"sd","13:09:57",503100
6.96,-0.14,1500,"sd","13:09:21",502600
6.96,-0.14,300,"sd","13:09:19",501100
6.96,-0.14,2000,"sd","13:08:13",500800
6.96,-0.14,100,"sd","13:07:38",498800
6.96,-0.14,100,"sd","13:07:13",498700
6.97,-0.13,700,"bu","13:07:00",498600
6.97,-0.13,1000,"bu","13:06:40",497900
6.97,-0.13,1200,"bu","13:06:32",496900
6.96,-0.14,200,"sd","13:06:28",495700
6.97,-0.13,2000,"bu","13:06:07",495500
6.97,-0.13,200,"bu","13:06:00",493500
6.97,-0.13,1200,"bu","13:05:58",493300
6.96,-0.14,800,"bu","13:04:38",492100
6.96,-0.14,300,"bu","13:04:28",491300
6.95,-0.15,900,"sd","13:04:16",491000
6.95,-0.15,1000,"sd","13:04:09",490100
6.95,-0.15,1000,"sd","13:04:05",489100
6.95,-0.15,200,"sd","13:03:47",488100
6.95,-0.15,7000,"sd","13:03:40",487900
6.97,-0.13,100,"bu","13:03:24",480900
6.97,-0.13,200,"bu","13:03:09",480800
6.97,-0.13,1300,"sd","13:02:59",480600
6.98,-0.12,100,"bu","13:02:45",479300
6.97,-0.13,2000,"sd","13:02:44",479200
6.97,-0.13,900,"sd","13:02:28",477200
6.97,-0.13,1000,"sd","13:02:18",476300
6.97,-0.13,200,"sd","13:02:01",475300
6.98,-0.12,1300,"sd","13:01:57",475100
6.98,-0.12,2800,"sd","13:01:42",473800
6.99,-0.11,200,"sd","13:01:42",471000
6.99,-0.11,1500,"sd","13:01:37",470800
7,-0.1,500,"sd","13:01:29",469300
7,-0.1,1000,"sd","13:01:24",468800
7,-0.1,100,"sd","13:01:19",467800
7,-0.1,1000,"sd","13:01:14",467700
7,-0.1,3000,"sd","13:01:12",466700
7,-0.1,3900,"sd","13:01:11",463700
7,-0.1,800,"sd","13:01:08",459800
7,-0.1,300,"sd","13:01:07",459000
7,-0.1,3300,"sd","13:01:03",458700
7,-0.1,100,"sd","13:01:02",455400
7,-0.1,27400,"sd","13:00:59",455300
7,-0.1,7500,"sd","13:00:57",427900
7,-0.1,5000,"sd","13:00:54",420400
7,-0.1,1800,"sd","13:00:53",415400
7,-0.1,11800,"sd","13:00:50",413600
7.01,-0.09,5200,"sd","13:00:50",401800
7.02,-0.08,100,"bu","13:00:17",396600
7.01,-0.09,100,"sd","13:00:16",396500
7.01,-0.09,5000,"sd","13:00:02",396400
7.01,-0.09,1800,"sd","13:00:01",391400
7.01,-0.09,2600,"sd","11:29:26",389600
7.01,-0.09,1000,"sd","11:27:42",387000
7.01,-0.09,10600,"sd","11:27:14",386000
7.02,-0.08,4000,"sd","11:27:04",375400
7.02,-0.08,1300,"sd","11:23:52",371400
7.02,-0.08,1000,"sd","11:20:46",370100
7.03,-0.07,1700,"sd","11:20:08",369100
7.04,-0.06,200,"sd","11:17:08",367400
7.04,-0.06,2400,"sd","11:17:03",367200
7.04,-0.06,1000,"sd","11:16:37",364800
7.04,-0.06,1000,"sd","11:16:10",363800
7.04,-0.06,10600,"sd","11:15:45",362800
7.04,-0.06,400,"bu","11:14:25",352200
7.04,-0.06,1000,"sd","11:14:00",351800
7.03,-0.07,100,"sd","11:08:34",350800
7.03,-0.07,200,"sd","11:07:57",350700
7.03,-0.07,300,"bu","11:06:13",350500
7.03,-0.07,200,"bu","11:06:10",350200
7.03,-0.07,1000,"bu","11:05:52",350000
7.03,-0.07,600,"bu","11:05:36",349000
7.03,-0.07,1200,"bu","11:05:23",348400
7.03,-0.07,1500,"sd","11:04:54",347200
7.03,-0.07,300,"sd","11:03:33",345700
7.03,-0.07,1000,"sd","11:02:25",345400
7.02,-0.08,4600,"bu","11:00:06",344400
7.02,-0.08,2000,"bu","10:59:42",339800
7.02,-0.08,300,"bu","10:59:41",337800
7.02,-0.08,4000,"bu","10:59:35",337500
7.01,-0.09,2900,"sd","10:59:29",333500
7.02,-0.08,5500,"sd","10:58:49",330600
7.03,-0.07,3600,"sd","10:58:49",325100
7.04,-0.06,100,"bu","10:58:44",321500
7.03,-0.07,1000,"bu","10:57:47",321400
7.01,-0.09,20000,"sd","10:57:41",320400
7.03,-0.07,200,"bu","10:57:15",300400
7.03,-0.07,1000,"bu","10:56:44",300200
7,-0.1,8600,"sd","10:56:36",299200
7.01,-0.09,20800,"sd","10:56:36",290600
7.02,-0.08,600,"sd","10:56:36",269800
7.03,-0.07,400,"bu","10:56:03",269200
7.02,-0.08,8000,"sd","10:55:28",268800
7.03,-0.07,3000,"sd","10:55:28",260800
7.04,-0.06,8600,"sd","10:54:49",257800
7.04,-0.06,1000,"sd","10:52:47",249200
7.05,-0.05,1500,"sd","10:52:29",248200
7.08,-0.02,400,"bu","10:48:39",246700
7.05,-0.05,900,"sd","10:47:19",246300
7.06,-0.04,2000,"bu","10:47:12",245400
7.05,-0.05,2000,"sd","10:43:28",243400
7.06,-0.04,500,"bu","10:43:13",241400
7.06,-0.04,200,"bu","10:42:56",240900
7.06,-0.04,2000,"bu","10:42:52",240700
7.06,-0.04,2300,"sd","10:42:33",238700
7.06,-0.04,200,"sd","10:42:09",236400
7.05,-0.05,400,"sd","10:38:15",236200
7.05,-0.05,300,"bu","10:37:49",235800
7.05,-0.05,100,"bu","10:37:28",235500
7.05,-0.05,13000,"sd","10:37:03",235400
7.06,-0.04,2500,"sd","10:37:03",222400
7.07,-0.03,5100,"sd","10:37:03",219900
7.08,-0.02,300,"sd","10:36:35",214800
7.08,-0.02,100,"sd","10:36:13",214500
7.08,-0.02,1400,"sd","10:34:28",214400
7.08,-0.02,100,"sd","10:34:21",213000
7.08,-0.02,2000,"sd","10:31:01",212900
7.08,-0.02,1000,"sd","10:30:26",210900
7.08,-0.02,400,"sd","10:30:04",209900
7.08,-0.02,1000,"sd","10:29:34",209500
7.09,-0.01,1000,"bu","10:28:53",208500
7.1,0,600,"bu","10:26:26",207500
7.1,0,8500,"bu","10:26:11",206900
7.09,-0.01,700,"sd","10:25:56",198400
7.09,-0.01,1000,"sd","10:25:00",197700
7.1,0,2100,"sd","10:23:30",196700
7.1,0,5900,"bu","10:21:26",194600
7.1,0,7000,"bu","10:16:54",188700
7.08,-0.02,1400,"bu","10:16:16",181700
7.07,-0.03,100,"sd","10:15:30",180300
7.07,-0.03,400,"sd","10:15:25",180200
7.08,-0.02,500,"sd","10:13:06",179800
7.08,-0.02,400,"sd","10:12:32",179300
7.09,-0.01,100,"sd","10:12:32",178900
7.08,-0.02,100,"sd","10:12:18",178800
7.09,-0.01,400,"sd","10:12:18",178700
7.09,-0.01,100,"bu","10:11:24",178300
7.09,-0.01,300,"bu","10:11:21",178200
7.09,-0.01,2000,"bu","10:10:04",177900
7.09,-0.01,200,"bu","10:09:51",175900
7.09,-0.01,200,"bu","10:09:21",175700
7.09,-0.01,300,"bu","10:08:51",175500
7.08,-0.02,1000,"sd","10:08:31",175200
7.08,-0.02,500,"sd","10:06:30",174200
7.1,0,500,"sd","10:04:41",173700
7.1,0,100,"sd","10:00:24",173200
7.1,0,700,"sd","09:57:02",173100
7.1,0,500,"sd","09:54:28",172400
7.1,0,300,"sd","09:54:03",171900
7.1,0,3500,"bu","09:52:22",171600
7.1,0,1000,"bu","09:51:17",168100
7.1,0,100,"bu","09:50:26",167100
7.1,0,3400,"sd","09:50:13",167000
7.1,0,2700,"sd","09:49:36",163600
7.11,0.01,300,"sd","09:49:36",160900
7.15,0.05,3000,"bu","09:46:37",160600
7.14,0.04,2000,"bu","09:46:37",157600
7.15,0.05,6400,"bu","09:45:28",155600
7.14,0.04,1500,"bu","09:45:28",149200
7.13,0.03,7100,"bu","09:45:28",147700
7.12,0.02,3400,"sd","09:45:26",140600
7.12,0.02,200,"sd","09:45:17",137200
7.12,0.02,4500,"sd","09:45:08",137000
7.13,0.03,100,"bu","09:44:53",132500
7.13,0.03,100,"bu","09:44:10",132400
7.13,0.03,300,"bu","09:43:55",132300
7.13,0.03,100,"bu","09:43:27",132000
7.12,0.02,300,"sd","09:43:26",131900
7.12,0.02,100,"sd","09:43:22",131600
7.13,0.03,2100,"sd","09:40:56",131500
7.14,0.04,500,"sd","09:40:35",129400
7.15,0.05,500,"bu","09:40:35",128900
7.15,0.05,36900,"sd","09:38:10",128400
7.15,0.05,2000,"sd","09:36:43",91500
7.16,0.06,1800,"bu","09:35:59",89500
7.16,0.06,200,"bu","09:35:33",87700
7.15,0.05,100,"sd","09:35:12",87500
7.15,0.05,200,"sd","09:33:48",87400
7.16,0.06,300,"sd","09:33:48",87200
7.16,0.06,2200,"sd","09:33:41",86900
7.16,0.06,200,"bu","09:33:25",84700
7.15,0.05,200,"sd","09:32:49",84500
7.14,0.04,500,"sd","09:31:46",84300
7.16,0.06,1000,"bu","09:31:45",83800
7.13,0.03,200,"sd","09:31:11",82800
7.13,0.03,2000,"sd","09:30:16",82600
7.15,0.05,500,"bu","09:30:14",80600
7.12,0.02,100,"sd","09:29:28",80100
7.11,0.01,6600,"bu","09:29:22",80000
7.1,0,5000,"bu","09:29:22",73400
7.1,0,100,"bu","09:28:40",68400
7.1,0,1100,"sd","09:27:27",68300
7.11,0.01,500,"bu","09:27:05",67200
7.11,0.01,500,"bu","09:26:24",66700
7.11,0.01,800,"sd","09:24:44",66200
7.11,0.01,1200,"bu","09:23:33",65400
7.11,0.01,100,"bu","09:23:18",64200
7.11,0.01,3500,"sd","09:22:31",64100
7.15,0.05,300,"sd","09:22:31",60600
7.15,0.05,100,"sd","09:22:17",60300
7.11,0.01,1000,"sd","09:21:17",60200
7.1,0,3300,"bu","09:19:54",59200
7.1,0,200,"bu","09:18:59",55900
7.1,0,1300,"bu","09:18:34",55700
7.01,-0.09,4100,"bu","09:18:08",54400
7.01,-0.09,1900,"sd","09:17:36",50300
7,-0.1,1000,"sd","09:17:00",48400
7.09,-0.01,6000,"sd","09:17:00",47400
7.1,0,3400,"sd","09:16:41",41400
7.1,0,1000,"sd","09:16:13",38000
7.1,0,1000,"sd","09:16:12",37000
7.25,0.15,36000,"","09:15:06",36000
