"price","change","match_qtty","side","time","total_vol"
14.6,0.15,117100,"","14:45:19",3228100
14.7,0.25,20000,"bu","14:29:50",3111000
14.7,0.25,200,"bu","14:29:40",3091000
14.7,0.25,2000,"bu","14:29:29",3090800
14.65,0.2,1400,"sd","14:29:21",3088800
14.65,0.2,100,"sd","14:29:07",3087400
14.65,0.2,1000,"sd","14:29:01",3087300
14.65,0.2,100,"sd","14:28:49",3086300
14.65,0.2,1600,"sd","14:28:46",3086200
14.65,0.2,100,"sd","14:28:37",3084600
14.65,0.2,1000,"sd","14:28:35",3084500
14.65,0.2,900,"sd","14:28:22",3083500
14.65,0.2,100,"sd","14:28:19",3082600
14.65,0.2,1800,"sd","14:28:13",3082500
14.65,0.2,100,"sd","14:28:09",3080700
14.65,0.2,10600,"bu","14:28:06",3080600
14.65,0.2,6000,"bu","14:27:36",3070000
14.6,0.15,6000,"sd","14:27:36",3064000
14.65,0.2,5000,"bu","14:27:26",3058000
14.65,0.2,900,"sd","14:27:12",3053000
14.65,0.2,100,"sd","14:27:11",3052100
14.65,0.2,2500,"sd","14:27:10",3052000
14.65,0.2,200,"sd","14:27:01",3049500
14.65,0.2,2900,"sd","14:26:37",3049300
14.65,0.2,700,"bu","14:26:36",3046400
14.65,0.2,2500,"sd","14:26:21",3045700
14.65,0.2,900,"sd","14:26:21",3043200
14.65,0.2,1000,"sd","14:26:17",3042300
14.65,0.2,200,"sd","14:26:16",3041300
14.65,0.2,1000,"sd","14:26:09",3041100
14.65,0.2,100,"sd","14:25:52",3040100
14.65,0.2,100,"sd","14:25:51",3040000
14.7,0.25,100,"bu","14:25:21",3039900
14.65,0.2,100,"sd","14:25:18",3039800
14.65,0.2,1000,"sd","14:25:12",3039700
14.65,0.2,300,"sd","14:25:08",3038700
14.65,0.2,300,"sd","14:25:05",3038400
14.65,0.2,1000,"sd","14:25:02",3038100
14.65,0.2,2700,"sd","14:25:01",3037100
14.65,0.2,1000,"sd","14:24:58",3034400
14.65,0.2,1000,"sd","14:24:53",3033400
14.65,0.2,6000,"sd","14:24:48",3032400
14.65,0.2,2000,"bu","14:24:29",3026400
14.65,0.2,1100,"bu","14:24:28",3024400
14.65,0.2,500,"bu","14:24:21",3023300
14.6,0.15,100,"sd","14:24:17",3022800
14.65,0.2,300,"bu","14:24:13",3022700
14.6,0.15,1000,"sd","14:24:08",3022400
14.65,0.2,4900,"bu","14:24:06",3021400
14.6,0.15,300,"sd","14:23:39",3016500
14.65,0.2,300,"bu","14:23:39",3016200
14.65,0.2,2000,"bu","14:23:24",3015900
14.65,0.2,700,"bu","14:23:03",3013900
14.65,0.2,1100,"bu","14:22:58",3013200
14.65,0.2,2000,"bu","14:22:57",3012100
14.65,0.2,3100,"bu","14:22:55",3010100
14.65,0.2,6000,"bu","14:22:54",3007000
14.65,0.2,100,"bu","14:22:41",3001000
14.6,0.15,1000,"sd","14:22:17",3000900
14.6,0.15,300,"sd","14:22:11",2999900
14.6,0.15,600,"bu","14:22:05",2999600
14.6,0.15,200,"bu","14:22:04",2999000
14.6,0.15,100,"bu","14:21:49",2998800
14.6,0.15,2000,"bu","14:21:46",2998700
14.6,0.15,2000,"bu","14:21:40",2996700
14.6,0.15,500,"bu","14:21:38",2994700
14.6,0.15,800,"bu","14:21:16",2994200
14.6,0.15,100,"bu","14:21:12",2993400
14.6,0.15,4000,"bu","14:21:05",2993300
14.6,0.15,2000,"bu","14:21:03",2989300
14.6,0.15,1900,"bu","14:21:00",2987300
14.6,0.15,3000,"bu","14:20:50",2985400
14.6,0.15,800,"bu","14:20:41",2982400
14.6,0.15,800,"bu","14:20:38",2981600
14.6,0.15,10000,"bu","14:20:33",2980800
14.6,0.15,5600,"bu","14:20:30",2970800
14.6,0.15,20000,"bu","14:20:24",2965200
14.6,0.15,2000,"bu","14:20:21",2945200
14.6,0.15,1500,"bu","14:20:14",2943200
14.6,0.15,700,"bu","14:19:58",2941700
14.55,0.1,5000,"sd","14:19:57",2941000
14.55,0.1,4700,"bu","14:19:53",2936000
14.5,0.05,200,"sd","14:19:53",2931300
14.55,0.1,700,"bu","14:19:51",2931100
14.55,0.1,300,"bu","14:19:50",2930400
14.5,0.05,800,"sd","14:19:28",2930100
14.5,0.05,300,"bu","14:19:10",2929300
14.5,0.05,3000,"bu","14:19:10",2929000
14.5,0.05,1700,"sd","14:19:09",2926000
14.5,0.05,6200,"bu","14:19:08",2924300
14.5,0.05,3700,"bu","14:19:06",2918100
14.5,0.05,2000,"bu","14:19:03",2914400
14.5,0.05,5000,"bu","14:19:02",2912400
14.5,0.05,2100,"bu","14:18:59",2907400
14.5,0.05,3500,"bu","14:18:58",2905300
14.5,0.05,1000,"bu","14:18:56",2901800
14.5,0.05,3000,"bu","14:18:56",2900800
14.5,0.05,2000,"bu","14:18:55",2897800
14.5,0.05,100,"bu","14:18:54",2895800
14.5,0.05,200,"bu","14:18:53",2895700
14.5,0.05,18000,"bu","14:18:52",2895500
14.5,0.05,100,"bu","14:18:52",2877500
14.5,0.05,400,"bu","14:18:51",2877400
14.5,0.05,4000,"bu","14:18:49",2877000
14.5,0.05,500,"bu","14:18:48",2873000
14.5,0.05,5000,"bu","14:18:48",2872500
14.5,0.05,10000,"bu","14:18:47",2867500
14.5,0.05,20000,"bu","14:18:42",2857500
14.5,0.05,500,"bu","14:18:41",2837500
14.5,0.05,4000,"bu","14:18:37",2837000
14.5,0.05,2000,"bu","14:18:36",2833000
14.5,0.05,20000,"bu","14:18:34",2831000
14.5,0.05,5200,"bu","14:18:33",2811000
14.5,0.05,1500,"bu","14:18:32",2805800
14.5,0.05,6400,"bu","14:18:26",2804300
14.5,0.05,100,"bu","14:18:20",2797900
14.5,0.05,3000,"bu","14:18:18",2797800
14.5,0.05,400,"bu","14:18:16",2794800
14.5,0.05,100,"bu","14:18:15",2794400
14.5,0.05,500,"bu","14:18:12",2794300
14.5,0.05,5000,"bu","14:18:06",2793800
14.5,0.05,100,"bu","14:18:03",2788800
14.5,0.05,1000,"bu","14:18:00",2788700
14.5,0.05,6800,"bu","14:17:58",2787700
14.5,0.05,5000,"bu","14:17:56",2780900
14.5,0.05,100,"bu","14:17:55",2775900
14.5,0.05,500,"bu","14:17:50",2775800
14.5,0.05,1000,"bu","14:17:47",2775300
14.5,0.05,4800,"bu","14:17:44",2774300
14.5,0.05,100,"bu","14:17:38",2769500
14.5,0.05,500,"bu","14:17:31",2769400
14.5,0.05,500,"bu","14:17:25",2768900
14.5,0.05,1000,"bu","14:17:20",2768400
14.5,0.05,10000,"bu","14:17:18",2767400
14.5,0.05,500,"bu","14:17:17",2757400
14.5,0.05,1000,"bu","14:17:08",2756900
14.5,0.05,500,"bu","14:16:48",2755900
14.5,0.05,1000,"bu","14:16:26",2755400
14.5,0.05,200,"bu","14:16:20",2754400
14.5,0.05,500,"bu","14:16:15",2754200
14.45,0,1700,"sd","14:16:15",2753700
14.5,0.05,51300,"bu","14:16:14",2750000
14.5,0.05,3500,"bu","14:16:04",2698700
14.5,0.05,300,"bu","14:15:59",2695200
14.5,0.05,500,"bu","14:15:47",2694900
14.5,0.05,200,"bu","14:15:36",2694400
14.5,0.05,2000,"bu","14:15:16",2694200
14.5,0.05,31000,"bu","14:15:14",2692200
14.5,0.05,500,"bu","14:14:48",2661200
14.5,0.05,10000,"bu","14:14:43",2660700
14.5,0.05,29000,"sd","14:14:27",2650700
14.55,0.1,100,"bu","14:14:14",2621700
14.55,0.1,1000,"bu","14:14:05",2621600
14.55,0.1,100,"bu","14:14:02",2620600
14.55,0.1,200,"bu","14:14:01",2620500
14.55,0.1,100,"bu","14:13:19",2620300
14.5,0.05,20000,"sd","14:12:36",2620200
14.55,0.1,300,"bu","14:12:30",2600200
14.5,0.05,100,"sd","14:12:29",2599900
14.55,0.1,1000,"bu","14:12:09",2599800
14.55,0.1,300,"bu","14:11:38",2598800
14.55,0.1,3500,"bu","14:10:54",2598500
14.55,0.1,200,"bu","14:10:51",2595000
14.55,0.1,1000,"bu","14:10:09",2594800
14.55,0.1,200,"bu","14:10:05",2593800
14.55,0.1,500,"bu","14:09:37",2593600
14.55,0.1,3000,"bu","14:09:09",2593100
14.55,0.1,6000,"bu","14:08:57",2590100
14.55,0.1,100,"bu","14:08:43",2584100
14.5,0.05,1000,"sd","14:08:41",2584000
14.5,0.05,2500,"sd","14:08:34",2583000
14.5,0.05,100,"sd","14:07:47",2580500
14.5,0.05,1000,"sd","14:07:36",2580400
14.5,0.05,1000,"sd","14:07:06",2579400
14.55,0.1,3000,"bu","14:06:09",2578400
14.5,0.05,1000,"sd","14:06:08",2575400
14.5,0.05,2000,"sd","14:05:29",2574400
14.55,0.1,2000,"bu","14:03:23",2572400
14.55,0.1,3100,"bu","14:03:13",2570400
14.55,0.1,4600,"sd","14:02:53",2567300
14.6,0.15,1000,"bu","14:02:52",2562700
14.55,0.1,3000,"sd","14:02:43",2561700
14.55,0.1,200,"sd","14:01:29",2558700
14.55,0.1,2300,"bu","14:00:29",2558500
14.55,0.1,600,"bu","14:00:25",2556200
14.55,0.1,100,"bu","14:00:15",2555600
14.55,0.1,7000,"sd","14:00:07",2555500
14.55,0.1,3000,"bu","14:00:01",2548500
14.55,0.1,800,"bu","13:59:57",2545500
14.55,0.1,500,"bu","13:59:55",2544700
14.55,0.1,2000,"bu","13:59:52",2544200
14.55,0.1,100,"bu","13:59:49",2542200
14.55,0.1,19000,"bu","13:59:48",2542100
14.5,0.05,1100,"sd","13:59:45",2523100
14.5,0.05,500,"sd","13:59:33",2522000
14.5,0.05,500,"sd","13:59:22",2521500
14.5,0.05,200,"sd","13:59:09",2521000
14.5,0.05,400,"sd","13:59:04",2520800
14.5,0.05,100,"sd","13:58:16",2520400
14.5,0.05,300,"sd","13:58:15",2520300
14.5,0.05,2000,"sd","13:57:25",2520000
14.5,0.05,400,"sd","13:57:24",2518000
14.5,0.05,100,"sd","13:57:21",2517600
14.5,0.05,200,"sd","13:57:13",2517500
14.5,0.05,200,"sd","13:56:51",2517300
14.5,0.05,100,"sd","13:56:45",2517100
14.5,0.05,1000,"sd","13:56:18",2517000
14.5,0.05,16800,"bu","13:56:08",2516000
14.5,0.05,1000,"bu","13:55:36",2499200
14.45,0,200,"sd","13:55:31",2498200
14.45,0,100,"sd","13:55:15",2498000
14.45,0,1000,"sd","13:55:08",2497900
14.5,0.05,400,"bu","13:55:04",2496900
14.45,0,1400,"sd","13:54:56",2496500
14.45,0,200,"sd","13:54:45",2495100
14.45,0,3000,"sd","13:54:44",2494900
14.45,0,2000,"sd","13:54:41",2491900
14.45,0,4000,"sd","13:54:40",2489900
14.45,0,3000,"sd","13:54:23",2485900
14.45,0,10500,"sd","13:54:21",2482900
14.45,0,300,"sd","13:54:20",2472400
14.45,0,2500,"sd","13:54:19",2472100
14.45,0,300,"sd","13:54:17",2469600
14.45,0,2000,"sd","13:54:16",2469300
14.45,0,2600,"sd","13:54:07",2467300
14.45,0,500,"sd","13:54:06",2464700
14.45,0,5000,"sd","13:53:58",2464200
14.45,0,1000,"sd","13:53:55",2459200
14.45,0,2000,"sd","13:53:49",2458200
14.5,0.05,500,"bu","13:53:13",2456200
14.45,0,3000,"sd","13:52:59",2455700
14.45,0,5000,"sd","13:52:57",2452700
14.45,0,1000,"sd","13:52:56",2447700
14.5,0.05,10700,"sd","13:52:19",2446700
14.5,0.05,1500,"sd","13:52:17",2436000
14.5,0.05,5000,"sd","13:52:03",2434500
14.5,0.05,1000,"sd","13:51:58",2429500
14.5,0.05,400,"sd","13:51:51",2428500
14.5,0.05,1000,"sd","13:50:16",2428100
14.5,0.05,1100,"bu","13:50:14",2427100
14.5,0.05,7000,"bu","13:50:13",2426000
14.5,0.05,7000,"bu","13:50:06",2419000
14.5,0.05,100,"bu","13:49:39",2412000
14.5,0.05,500,"bu","13:49:25",2411900
14.5,0.05,1000,"bu","13:49:02",2411400
14.5,0.05,500,"bu","13:49:00",2410400
14.5,0.05,100,"bu","13:48:40",2409900
14.5,0.05,1000,"bu","13:48:37",2409800
14.5,0.05,100,"bu","13:47:57",2408800
14.5,0.05,100,"bu","13:47:53",2408700
14.5,0.05,4000,"bu","13:47:40",2408600
14.5,0.05,600,"bu","13:47:12",2404600
14.5,0.05,3000,"bu","13:47:06",2404000
14.5,0.05,500,"bu","13:46:08",2401000
14.45,0,500,"sd","13:46:06",2400500
14.5,0.05,100,"bu","13:46:01",2400000
14.5,0.05,100,"bu","13:45:02",2399900
14.5,0.05,100,"bu","13:45:02",2399800
14.5,0.05,700,"bu","13:44:52",2399700
14.5,0.05,100,"bu","13:44:52",2399000
14.5,0.05,5000,"bu","13:44:11",2398900
14.5,0.05,6100,"sd","13:44:00",2393900
14.5,0.05,100,"sd","13:43:56",2387800
14.5,0.05,4000,"sd","13:43:40",2387700
14.5,0.05,500,"sd","13:43:27",2383700
14.5,0.05,500,"sd","13:43:23",2383200
14.5,0.05,100,"sd","13:43:15",2382700
14.5,0.05,20000,"sd","13:43:08",2382600
14.55,0.1,200,"bu","13:42:58",2362600
14.55,0.1,5000,"bu","13:41:19",2362400
14.55,0.1,1800,"bu","13:40:56",2357400
14.55,0.1,3400,"bu","13:40:48",2355600
14.55,0.1,5000,"bu","13:40:31",2352200
14.55,0.1,500,"bu","13:39:21",2347200
14.55,0.1,4000,"bu","13:38:59",2346700
14.55,0.1,700,"sd","13:38:53",2342700
14.55,0.1,1000,"sd","13:38:51",2342000
14.55,0.1,2000,"sd","13:38:28",2341000
14.55,0.1,1000,"sd","13:38:20",2339000
14.55,0.1,100,"sd","13:38:12",2338000
14.55,0.1,4900,"sd","13:38:10",2337900
14.55,0.1,100,"sd","13:38:09",2333000
14.55,0.1,200,"sd","13:37:59",2332900
14.6,0.15,1000,"bu","13:35:34",2332700
14.6,0.15,400,"bu","13:33:11",2331700
14.6,0.15,1000,"sd","13:32:12",2331300
14.6,0.15,2100,"sd","13:31:59",2330300
14.6,0.15,2000,"sd","13:31:59",2328200
14.6,0.15,10000,"sd","13:31:53",2326200
14.6,0.15,600,"sd","13:31:10",2316200
14.6,0.15,7600,"bu","13:30:39",2315600
14.6,0.15,200,"bu","13:29:22",2308000
14.5,0.05,500,"sd","13:28:53",2307800
14.55,0.1,500,"bu","13:28:36",2307300
14.55,0.1,200,"bu","13:28:11",2306800
14.55,0.1,100,"bu","13:27:47",2306600
14.55,0.1,400,"sd","13:27:29",2306500
14.55,0.1,1000,"sd","13:26:44",2306100
14.55,0.1,100,"sd","13:26:41",2305100
14.55,0.1,6000,"sd","13:26:17",2305000
14.55,0.1,1000,"sd","13:26:04",2299000
14.55,0.1,1900,"bu","13:25:09",2298000
14.55,0.1,2000,"bu","13:25:04",2296100
14.55,0.1,1000,"bu","13:24:58",2294100
14.55,0.1,2000,"bu","13:24:20",2293100
14.55,0.1,2500,"bu","13:24:08",2291100
14.55,0.1,200,"bu","13:23:55",2288600
14.5,0.05,300,"bu","13:23:36",2288400
14.45,0,300,"sd","13:23:27",2288100
14.45,0,500,"sd","13:22:51",2287800
14.45,0,7100,"sd","13:22:39",2287300
14.45,0,1000,"sd","13:22:37",2280200
14.45,0,7000,"sd","13:22:36",2279200
14.45,0,2500,"sd","13:22:24",2272200
14.45,0,1500,"sd","13:22:19",2269700
14.45,0,100,"sd","13:22:14",2268200
14.45,0,600,"sd","13:22:01",2268100
14.45,0,10000,"sd","13:21:53",2267500
14.45,0,12200,"sd","13:21:48",2257500
14.45,0,100,"sd","13:21:39",2245300
14.45,0,1800,"sd","13:21:36",2245200
14.45,0,600,"sd","13:21:24",2243400
14.45,0,500,"sd","13:21:22",2242800
14.45,0,500,"sd","13:21:18",2242300
14.5,0.05,1000,"bu","13:20:51",2241800
14.5,0.05,4200,"sd","13:20:30",2240800
14.5,0.05,500,"sd","13:20:26",2236600
14.5,0.05,200,"sd","13:20:23",2236100
14.5,0.05,2000,"sd","13:20:07",2235900
14.5,0.05,2000,"sd","13:20:04",2233900
14.5,0.05,200,"sd","13:19:59",2231900
14.5,0.05,2000,"sd","13:19:46",2231700
14.5,0.05,5000,"sd","13:19:45",2229700
14.5,0.05,3000,"sd","13:19:42",2224700
14.5,0.05,2600,"sd","13:19:37",2221700
14.5,0.05,3000,"sd","13:19:26",2219100
14.5,0.05,3000,"sd","13:19:24",2216100
14.5,0.05,8700,"sd","13:19:16",2213100
14.5,0.05,5800,"sd","13:19:02",2204400
14.55,0.1,500,"bu","13:16:41",2198600
14.55,0.1,1300,"bu","13:16:02",2198100
14.5,0.05,1500,"sd","13:15:47",2196800
14.55,0.1,500,"bu","13:15:32",2195300
14.55,0.1,100,"bu","13:14:34",2194800
14.5,0.05,100,"sd","13:13:21",2194700
14.55,0.1,500,"bu","13:13:08",2194600
14.55,0.1,100,"bu","13:12:59",2194100
14.55,0.1,1100,"sd","13:12:54",2194000
14.55,0.1,1000,"sd","13:12:48",2192900
14.55,0.1,500,"bu","13:12:07",2191900
14.55,0.1,400,"sd","13:11:44",2191400
14.55,0.1,100,"sd","13:11:37",2191000
14.55,0.1,500,"sd","13:11:35",2190900
14.55,0.1,4100,"bu","13:11:26",2190400
14.55,0.1,300,"bu","13:11:12",2186300
14.55,0.1,700,"sd","13:10:44",2186000
14.55,0.1,800,"bu","13:10:43",2185300
14.55,0.1,2200,"bu","13:10:28",2184500
14.55,0.1,500,"bu","13:10:02",2182300
14.55,0.1,2000,"bu","13:09:51",2181800
14.55,0.1,19700,"sd","13:09:42",2179800
14.6,0.15,1100,"bu","13:09:20",2160100
14.6,0.15,300,"bu","13:09:01",2159000
14.6,0.15,500,"bu","13:08:44",2158700
14.6,0.15,500,"bu","13:08:25",2158200
14.6,0.15,200,"bu","13:08:16",2157700
14.55,0.1,100,"sd","13:08:13",2157500
14.6,0.15,5000,"bu","13:07:51",2157400
14.55,0.1,100,"sd","13:07:49",2152400
14.55,0.1,500,"sd","13:07:37",2152300
14.6,0.15,500,"bu","13:06:59",2151800
14.6,0.15,5000,"bu","13:06:29",2151300
14.55,0.1,100,"sd","13:05:48",2146300
14.55,0.1,2000,"bu","13:05:20",2146200
14.55,0.1,4500,"bu","13:05:19",2144200
14.55,0.1,200,"bu","13:04:45",2139700
14.55,0.1,1000,"bu","13:04:40",2139500
14.5,0.05,100,"sd","13:04:32",2138500
14.55,0.1,100,"bu","13:04:24",2138400
14.5,0.05,3100,"bu","13:03:59",2138300
14.5,0.05,1000,"bu","13:03:42",2135200
14.5,0.05,300,"bu","13:03:38",2134200
14.5,0.05,5000,"bu","13:03:25",2133900
14.5,0.05,10800,"sd","13:03:21",2128900
14.5,0.05,1800,"bu","13:03:07",2118100
14.5,0.05,300,"bu","13:02:46",2116300
14.5,0.05,2000,"bu","13:02:45",2116000
14.45,0,4500,"bu","13:02:26",2114000
14.45,0,9000,"bu","13:02:23",2109500
14.45,0,400,"bu","13:02:11",2100500
14.45,0,100,"bu","13:02:11",2100100
14.4,-0.05,100,"sd","13:02:10",2100000
14.4,-0.05,100,"sd","13:02:03",2099900
14.45,0,100,"bu","13:02:02",2099800
14.45,0,500,"bu","13:01:41",2099700
14.4,-0.05,2600,"sd","13:01:34",2099200
14.4,-0.05,1000,"sd","13:01:22",2096600
14.45,0,100,"bu","13:01:19",2095600
14.4,-0.05,2300,"sd","13:01:19",2095500
14.4,-0.05,1000,"sd","13:01:17",2093200
14.4,-0.05,800,"sd","13:01:10",2092200
14.45,0,100,"bu","13:00:54",2091400
14.45,0,3100,"bu","13:00:53",2091300
14.45,0,3000,"bu","13:00:51",2088200
14.45,0,1000,"bu","13:00:50",2085200
14.45,0,400,"bu","13:00:50",2084200
14.45,0,700,"bu","13:00:48",2083800
14.45,0,500,"bu","13:00:47",2083100
14.45,0,200,"bu","13:00:46",2082600
14.45,0,600,"bu","13:00:46",2082400
14.45,0,300,"sd","13:00:33",2081800
14.5,0.05,100,"bu","13:00:30",2081500
14.4,-0.05,5500,"sd","13:00:27",2081400
14.45,0,13500,"sd","13:00:27",2075900
14.45,0,500,"sd","11:29:07",2062400
14.5,0.05,400,"bu","11:29:05",2061900
14.5,0.05,2000,"bu","11:29:04",2061500
14.5,0.05,600,"bu","11:28:49",2059500
14.5,0.05,3000,"bu","11:28:47",2058900
14.5,0.05,800,"bu","11:28:37",2054900
14.5,0.05,100,"bu","11:28:16",2054100
14.5,0.05,1000,"bu","11:28:03",2054000
14.5,0.05,500,"bu","11:27:47",2053000
14.45,0,200,"sd","11:27:45",2052500
14.5,0.05,1000,"bu","11:27:21",2052300
14.5,0.05,2000,"bu","11:27:14",2051300
14.5,0.05,1000,"bu","11:27:08",2049300
14.5,0.05,600,"bu","11:26:49",2048300
14.45,0,30000,"sd","11:25:58",2047700
14.5,0.05,100,"bu","11:25:42",2017700
14.5,0.05,200,"bu","11:25:25",2017600
14.5,0.05,13600,"sd","11:25:15",2017400
14.5,0.05,18300,"sd","11:25:14",2003800
14.5,0.05,10000,"sd","11:25:13",1985500
14.5,0.05,12000,"sd","11:25:11",1975500
14.5,0.05,40000,"sd","11:25:08",1963500
14.5,0.05,300,"sd","11:25:03",1923500
14.5,0.05,500,"sd","11:24:12",1923200
14.5,0.05,2000,"sd","11:24:11",1922700
14.55,0.1,200,"bu","11:24:10",1920700
14.55,0.1,100,"bu","11:23:53",1920500
14.55,0.1,6600,"sd","11:23:42",1920400
14.55,0.1,100,"sd","11:23:13",1913800
14.55,0.1,20000,"sd","11:23:10",1913700
14.55,0.1,1000,"sd","11:22:55",1893700
14.55,0.1,6700,"sd","11:22:48",1892700
14.55,0.1,8000,"sd","11:21:28",1886000
14.6,0.15,1000,"bu","11:20:23",1878000
14.6,0.15,11000,"sd","11:18:45",1877000
14.6,0.15,3000,"bu","11:17:03",1866000
14.6,0.15,200,"sd","11:16:40",1863000
14.6,0.15,100,"sd","11:16:11",1862800
14.6,0.15,1300,"sd","11:15:50",1862700
14.6,0.15,1800,"sd","11:15:13",1861400
14.6,0.15,100,"sd","11:14:33",1859600
14.6,0.15,1000,"sd","11:14:08",1859500
14.6,0.15,400,"bu","11:13:50",1858500
14.6,0.15,3300,"sd","11:12:59",1858100
14.6,0.15,400,"sd","11:12:28",1854800
14.6,0.15,300,"sd","11:12:11",1854400
14.6,0.15,100,"sd","11:11:17",1854100
14.6,0.15,700,"sd","11:10:32",1854000
14.6,0.15,1600,"sd","11:10:12",1853300
14.6,0.15,1800,"bu","11:09:41",1851700
14.6,0.15,300,"sd","11:09:26",1849900
14.55,0.1,100,"sd","11:08:23",1849600
14.55,0.1,4900,"sd","11:07:54",1849500
14.6,0.15,5100,"sd","11:07:54",1844600
14.6,0.15,2000,"sd","11:07:46",1839500
14.6,0.15,10000,"sd","11:07:20",1837500
14.65,0.2,300,"bu","11:05:47",1827500
14.65,0.2,200,"bu","11:02:05",1827200
14.65,0.2,3000,"sd","11:00:10",1827000
14.65,0.2,4000,"sd","11:00:09",1824000
14.65,0.2,4000,"sd","10:59:57",1820000
14.65,0.2,1600,"bu","10:58:48",1816000
14.65,0.2,2000,"bu","10:58:00",1814400
14.65,0.2,3500,"bu","10:57:47",1812400
14.65,0.2,1900,"sd","10:57:40",1808900
14.65,0.2,3100,"bu","10:57:28",1807000
14.65,0.2,500,"bu","10:57:00",1803900
14.65,0.2,10000,"bu","10:56:15",1803400
14.6,0.15,2000,"sd","10:55:13",1793400
14.65,0.2,1200,"bu","10:54:46",1791400
14.6,0.15,200,"sd","10:53:42",1790200
14.6,0.15,5900,"bu","10:51:39",1790000
14.6,0.15,400,"bu","10:51:35",1784100
14.6,0.15,100,"bu","10:51:13",1783700
14.55,0.1,20000,"sd","10:50:56",1783600
14.55,0.1,300,"sd","10:50:37",1763600
14.6,0.15,1700,"bu","10:50:35",1763300
14.6,0.15,500,"bu","10:50:27",1761600
14.55,0.1,4000,"sd","10:50:26",1761100
14.6,0.15,1000,"bu","10:48:59",1757100
14.6,0.15,1000,"bu","10:48:22",1756100
14.6,0.15,1000,"bu","10:47:54",1755100
14.6,0.15,200,"bu","10:47:45",1754100
14.6,0.15,1000,"bu","10:47:17",1753900
14.6,0.15,1100,"sd","10:46:40",1752900
14.6,0.15,3900,"bu","10:46:29",1751800
14.6,0.15,5100,"sd","10:46:26",1747900
14.6,0.15,3000,"sd","10:46:23",1742800
14.6,0.15,3000,"sd","10:46:12",1739800
14.6,0.15,400,"sd","10:46:06",1736800
14.6,0.15,1800,"bu","10:45:08",1736400
14.6,0.15,100,"bu","10:45:06",1734600
14.6,0.15,100,"bu","10:45:00",1734500
14.6,0.15,77000,"sd","10:44:17",1734400
14.65,0.2,400,"bu","10:43:55",1657400
14.65,0.2,20000,"sd","10:43:50",1657000
14.65,0.2,6600,"sd","10:43:50",1637000
14.65,0.2,200,"sd","10:43:27",1630400
14.7,0.25,100,"bu","10:42:32",1630200
14.7,0.25,200,"bu","10:40:09",1630100
14.7,0.25,200,"bu","10:39:20",1629900
14.65,0.2,1000,"sd","10:38:48",1629700
14.65,0.2,5000,"sd","10:37:44",1628700
14.7,0.25,1000,"bu","10:37:23",1623700
14.7,0.25,10100,"sd","10:37:21",1622700
14.7,0.25,200,"bu","10:37:07",1612600
14.7,0.25,19800,"sd","10:36:36",1612400
14.75,0.3,2100,"bu","10:36:33",1592600
14.7,0.25,200,"sd","10:35:04",1590500
14.7,0.25,5600,"bu","10:34:25",1590300
14.7,0.25,200,"bu","10:32:53",1584700
14.7,0.25,1000,"bu","10:32:50",1584500
14.7,0.25,200,"sd","10:32:48",1583500
14.7,0.25,2400,"sd","10:32:46",1583300
14.7,0.25,700,"sd","10:32:25",1580900
14.7,0.25,1000,"sd","10:31:55",1580200
14.7,0.25,500,"sd","10:31:48",1579200
14.7,0.25,7000,"sd","10:31:44",1578700
14.7,0.25,1000,"sd","10:31:33",1571700
14.7,0.25,500,"sd","10:30:31",1570700
14.7,0.25,5000,"sd","10:30:09",1570200
14.7,0.25,700,"sd","10:29:43",1565200
14.7,0.25,1000,"sd","10:29:15",1564500
14.7,0.25,6000,"sd","10:29:13",1563500
14.7,0.25,1000,"sd","10:28:50",1557500
14.7,0.25,1000,"sd","10:28:47",1556500
14.7,0.25,500,"sd","10:28:24",1555500
14.7,0.25,15000,"bu","10:27:55",1555000
14.7,0.25,100,"sd","10:27:48",1540000
14.7,0.25,200,"sd","10:27:47",1539900
14.7,0.25,1800,"sd","10:27:22",1539700
14.7,0.25,8000,"sd","10:27:14",1537900
14.7,0.25,11000,"bu","10:26:00",1529900
14.7,0.25,500,"bu","10:25:43",1518900
14.7,0.25,1500,"bu","10:25:40",1518400
14.75,0.3,7000,"sd","10:25:25",1516900
14.75,0.3,29900,"bu","10:25:24",1509900
14.7,0.25,13100,"bu","10:25:24",1480000
14.7,0.25,21900,"sd","10:25:20",1466900
14.7,0.25,100,"sd","10:25:15",1445000
14.7,0.25,100,"sd","10:24:50",1444900
14.7,0.25,100,"sd","10:24:18",1444800
14.7,0.25,5600,"bu","10:23:37",1444700
14.7,0.25,500,"bu","10:23:33",1439100
14.7,0.25,3900,"sd","10:23:16",1438600
14.7,0.25,1200,"sd","10:22:54",1434700
14.6,0.45,1000,"sd","10:15:12",971000
14.6,0.45,400,"sd","10:14:56",970000
14.65,0.5,1600,"bu","10:14:37",969600
14.6,0.45,200,"bu","10:14:35",968000
14.6,0.45,300,"sd","10:14:29",967800
14.6,0.45,600,"sd","10:14:22",967500
14.6,0.45,200,"sd","10:14:18",966900
14.6,0.45,5100,"sd","10:14:17",966700
14.6,0.45,1000,"sd","10:14:12",961600
14.6,0.45,100,"sd","10:14:06",960600
14.65,0.5,100,"bu","10:14:04",960500
14.6,0.45,2800,"bu","10:13:57",960400
14.6,0.45,900,"bu","10:13:45",957600
14.6,0.45,3000,"bu","10:13:29",956700
14.6,0.45,4700,"bu","10:13:14",953700
14.6,0.45,5300,"bu","10:13:14",949000
14.6,0.45,100,"bu","10:13:12",943700
14.55,0.4,1200,"sd","10:13:05",943600
14.6,0.45,200,"bu","10:12:38",942400
14.55,0.4,100,"sd","10:12:30",942200
14.7,0.25,500,"bu","10:10:45",1389700
14.65,0.2,100,"sd","10:09:21",1389200
14.7,0.25,1100,"bu","10:09:18",1389100
14.7,0.25,600,"bu","10:09:00",1388000
14.7,0.25,2000,"bu","10:07:43",1383000
14.7,0.25,1000,"bu","10:07:13",1381000
14.65,0.2,900,"sd","10:06:17",1380000
14.7,0.25,6300,"sd","10:06:04",1379100
14.7,0.25,6100,"sd","10:06:03",1372800
14.7,0.25,12300,"sd","10:06:01",1366700
14.7,0.25,4800,"sd","10:05:55",1354400
14.7,0.25,2000,"sd","10:05:51",1349600
14.7,0.25,2000,"sd","10:05:48",1347600
14.7,0.25,3000,"sd","10:05:46",1345600
14.7,0.25,2000,"sd","10:05:34",1342600
14.7,0.25,100,"sd","10:05:08",1340600
14.75,0.3,100,"bu","10:04:20",1340500
14.75,0.3,200,"bu","10:04:07",1340400
14.75,0.3,500,"bu","10:03:48",1340200
14.75,0.3,2000,"bu","10:03:25",1339700
14.75,0.3,5000,"bu","10:02:39",1337700
14.7,0.25,4900,"sd","10:02:20",1332700
14.7,0.25,200,"sd","10:02:12",1327800
14.75,0.3,8500,"bu","10:01:10",1327600
14.75,0.3,1000,"bu","10:01:04",1319100
14.75,0.3,41000,"sd","10:01:00",1318100
14.75,0.3,1000,"sd","10:00:58",1277100
14.75,0.3,100,"sd","09:59:46",1276100
14.75,0.3,900,"bu","09:57:46",1276000
14.75,0.3,1400,"sd","09:57:45",1275100
14.75,0.3,300,"bu","09:57:44",1273700
14.75,0.3,5000,"bu","09:57:27",1273400
14.75,0.3,10000,"bu","09:56:35",1268400
14.7,0.25,200,"sd","09:55:47",1258400
14.7,0.25,200,"sd","09:55:39",1258200
14.7,0.25,1000,"sd","09:55:21",1258000
14.7,0.25,4300,"bu","09:55:20",1257000
14.7,0.25,5500,"bu","09:55:18",1252700
14.7,0.25,1000,"bu","09:55:02",1247200
14.7,0.25,2000,"bu","09:54:56",1246200
14.7,0.25,3000,"bu","09:54:54",1244200
14.7,0.25,2500,"bu","09:54:52",1241200
14.7,0.25,1000,"bu","09:54:50",1238700
14.7,0.25,5000,"bu","09:54:43",1237700
14.7,0.25,100,"bu","09:54:41",1232700
14.7,0.25,5000,"bu","09:54:40",1232600
14.7,0.25,12000,"bu","09:54:33",1227600
14.7,0.25,500,"bu","09:54:17",1215600
14.7,0.25,500,"bu","09:52:28",1215100
14.65,0.2,2900,"sd","09:51:53",1214600
14.65,0.2,1000,"sd","09:51:10",1211700
14.65,0.2,2000,"sd","09:50:48",1210700
14.7,0.25,400,"bu","09:50:43",1208700
14.7,0.25,6300,"sd","09:50:16",1208300
14.7,0.25,18500,"sd","09:50:15",1202000
14.7,0.25,100,"sd","09:50:04",1183500
14.7,0.25,900,"sd","09:50:00",1183400
14.7,0.25,700,"sd","09:49:51",1182500
14.7,0.25,200,"sd","09:49:07",1181800
14.7,0.25,3600,"sd","09:48:32",1181600
14.75,0.3,1400,"bu","09:48:06",1178000
14.75,0.3,800,"bu","09:47:24",1176600
14.7,0.25,2000,"sd","09:47:05",1175800
14.7,0.25,100,"sd","09:46:58",1173800
14.75,0.3,1000,"bu","09:46:58",1173700
14.7,0.25,500,"sd","09:46:55",1172700
14.7,0.25,100,"sd","09:46:49",1172200
14.7,0.25,3000,"sd","09:46:42",1172100
14.7,0.25,300,"sd","09:46:35",1169100
14.75,0.3,10000,"bu","09:46:34",1168800
14.7,0.25,1200,"sd","09:46:12",1158800
14.7,0.25,3000,"sd","09:46:09",1157600
14.7,0.25,200,"sd","09:46:07",1154600
14.7,0.25,600,"sd","09:46:03",1154400
14.7,0.25,300,"sd","09:45:46",1153800
14.7,0.25,500,"sd","09:45:43",1153500
14.7,0.25,500,"sd","09:45:30",1153000
14.7,0.25,1500,"sd","09:45:03",1152500
14.7,0.25,200,"sd","09:45:01",1151000
14.7,0.25,5000,"sd","09:44:38",1150800
14.7,0.25,1000,"sd","09:44:29",1145800
14.7,0.25,800,"sd","09:44:18",1144800
14.7,0.25,2500,"sd","09:44:10",1144000
14.7,0.25,100,"sd","09:43:59",1141500
14.7,0.25,5000,"sd","09:43:53",1141400
14.7,0.25,200,"sd","09:43:51",1136400
14.75,0.3,100,"bu","09:43:49",1136200
14.7,0.25,1100,"sd","09:43:44",1136100
14.75,0.3,500,"bu","09:43:44",1135000
14.7,0.25,1000,"sd","09:43:40",1134500
14.75,0.3,100,"bu","09:43:35",1133500
14.75,0.3,100,"bu","09:43:24",1133400
14.7,0.25,500,"sd","09:43:20",1133300
14.75,0.3,2000,"bu","09:43:10",1132800
14.75,0.3,200,"bu","09:42:31",1130800
14.75,0.3,600,"sd","09:42:14",1130600
14.75,0.3,27200,"sd","09:42:10",1130000
14.75,0.3,5000,"sd","09:41:56",1102800
14.75,0.3,1000,"sd","09:41:54",1097800
14.75,0.3,2000,"sd","09:41:47",1096800
14.75,0.3,3000,"sd","09:41:45",1094800
14.75,0.3,1000,"sd","09:41:24",1091800
14.75,0.3,20000,"sd","09:41:07",1090800
14.75,0.3,500,"sd","09:40:19",1070800
14.75,0.3,100,"sd","09:40:01",1070300
14.75,0.3,900,"sd","09:39:45",1070200
14.8,0.35,100,"bu","09:39:40",1069300
14.8,0.35,3000,"bu","09:39:31",1069200
14.8,0.35,700,"bu","09:39:12",1066200
14.8,0.35,3000,"bu","09:38:49",1065500
14.8,0.35,1000,"bu","09:38:38",1062500
14.8,0.35,100,"bu","09:38:35",1061500
14.8,0.35,1100,"sd","09:38:18",1061400
14.8,0.35,400,"bu","09:37:58",1060300
14.8,0.35,2800,"sd","09:37:50",1059900
14.8,0.35,900,"sd","09:37:44",1057100
14.8,0.35,2700,"bu","09:37:36",1056200
14.8,0.35,10000,"bu","09:37:22",1053500
14.8,0.35,10000,"bu","09:37:12",1043500
14.75,0.3,2000,"sd","09:36:56",1033500
14.8,0.35,100,"bu","09:36:45",1031500
14.8,0.35,500,"bu","09:36:41",1031400
14.8,0.35,70000,"bu","09:36:18",1030900
14.8,0.35,2000,"bu","09:35:59",960900
14.8,0.35,1000,"bu","09:35:57",958900
14.8,0.35,3000,"bu","09:35:56",957900
14.75,0.3,10000,"sd","09:35:53",954900
14.8,0.35,1000,"bu","09:35:39",944900
14.8,0.35,100,"bu","09:35:35",943900
14.75,0.3,900,"sd","09:35:27",943800
14.75,0.3,100,"sd","09:35:26",942900
14.8,0.35,300,"bu","09:35:23",942800
14.75,0.3,500,"sd","09:34:51",942500
14.75,0.3,300,"sd","09:34:28",942000
14.8,0.35,5000,"bu","09:34:20",941700
14.8,0.35,100,"bu","09:34:16",936700
14.8,0.35,1000,"bu","09:33:56",936600
14.8,0.35,1000,"bu","09:33:46",935600
14.8,0.35,500,"bu","09:33:41",934600
14.8,0.35,1000,"bu","09:33:32",934100
14.8,0.35,1100,"sd","09:33:23",933100
14.8,0.35,1000,"sd","09:33:18",932000
14.8,0.35,500,"sd","09:33:15",931000
14.8,0.35,1000,"sd","09:33:11",930500
14.8,0.35,200,"sd","09:33:05",929500
14.8,0.35,400,"sd","09:33:04",929300
14.8,0.35,9000,"bu","09:32:57",928900
14.75,0.3,5000,"sd","09:32:43",919900
14.8,0.35,200,"bu","09:32:38",914900
14.8,0.35,300,"bu","09:32:35",914700
14.8,0.35,500,"bu","09:32:31",914400
14.8,0.35,10600,"sd","09:32:26",913900
14.8,0.35,3000,"sd","09:32:15",903300
14.8,0.35,500,"sd","09:31:57",900300
14.85,0.4,100,"bu","09:31:54",899800
14.8,0.35,1000,"sd","09:31:43",899700
14.8,0.35,500,"sd","09:31:41",898700
14.8,0.35,1100,"sd","09:31:33",898200
14.8,0.35,500,"bu","09:31:26",897100
14.8,0.35,5000,"bu","09:31:23",896600
14.8,0.35,500,"bu","09:31:23",891600
14.8,0.35,2000,"bu","09:31:21",891100
14.8,0.35,5300,"bu","09:31:14",889100
14.8,0.35,10000,"bu","09:30:44",883800
14.8,0.35,100,"bu","09:30:36",873800
14.75,0.3,5200,"sd","09:30:28",873700
14.75,0.3,2800,"sd","09:30:27",868500
14.8,0.35,500,"bu","09:30:25",865700
14.8,0.35,200,"bu","09:30:21",865200
14.8,0.35,3500,"bu","09:30:20",865000
14.8,0.35,2000,"bu","09:30:18",861500
14.8,0.35,100,"bu","09:30:09",859500
14.8,0.35,100,"bu","09:30:09",859400
14.8,0.35,100,"bu","09:30:06",859300
14.8,0.35,100,"bu","09:30:04",859200
14.8,0.35,200,"bu","09:30:02",859100
14.8,0.35,200,"bu","09:29:50",858900
14.8,0.35,200,"bu","09:29:46",858700
14.8,0.35,1000,"bu","09:29:37",858500
14.8,0.35,2000,"bu","09:29:35",857500
14.8,0.35,20000,"bu","09:29:31",855500
14.75,0.3,1000,"sd","09:29:25",835500
14.8,0.35,200,"bu","09:29:13",834500
14.75,0.3,5000,"sd","09:29:07",834300
14.75,0.3,20000,"sd","09:29:06",829300
14.75,0.3,4600,"sd","09:29:00",809300
14.75,0.3,100,"sd","09:28:52",804700
14.8,0.35,800,"bu","09:28:51",804600
14.75,0.3,20000,"sd","09:28:38",803800
14.8,0.35,500,"bu","09:28:29",783800
14.8,0.35,5700,"sd","09:28:26",783300
14.8,0.35,60000,"sd","09:28:24",777600
14.85,0.4,100,"bu","09:28:20",717600
14.85,0.4,500,"bu","09:28:19",717500
14.85,0.4,3200,"sd","09:27:54",717000
14.9,0.45,100,"bu","09:27:41",713800
14.9,0.45,30000,"bu","09:27:26",713700
14.85,0.4,1100,"sd","09:27:21",683700
14.85,0.4,7400,"bu","09:27:11",682600
14.85,0.4,2400,"bu","09:27:08",675200
14.85,0.4,2600,"bu","09:27:08",672800
14.85,0.4,1000,"bu","09:27:05",670200
14.85,0.4,3000,"bu","09:27:00",669200
14.85,0.4,6000,"bu","09:26:57",666200
14.85,0.4,2000,"bu","09:26:50",660200
14.85,0.4,100,"bu","09:26:41",658200
14.85,0.4,13000,"bu","09:26:34",658100
14.8,0.35,200,"sd","09:26:30",645100
14.85,0.4,3000,"bu","09:26:22",644900
14.85,0.4,1500,"bu","09:26:21",641900
14.85,0.4,15000,"bu","09:26:19",640400
14.8,0.35,1000,"sd","09:26:15",625400
14.8,0.35,1000,"sd","09:26:08",624400
14.8,0.35,300,"sd","09:26:08",623400
14.8,0.35,1500,"bu","09:26:07",612900
14.8,0.35,300,"bu","09:26:06",611400
14.8,0.35,600,"bu","09:26:04",611100
14.8,0.35,1500,"bu","09:26:03",610500
14.8,0.35,200,"bu","09:25:49",609000
14.8,0.35,600,"bu","09:25:47",608800
14.8,0.35,300,"bu","09:25:38",608200
14.8,0.35,46000,"sd","09:25:29",607900
14.85,0.4,300,"sd","09:25:29",561900
14.85,0.4,1000,"sd","09:25:19",561600
14.85,0.4,2000,"sd","09:25:14",560600
14.9,0.45,50000,"bu","09:25:14",558600
14.85,0.4,700,"sd","09:25:09",508600
14.85,0.4,2200,"bu","09:25:08",507900
14.85,0.4,1000,"bu","09:25:01",505700
14.85,0.4,4000,"bu","09:25:01",504700
14.85,0.4,2000,"bu","09:24:56",500700
14.85,0.4,100,"bu","09:24:55",498700
14.85,0.4,1200,"sd","09:24:45",498600
14.85,0.4,200,"sd","09:24:42",497400
14.85,0.4,500,"sd","09:24:37",497200
14.85,0.4,500,"sd","09:24:35",496700
14.85,0.4,7200,"sd","09:24:34",496200
14.85,0.4,3000,"sd","09:24:33",489000
14.85,0.4,1300,"sd","09:24:28",486000
14.85,0.4,4100,"bu","09:24:23",484700
14.85,0.4,1000,"bu","09:24:19",480600
14.85,0.4,500,"bu","09:24:16",479600
14.8,0.35,200,"sd","09:24:16",479100
14.85,0.4,1000,"bu","09:24:14",478900
14.85,0.4,4000,"bu","09:24:12",477900
14.85,0.4,9000,"bu","09:24:07",473900
14.85,0.4,500,"bu","09:24:04",464900
14.85,0.4,700,"bu","09:24:01",464400
14.85,0.4,1000,"bu","09:23:58",463700
14.85,0.4,100,"bu","09:23:56",462700
14.85,0.4,100,"bu","09:23:54",462600
14.85,0.4,5000,"bu","09:23:48",462500
14.85,0.4,200,"bu","09:23:45",457500
14.85,0.4,2600,"bu","09:23:42",457300
14.85,0.4,100,"bu","09:23:41",454700
14.8,0.35,100,"sd","09:23:39",454600
14.85,0.4,1000,"bu","09:23:38",454500
14.85,0.4,1000,"bu","09:23:37",453500
14.85,0.4,100,"bu","09:23:35",452500
14.85,0.4,1000,"bu","09:23:34",452400
14.85,0.4,1000,"bu","09:23:32",451400
14.85,0.4,12000,"bu","09:23:28",450400
14.85,0.4,100,"bu","09:23:27",438400
14.85,0.4,30000,"bu","09:23:18",438300
14.8,0.35,200,"sd","09:23:12",408300
14.8,0.35,100,"sd","09:23:10",408100
14.85,0.4,100,"bu","09:23:09",408000
14.8,0.35,100,"sd","09:22:57",407900
14.8,0.35,200,"sd","09:22:51",407800
14.75,0.3,100,"sd","09:22:48",407600
14.75,0.3,500,"sd","09:22:46",407500
14.75,0.3,3100,"sd","09:22:45",407000
14.8,0.35,17900,"sd","09:22:45",403900
14.8,0.35,25100,"sd","09:22:43",386000
14.95,0.5,15400,"bu","09:22:41",360900
14.95,0.5,4000,"bu","09:22:40",345500
14.85,0.4,26900,"bu","09:22:40",329700
14.8,0.35,41900,"bu","09:22:40",302800
14.75,0.3,2000,"sd","09:22:38",260900
14.8,0.35,100,"bu","09:22:38",258900
14.75,0.3,10400,"sd","09:22:37",258800
14.75,0.3,10000,"sd","09:22:32",248400
14.75,0.3,100,"sd","09:22:27",238400
14.75,0.3,500,"sd","09:22:25",238300
14.75,0.3,31800,"bu","09:22:20",237800
14.75,0.3,200,"bu","09:22:19",206000
14.75,0.3,2700,"bu","09:22:04",205800
14.75,0.3,2300,"bu","09:22:04",203100
14.75,0.3,100,"bu","09:21:50",200800
14.75,0.3,100,"bu","09:21:39",200700
14.7,0.25,100,"sd","09:21:31",200600
14.7,0.25,32500,"bu","09:21:28",200500
14.7,0.25,400,"bu","09:21:28",168000
14.7,0.25,3000,"bu","09:21:26",167600
14.7,0.25,2000,"bu","09:21:24",164600
14.7,0.25,2000,"bu","09:21:23",162600
14.7,0.25,2200,"bu","09:21:19",160600
14.7,0.25,2800,"bu","09:21:18",158400
14.7,0.25,1200,"bu","09:21:03",155600
14.65,0.2,600,"sd","09:20:54",154400
14.65,0.2,200,"sd","09:20:49",153800
14.65,0.2,2000,"sd","09:20:47",153600
14.65,0.2,7200,"bu","09:20:46",151600
14.65,0.2,3000,"sd","09:20:40",144400
14.65,0.2,10000,"sd","09:20:38",141400
14.7,0.25,2000,"bu","09:20:34",131400
14.65,0.2,100,"sd","09:20:23",129400
14.7,0.25,5500,"bu","09:20:13",129300
14.65,0.2,100,"sd","09:20:13",123800
14.65,0.2,100,"sd","09:20:05",123700
14.65,0.2,9200,"bu","09:19:58",123600
14.65,0.2,3000,"bu","09:19:52",114400
14.65,0.2,5000,"bu","09:19:48",111400
14.65,0.2,4000,"bu","09:19:43",106400
14.6,0.15,100,"sd","09:19:43",102400
14.6,0.15,2000,"sd","09:19:39",102300
14.6,0.15,22300,"bu","09:19:38",100300
14.55,0.1,500,"sd","09:19:30",78000
14.55,0.1,200,"sd","09:19:20",77500
14.6,0.15,100,"bu","09:19:16",77300
14.55,0.1,100,"sd","09:19:14",77200
14.6,0.15,500,"bu","09:19:13",77100
14.6,0.15,7000,"bu","09:19:03",76600
14.6,0.15,900,"bu","09:19:03",69600
14.55,0.1,200,"sd","09:18:56",68700
14.55,0.1,900,"sd","09:18:19",68500
14.55,0.1,800,"bu","09:18:16",67600
14.55,0.1,7700,"bu","09:18:13",66800
14.55,0.1,1000,"bu","09:18:12",59100
14.5,0.05,500,"sd","09:17:58",58100
14.5,0.05,500,"sd","09:17:50",57600
14.5,0.05,100,"sd","09:17:47",57100
14.5,0.05,100,"sd","09:17:43",57000
14.5,0.05,500,"sd","09:17:25",56900
14.5,0.05,100,"sd","09:17:21",56400
14.5,0.05,2000,"sd","09:17:14",56300
14.5,0.05,500,"sd","09:16:32",54300
14.5,0.05,2000,"sd","09:16:30",53800
14.5,0.05,10000,"sd","09:16:24",51800
14.5,0.05,500,"sd","09:16:20",41800
14.5,0.05,2000,"sd","09:16:04",41300
14.5,0.05,7000,"sd","09:15:56",39300
14.5,0.05,100,"sd","09:15:42",32300
14.5,0.05,300,"sd","09:15:13",32200
14.55,0.1,200,"sd","09:15:13",31900
14.6,0.15,31700,"","09:15:07",31700
