"price","change","match_qtty","side","time","total_vol"
21.1,0.1,2900,"","14:58:48",4379400
21.1,0.1,500,"","14:56:12",4376500
21.1,0.1,100,"","14:51:16",4376000
21.1,0.1,900,"","14:50:35",4375900
21.1,0.1,900,"","14:49:39",4375000
21.1,0.1,10000,"","14:49:10",4374100
21.1,0.1,200,"","14:47:56",4364100
21.1,0.1,222100,"","14:45:01",4363900
21,0,500,"bu","14:29:51",4141800
21,0,100,"bu","14:29:48",4141300
20.9,-0.1,3000,"sd","14:29:34",4141200
21,0,1000,"bu","14:29:31",4138200
21,0,100,"bu","14:29:29",4137200
21,0,500,"bu","14:29:27",4137100
21,0,1100,"sd","14:29:23",4136600
21,0,700,"sd","14:29:18",4135500
21,0,1000,"sd","14:29:15",4134800
21,0,400,"sd","14:29:08",4133800
21.1,0.1,1400,"bu","14:28:58",4133400
21,0,4700,"bu","14:28:55",4132000
21,0,1000,"sd","14:28:47",4127300
21,0,15200,"sd","14:28:45",4126300
21,0,3000,"sd","14:28:42",4111100
21,0,2000,"sd","14:28:36",4108100
21,0,2500,"sd","14:28:29",4106100
21.1,0.1,5000,"bu","14:28:28",4103600
21,0,16000,"sd","14:28:25",4098600
21,0,600,"sd","14:28:19",4082600
21,0,3000,"sd","14:28:17",4082000
21,0,1000,"sd","14:28:16",4079000
21,0,1200,"sd","14:28:15",4078000
21,0,5000,"sd","14:28:11",4076800
21,0,2500,"sd","14:27:46",4071800
21,0,1200,"sd","14:27:43",4069300
21,0,500,"sd","14:27:42",4068100
21,0,3000,"sd","14:27:37",4067600
21,0,9000,"sd","14:27:36",4064600
21,0,3000,"sd","14:27:28",4055600
21,0,1600,"sd","14:27:24",4052600
21,0,300,"sd","14:27:21",4051000
21,0,200,"sd","14:27:16",4050700
21,0,500,"sd","14:27:10",4050500
21.1,0.1,500,"bu","14:27:09",4050000
21,0,1000,"sd","14:27:03",4049500
21.1,0.1,900,"bu","14:26:51",4048500
21.1,0.1,3000,"bu","14:26:40",4047600
21.1,0.1,500,"bu","14:26:19",4044600
21,0,700,"sd","14:26:18",4044100
21,0,1500,"sd","14:26:15",4043400
21,0,500,"sd","14:26:14",4041900
21,0,100,"sd","14:26:09",4041400
21,0,200,"sd","14:25:56",4041300
21,0,1000,"sd","14:25:51",4041100
21,0,10000,"sd","14:25:50",4040100
21,0,1000,"sd","14:25:11",4030100
21,0,2000,"sd","14:24:54",4029100
21,0,1000,"sd","14:24:34",4027100
21,0,3900,"sd","14:24:05",4026100
21,0,4900,"sd","14:24:00",4022200
21,0,41600,"sd","14:23:51",4017300
21,0,3000,"bu","14:23:37",3975700
21,0,3200,"bu","14:23:35",3972700
20.9,-0.1,5000,"sd","14:23:22",3969500
21,0,3000,"bu","14:23:15",3964500
21,0,1400,"bu","14:22:55",3961500
21,0,7500,"bu","14:22:52",3960100
21,0,500,"bu","14:22:42",3952600
21,0,1000,"bu","14:22:36",3952100
20.9,-0.1,3000,"sd","14:22:15",3951100
21,0,700,"bu","14:22:00",3948100
20.9,-0.1,2300,"sd","14:21:47",3947400
21,0,200,"bu","14:21:39",3945100
21,0,500,"bu","14:21:38",3944900
21,0,3000,"bu","14:21:32",3944400
21,0,100,"bu","14:21:31",3941400
21,0,300,"bu","14:21:27",3941300
21,0,32000,"bu","14:21:26",3941000
21,0,1000,"bu","14:21:25",3909000
21,0,300,"bu","14:21:17",3908000
21,0,20000,"bu","14:21:16",3907700
21,0,300,"bu","14:21:12",3887700
21,0,700,"bu","14:21:11",3887400
21,0,10000,"bu","14:21:08",3886700
21,0,20000,"bu","14:20:26",3876700
21,0,1100,"bu","14:20:20",3856700
21,0,16000,"bu","14:20:06",3855600
20.9,-0.1,10000,"sd","14:20:05",3839600
20.9,-0.1,500,"sd","14:19:56",3829600
20.9,-0.1,2000,"sd","14:19:53",3829100
20.9,-0.1,2000,"sd","14:19:49",3827100
20.9,-0.1,200,"sd","14:19:42",3825100
20.9,-0.1,3000,"sd","14:19:40",3824900
20.9,-0.1,30000,"sd","14:19:37",3821900
20.9,-0.1,1500,"sd","14:19:19",3791900
20.9,-0.1,4000,"sd","14:19:14",3790400
20.9,-0.1,2000,"sd","14:18:27",3786400
21,0,10000,"bu","14:18:23",3784400
21,0,500,"bu","14:18:13",3774400
21,0,1200,"bu","14:17:58",3773900
20.9,-0.1,100,"sd","14:17:51",3772700
20.9,-0.1,3800,"sd","14:17:44",3772600
20.9,-0.1,9900,"sd","14:17:41",3768800
20.9,-0.1,3700,"sd","14:17:39",3758900
20.9,-0.1,100,"sd","14:17:09",3755200
21,0,300,"bu","14:16:52",3755100
20.9,-0.1,800,"sd","14:16:31",3754800
20.9,-0.1,1900,"sd","14:16:30",3754000
20.9,-0.1,3000,"sd","14:16:26",3752100
20.9,-0.1,2000,"sd","14:16:22",3749100
20.9,-0.1,600,"sd","14:16:10",3747100
20.9,-0.1,2300,"sd","14:15:59",3746500
20.9,-0.1,900,"sd","14:15:42",3744200
20.9,-0.1,200,"bu","14:15:41",3743300
20.9,-0.1,500,"bu","14:15:36",3743100
20.9,-0.1,2700,"bu","14:15:28",3742600
20.9,-0.1,2000,"bu","14:15:25",3739900
20.9,-0.1,100,"bu","14:15:23",3737900
20.9,-0.1,18600,"sd","14:15:16",3737800
20.9,-0.1,33400,"sd","14:15:13",3719200
20.9,-0.1,500,"bu","14:15:11",3685800
20.9,-0.1,200,"bu","14:14:55",3685300
20.9,-0.1,100,"bu","14:14:49",3685100
20.9,-0.1,400,"bu","14:14:48",3685000
20.9,-0.1,1500,"bu","14:14:44",3684600
20.9,-0.1,1700,"bu","14:14:12",3683100
20.9,-0.1,5000,"bu","14:14:11",3681400
20.9,-0.1,900,"bu","14:14:10",3676400
20.9,-0.1,100,"bu","14:13:42",3675500
20.9,-0.1,15000,"bu","14:13:39",3675400
20.9,-0.1,2000,"bu","14:13:38",3660400
20.9,-0.1,500,"bu","14:13:12",3658400
20.9,-0.1,500,"bu","14:13:08",3657900
20.9,-0.1,1000,"bu","14:13:02",3657400
20.9,-0.1,1000,"bu","14:12:43",3656400
20.9,-0.1,500,"bu","14:12:31",3655400
20.8,-0.2,2000,"sd","14:12:18",3654900
20.9,-0.1,100,"bu","14:12:01",3652900
20.8,-0.2,1000,"sd","14:11:56",3652800
20.8,-0.2,1000,"sd","14:11:53",3651800
20.8,-0.2,500,"sd","14:11:43",3650800
20.8,-0.2,1000,"sd","14:11:14",3650300
20.8,-0.2,1000,"sd","14:10:59",3649300
20.9,-0.1,1000,"bu","14:10:28",3648300
20.9,-0.1,9000,"bu","14:10:17",3647300
20.8,-0.2,400,"sd","14:09:51",3638300
20.8,-0.2,100,"bu","14:09:50",3637900
20.8,-0.2,500,"bu","14:09:47",3637800
20.8,-0.2,2000,"bu","14:09:45",3637300
20.8,-0.2,2000,"bu","14:09:43",3635300
20.8,-0.2,1000,"bu","14:09:41",3633300
20.8,-0.2,300,"bu","14:09:39",3632300
20.8,-0.2,1000,"bu","14:09:38",3632000
20.8,-0.2,3500,"bu","14:09:35",3631000
20.8,-0.2,1000,"bu","14:09:31",3627500
20.8,-0.2,2000,"bu","14:09:26",3626500
20.8,-0.2,1000,"bu","14:09:24",3624500
20.8,-0.2,500,"bu","14:09:23",3623500
20.8,-0.2,1700,"bu","14:09:21",3623000
20.8,-0.2,300,"bu","14:09:19",3621300
20.8,-0.2,400,"bu","14:09:18",3621000
20.8,-0.2,500,"bu","14:09:16",3620600
20.8,-0.2,2000,"bu","14:09:15",3620100
20.8,-0.2,1000,"bu","14:09:14",3618100
20.8,-0.2,2000,"bu","14:09:07",3617100
20.8,-0.2,2200,"bu","14:09:06",3615100
20.8,-0.2,3000,"bu","14:09:04",3612900
20.8,-0.2,2000,"bu","14:08:58",3609900
20.8,-0.2,200,"bu","14:08:55",3607900
20.8,-0.2,5100,"bu","14:08:46",3607700
20.8,-0.2,1000,"bu","14:08:35",3602600
20.7,-0.3,7000,"sd","14:07:56",3601600
20.8,-0.2,2400,"bu","14:07:45",3594600
20.7,-0.3,800,"sd","14:07:30",3592200
20.7,-0.3,100,"sd","14:07:21",3591400
20.8,-0.2,1000,"bu","14:07:15",3591300
20.8,-0.2,200,"bu","14:07:05",3590300
20.8,-0.2,2800,"bu","14:07:02",3590100
20.8,-0.2,2000,"bu","14:06:29",3587300
20.8,-0.2,1000,"bu","14:06:26",3585300
20.8,-0.2,500,"bu","14:06:12",3584300
20.8,-0.2,1000,"bu","14:06:01",3583800
20.8,-0.2,100,"bu","14:05:53",3582800
20.8,-0.2,1000,"bu","14:05:50",3582700
20.8,-0.2,1000,"bu","14:05:43",3581700
20.8,-0.2,600,"sd","14:04:44",3580700
20.8,-0.2,5000,"sd","14:04:43",3580100
20.8,-0.2,400,"sd","14:04:42",3575100
20.8,-0.2,500,"sd","14:04:41",3574700
20.8,-0.2,2000,"sd","14:04:39",3574200
20.8,-0.2,100,"sd","14:04:36",3572200
20.8,-0.2,2000,"sd","14:04:33",3572100
20.8,-0.2,100,"sd","14:04:24",3570100
20.8,-0.2,200,"sd","14:04:17",3570000
20.8,-0.2,200,"sd","14:03:55",3569800
20.8,-0.2,2500,"sd","14:03:47",3569600
20.8,-0.2,1000,"sd","14:03:33",3567100
20.8,-0.2,2500,"sd","14:03:25",3566100
20.8,-0.2,1000,"sd","14:03:22",3563600
20.8,-0.2,6000,"sd","14:03:19",3562600
20.8,-0.2,1000,"sd","14:03:15",3556600
20.8,-0.2,2000,"sd","14:03:14",3555600
20.8,-0.2,3000,"sd","14:03:12",3553600
20.8,-0.2,1000,"sd","14:03:07",3550600
20.8,-0.2,5000,"sd","14:02:53",3549600
20.8,-0.2,300,"sd","14:02:51",3544600
20.8,-0.2,4000,"sd","14:02:49",3544300
20.8,-0.2,5000,"sd","14:02:46",3540300
20.8,-0.2,500,"sd","14:02:43",3535300
20.8,-0.2,7800,"sd","14:02:17",3534800
20.9,-0.1,400,"bu","14:01:58",3527000
20.8,-0.2,10000,"sd","14:01:55",3526600
20.9,-0.1,11000,"bu","14:01:53",3516600
20.9,-0.1,6200,"bu","14:01:23",3505600
20.9,-0.1,500,"bu","14:01:16",3499400
20.9,-0.1,200,"bu","14:01:13",3498900
20.9,-0.1,500,"bu","14:00:59",3498700
20.9,-0.1,100,"bu","14:00:58",3498200
20.9,-0.1,100,"bu","14:00:43",3498100
20.9,-0.1,200,"bu","14:00:38",3498000
20.9,-0.1,100,"bu","14:00:28",3497800
20.9,-0.1,700,"bu","14:00:22",3497700
20.9,-0.1,1000,"bu","14:00:06",3497000
20.9,-0.1,500,"bu","14:00:04",3496000
20.9,-0.1,100,"bu","14:00:01",3495500
20.9,-0.1,1900,"bu","13:59:56",3495400
20.9,-0.1,300,"bu","13:59:34",3493500
20.9,-0.1,200,"bu","13:59:31",3493200
20.9,-0.1,2000,"bu","13:59:15",3493000
20.8,-0.2,500,"sd","13:59:12",3491000
20.8,-0.2,100,"sd","13:58:46",3490500
20.9,-0.1,2000,"bu","13:58:39",3490400
20.8,-0.2,1200,"bu","13:58:31",3488400
20.8,-0.2,4000,"bu","13:58:22",3487200
20.8,-0.2,1000,"bu","13:58:21",3483200
20.8,-0.2,300,"bu","13:58:19",3482200
20.8,-0.2,500,"bu","13:58:17",3481900
20.8,-0.2,3000,"bu","13:58:16",3481400
20.8,-0.2,300,"bu","13:58:03",3478400
20.8,-0.2,3000,"bu","13:58:01",3478100
20.8,-0.2,500,"bu","13:57:59",3475100
20.8,-0.2,1000,"bu","13:57:52",3474600
20.8,-0.2,100,"bu","13:57:50",3473600
20.8,-0.2,3800,"sd","13:57:38",3473500
20.8,-0.2,6000,"sd","13:57:33",3469700
20.8,-0.2,3400,"sd","13:57:31",3463700
20.8,-0.2,1000,"sd","13:57:21",3460300
20.8,-0.2,10000,"sd","13:57:20",3459300
20.8,-0.2,500,"sd","13:57:11",3449300
20.8,-0.2,1000,"sd","13:57:09",3448800
20.8,-0.2,200,"sd","13:57:08",3447800
20.8,-0.2,1000,"sd","13:57:04",3447600
20.8,-0.2,25600,"bu","13:57:03",3446600
20.8,-0.2,800,"bu","13:56:51",3421000
20.8,-0.2,1000,"bu","13:56:43",3420200
20.7,-0.3,200,"sd","13:56:40",3419200
20.8,-0.2,1000,"bu","13:56:35",3419000
20.8,-0.2,300,"bu","13:56:29",3418000
20.7,-0.3,6000,"sd","13:56:25",3417700
20.7,-0.3,200,"sd","13:56:16",3411700
20.7,-0.3,100,"sd","13:56:01",3411500
20.7,-0.3,1000,"sd","13:55:57",3411400
20.7,-0.3,5000,"sd","13:55:56",3410400
20.7,-0.3,600,"sd","13:55:53",3405400
20.7,-0.3,200,"sd","13:55:41",3404800
20.7,-0.3,500,"sd","13:55:39",3404600
20.7,-0.3,45200,"sd","13:55:25",3404100
20.7,-0.3,2000,"bu","13:55:20",3358900
20.7,-0.3,100,"bu","13:55:19",3356900
20.7,-0.3,500,"bu","13:55:14",3356800
20.7,-0.3,1000,"bu","13:55:13",3356300
20.7,-0.3,100,"bu","13:55:07",3355300
20.6,-0.4,600,"sd","13:55:00",3355200
20.7,-0.3,200,"bu","13:54:56",3354600
20.6,-0.4,4000,"sd","13:54:48",3354400
20.6,-0.4,1000,"sd","13:54:46",3350400
20.7,-0.3,100,"bu","13:54:40",3349400
20.7,-0.3,1000,"bu","13:54:27",3349300
20.7,-0.3,1000,"bu","13:54:25",3348300
20.6,-0.4,2000,"sd","13:54:23",3347300
20.7,-0.3,2100,"bu","13:54:20",3345300
20.7,-0.3,1000,"bu","13:54:13",3343200
20.7,-0.3,1000,"bu","13:54:09",3342200
20.6,-0.4,4400,"sd","13:54:06",3341200
20.6,-0.4,10000,"sd","13:54:05",3336800
20.7,-0.3,300,"bu","13:54:02",3326800
20.7,-0.3,100,"bu","13:53:58",3326500
20.7,-0.3,4800,"bu","13:53:56",3326400
20.7,-0.3,500,"sd","13:53:54",3321600
20.7,-0.3,3000,"sd","13:53:52",3321100
20.7,-0.3,6000,"sd","13:53:50",3318100
20.7,-0.3,600,"sd","13:53:42",3312100
20.7,-0.3,200,"sd","13:53:34",3311500
20.7,-0.3,3000,"sd","13:53:30",3311300
20.7,-0.3,5000,"sd","13:53:26",3308300
20.7,-0.3,600,"sd","13:53:25",3303300
20.7,-0.3,500,"sd","13:53:22",3302700
20.7,-0.3,13000,"sd","13:53:20",3302200
20.7,-0.3,2000,"sd","13:53:19",3289200
20.7,-0.3,200,"sd","13:53:17",3287200
20.7,-0.3,7000,"sd","13:53:15",3287000
20.7,-0.3,500,"sd","13:53:12",3280000
20.7,-0.3,3000,"sd","13:53:11",3279500
20.7,-0.3,26000,"sd","13:53:10",3276500
20.7,-0.3,13700,"sd","13:53:09",3250500
20.7,-0.3,100,"sd","13:53:08",3236800
20.7,-0.3,500,"sd","13:53:06",3236700
20.7,-0.3,5000,"sd","13:53:04",3236200
20.7,-0.3,200,"sd","13:52:57",3231200
20.7,-0.3,2000,"sd","13:52:56",3231000
20.8,-0.2,1000,"bu","13:52:53",3229000
20.7,-0.3,100,"sd","13:52:49",3228000
20.7,-0.3,50000,"sd","13:52:47",3227900
20.7,-0.3,500,"sd","13:52:40",3177900
20.7,-0.3,1000,"sd","13:52:34",3177400
20.8,-0.2,5300,"bu","13:51:50",3176400
20.8,-0.2,100,"sd","13:51:32",3171100
20.9,-0.1,5000,"bu","13:51:25",3171000
20.8,-0.2,4000,"bu","13:51:23",3166000
20.8,-0.2,400,"bu","13:51:17",3162000
20.7,-0.3,2000,"sd","13:51:16",3161600
20.8,-0.2,10000,"bu","13:51:13",3159600
20.7,-0.3,6900,"sd","13:51:12",3149600
20.7,-0.3,400,"sd","13:51:10",3142700
20.8,-0.2,2000,"bu","13:51:04",3142300
20.8,-0.2,5000,"bu","13:50:50",3140300
20.8,-0.2,100,"bu","13:50:39",3135300
20.8,-0.2,200,"bu","13:50:15",3135200
20.8,-0.2,1200,"bu","13:50:10",3135000
20.8,-0.2,100,"bu","13:50:01",3133800
20.8,-0.2,500,"bu","13:49:55",3133700
20.8,-0.2,300,"bu","13:49:28",3133200
20.8,-0.2,500,"bu","13:49:12",3132900
20.8,-0.2,5000,"bu","13:49:11",3132400
20.8,-0.2,2000,"bu","13:49:06",3127400
20.8,-0.2,100,"bu","13:49:00",3125400
20.8,-0.2,1000,"bu","13:48:45",3125300
20.8,-0.2,100,"bu","13:48:41",3124300
20.8,-0.2,500,"bu","13:48:31",3124200
20.8,-0.2,2000,"bu","13:48:23",3123700
20.8,-0.2,500,"bu","13:48:14",3121700
20.8,-0.2,1000,"bu","13:47:58",3121200
20.8,-0.2,500,"bu","13:47:46",3120200
20.8,-0.2,500,"bu","13:47:40",3119700
20.8,-0.2,800,"bu","13:47:33",3119200
20.8,-0.2,1000,"bu","13:47:27",3118400
20.8,-0.2,1000,"bu","13:47:23",3117400
20.8,-0.2,300,"bu","13:47:18",3116400
20.8,-0.2,300,"bu","13:46:58",3116100
20.8,-0.2,1000,"bu","13:46:47",3115800
20.8,-0.2,200,"bu","13:46:44",3114800
20.8,-0.2,1000,"bu","13:46:38",3114600
20.8,-0.2,100,"bu","13:46:34",3113600
20.8,-0.2,1000,"bu","13:46:13",3113500
20.8,-0.2,200,"bu","13:46:11",3112500
20.8,-0.2,1200,"sd","13:46:06",3112300
20.8,-0.2,1100,"sd","13:45:58",3111100
20.8,-0.2,1900,"sd","13:45:45",3110000
20.8,-0.2,100,"bu","13:45:44",3108100
20.8,-0.2,10000,"bu","13:45:43",3108000
20.8,-0.2,1000,"","13:45:26",3098000
20.8,-0.2,2900,"sd","13:45:19",3097000
20.8,-0.2,10900,"bu","13:45:18",3094100
20.8,-0.2,5000,"sd","13:45:17",3083200
20.8,-0.2,30000,"sd","13:45:15",3078200
20.8,-0.2,2000,"sd","13:45:13",3048200
20.8,-0.2,200,"sd","13:45:08",3046200
20.8,-0.2,41800,"sd","13:45:07",3046000
20.8,-0.2,2000,"sd","13:44:48",3004200
20.8,-0.2,300,"sd","13:44:47",3002200
20.8,-0.2,2000,"sd","13:44:45",3001900
20.8,-0.2,500,"sd","13:44:34",2999900
20.8,-0.2,1000,"sd","13:44:21",2999400
20.8,-0.2,5000,"sd","13:44:16",2998400
20.8,-0.2,500,"sd","13:44:11",2993400
20.8,-0.2,10000,"sd","13:43:51",2992900
20.9,-0.1,1000,"bu","13:43:38",2982900
20.9,-0.1,500,"bu","13:43:21",2981900
20.9,-0.1,3000,"bu","13:42:45",2981400
20.9,-0.1,500,"bu","13:41:39",2978400
20.9,-0.1,500,"bu","13:41:33",2977900
20.9,-0.1,300,"bu","13:41:26",2977400
20.9,-0.1,500,"bu","13:41:25",2977100
20.9,-0.1,200,"bu","13:41:06",2976600
20.9,-0.1,1000,"bu","13:40:56",2976400
20.9,-0.1,1000,"bu","13:39:45",2975400
20.9,-0.1,200,"bu","13:39:39",2974400
20.9,-0.1,1000,"bu","13:39:30",2974200
20.9,-0.1,700,"bu","13:39:21",2973200
20.9,-0.1,9300,"sd","13:39:19",2972500
20.9,-0.1,3000,"bu","13:39:00",2963200
20.9,-0.1,500,"bu","13:38:55",2960200
20.9,-0.1,500,"bu","13:38:50",2959700
20.9,-0.1,100,"bu","13:38:47",2959200
20.9,-0.1,100,"bu","13:38:42",2959100
20.9,-0.1,10000,"bu","13:38:30",2959000
20.9,-0.1,20000,"bu","13:38:22",2949000
20.9,-0.1,2800,"bu","13:37:15",2929000
20.9,-0.1,1000,"bu","13:37:05",2926200
20.9,-0.1,2000,"bu","13:37:04",2925200
20.9,-0.1,400,"bu","13:36:52",2923200
20.9,-0.1,1000,"bu","13:36:40",2922800
20.9,-0.1,1300,"bu","13:36:34",2921800
20.8,-0.2,7800,"sd","13:36:31",2920500
20.9,-0.1,20000,"bu","13:36:24",2912700
20.9,-0.1,100,"bu","13:36:18",2892700
20.9,-0.1,300,"bu","13:36:10",2892600
20.9,-0.1,2000,"bu","13:35:50",2892300
20.9,-0.1,10500,"bu","13:35:43",2890300
20.9,-0.1,5000,"sd","13:35:36",2879800
20.9,-0.1,3000,"sd","13:35:03",2874800
20.9,-0.1,1700,"sd","13:34:30",2871800
20.9,-0.1,600,"sd","13:34:28",2870100
20.9,-0.1,10000,"sd","13:34:23",2869500
20.9,-0.1,8000,"sd","13:34:13",2859500
20.9,-0.1,1000,"sd","13:33:58",2851500
20.9,-0.1,100,"sd","13:33:53",2850500
21,0,1100,"bu","13:33:45",2850400
20.9,-0.1,50000,"sd","13:33:42",2849300
20.9,-0.1,500,"sd","13:33:41",2799300
20.9,-0.1,9000,"sd","13:33:29",2798800
20.9,-0.1,200,"sd","13:33:01",2789800
20.9,-0.1,300,"sd","13:32:54",2789600
20.9,-0.1,100,"sd","13:32:40",2789300
20.9,-0.1,3000,"sd","13:32:39",2789200
20.9,-0.1,500,"sd","13:32:29",2786200
20.9,-0.1,500,"sd","13:32:19",2785700
20.9,-0.1,600,"sd","13:31:57",2785200
20.9,-0.1,10000,"sd","13:31:56",2784600
20.9,-0.1,200,"sd","13:31:43",2774600
20.9,-0.1,2000,"sd","13:31:41",2774400
20.9,-0.1,5000,"sd","13:31:39",2772400
20.9,-0.1,1000,"sd","13:31:32",2767400
20.9,-0.1,1000,"sd","13:31:25",2766400
20.9,-0.1,1000,"sd","13:31:06",2765400
20.9,-0.1,2000,"sd","13:30:54",2764400
20.9,-0.1,500,"sd","13:29:58",2762400
20.9,-0.1,1400,"sd","13:29:44",2761900
20.9,-0.1,2000,"bu","13:29:41",2760500
20.9,-0.1,80000,"bu","13:29:40",2758500
20.9,-0.1,500,"bu","13:29:31",2678500
20.9,-0.1,1200,"bu","13:29:00",2678000
20.9,-0.1,20000,"bu","13:28:49",2676800
20.8,-0.2,1000,"sd","13:27:42",2656800
20.8,-0.2,500,"sd","13:27:33",2655800
20.8,-0.2,100,"sd","13:27:23",2655300
20.8,-0.2,1500,"sd","13:27:22",2655200
20.8,-0.2,500,"sd","13:27:21",2653700
20.8,-0.2,100,"sd","13:27:19",2653200
20.8,-0.2,4000,"sd","13:27:14",2653100
20.8,-0.2,12000,"sd","13:27:06",2649100
20.8,-0.2,100,"sd","13:26:56",2637100
20.8,-0.2,1000,"sd","13:26:06",2637000
20.8,-0.2,100,"sd","13:25:59",2636000
20.8,-0.2,2500,"sd","13:25:43",2635900
20.8,-0.2,5000,"sd","13:25:33",2633400
20.8,-0.2,100,"sd","13:25:24",2628400
20.8,-0.2,2500,"sd","13:25:13",2628300
20.8,-0.2,1000,"sd","13:25:03",2625800
20.8,-0.2,300,"sd","13:24:30",2624800
20.8,-0.2,10300,"sd","13:23:51",2624500
20.8,-0.2,6000,"bu","13:23:49",2614200
20.8,-0.2,100,"bu","13:23:37",2608200
20.8,-0.2,5000,"bu","13:23:26",2608100
20.8,-0.2,200,"bu","13:23:08",2603100
20.8,-0.2,2000,"bu","13:22:57",2602900
20.8,-0.2,800,"bu","13:22:53",2600900
20.8,-0.2,300,"bu","13:22:52",2600100
20.8,-0.2,100,"bu","13:22:48",2599800
20.8,-0.2,100,"bu","13:22:45",2599700
20.8,-0.2,1000,"bu","13:22:25",2599600
20.8,-0.2,18700,"sd","13:22:21",2598600
20.8,-0.2,2600,"sd","13:22:15",2579900
20.8,-0.2,1000,"sd","13:22:03",2577300
20.8,-0.2,5300,"bu","13:21:57",2576300
20.8,-0.2,500,"bu","13:21:53",2571000
20.8,-0.2,8000,"bu","13:21:50",2570500
20.8,-0.2,3900,"bu","13:21:49",2562500
20.8,-0.2,700,"bu","13:21:45",2558600
20.8,-0.2,1000,"bu","13:21:24",2557900
20.8,-0.2,200,"bu","13:21:18",2556900
20.8,-0.2,100,"bu","13:21:04",2556700
20.8,-0.2,1000,"bu","13:21:02",2556600
20.8,-0.2,10000,"bu","13:20:37",2555600
20.8,-0.2,200,"bu","13:20:35",2545600
20.8,-0.2,1000,"bu","13:20:11",2545400
20.8,-0.2,3000,"bu","13:19:41",2544400
20.8,-0.2,300,"bu","13:19:29",2541400
20.8,-0.2,200,"bu","13:19:23",2541100
20.8,-0.2,100,"bu","13:19:17",2540900
20.8,-0.2,2000,"bu","13:19:12",2540800
20.8,-0.2,500,"bu","13:18:59",2538800
20.7,-0.3,500,"sd","13:18:58",2538300
20.8,-0.2,1000,"bu","13:18:50",2537800
20.8,-0.2,1000,"bu","13:18:21",2536800
20.8,-0.2,200,"bu","13:18:12",2535800
20.8,-0.2,3000,"bu","13:17:46",2535600
20.8,-0.2,20900,"sd","13:17:37",2532600
20.8,-0.2,3000,"sd","13:17:32",2511700
20.8,-0.2,4300,"sd","13:17:31",2508700
20.8,-0.2,30000,"sd","13:17:29",2504400
20.8,-0.2,1000,"sd","13:17:28",2474400
20.8,-0.2,1300,"sd","13:17:23",2473400
20.8,-0.2,3000,"sd","13:17:19",2472100
20.8,-0.2,2000,"sd","13:17:11",2469100
20.8,-0.2,1000,"sd","13:17:10",2467100
20.8,-0.2,8100,"sd","13:16:55",2466100
20.9,-0.1,5000,"bu","13:15:11",2458000
20.8,-0.2,1000,"sd","13:14:48",2453000
20.8,-0.2,5100,"sd","13:14:40",2452000
20.8,-0.2,2000,"sd","13:14:33",2446900
20.8,-0.2,2000,"sd","13:14:24",2444900
20.8,-0.2,5000,"sd","13:14:19",2442900
20.8,-0.2,2000,"sd","13:14:18",2437900
20.8,-0.2,17000,"sd","13:14:16",2435900
20.8,-0.2,10000,"sd","13:14:01",2418900
20.8,-0.2,100,"sd","13:13:44",2408900
20.8,-0.2,100,"sd","13:13:39",2408800
20.8,-0.2,500,"sd","13:13:35",2408700
20.8,-0.2,100,"sd","13:12:56",2408200
20.8,-0.2,10000,"sd","13:12:55",2408100
20.8,-0.2,1500,"sd","13:12:03",2398100
20.9,-0.1,200,"bu","13:12:01",2396600
20.8,-0.2,5000,"sd","13:11:56",2396400
20.9,-0.1,1100,"bu","13:11:30",2391400
20.9,-0.1,100,"bu","13:10:43",2390300
20.9,-0.1,5000,"bu","13:10:41",2390200
20.9,-0.1,2000,"bu","13:10:16",2385200
20.8,-0.2,1000,"sd","13:10:15",2383200
20.9,-0.1,1000,"bu","13:10:08",2382200
20.8,-0.2,200,"sd","13:09:42",2381200
20.9,-0.1,2000,"bu","13:08:38",2381000
20.9,-0.1,4000,"bu","13:08:32",2379000
20.9,-0.1,400,"bu","13:08:28",2375000
20.9,-0.1,500,"bu","13:08:27",2374600
20.9,-0.1,10400,"bu","13:08:03",2374100
20.9,-0.1,2000,"bu","13:07:26",2363700
20.8,-0.2,500,"sd","13:07:21",2361700
20.8,-0.2,2000,"sd","13:07:19",2361200
20.8,-0.2,300,"sd","13:07:11",2359200
20.8,-0.2,500,"sd","13:06:41",2358900
20.8,-0.2,1000,"sd","13:06:29",2358400
20.8,-0.2,400,"sd","13:06:27",2357400
20.8,-0.2,500,"sd","13:06:19",2357000
20.8,-0.2,1500,"sd","13:06:11",2356500
20.8,-0.2,41000,"sd","13:06:05",2355000
20.8,-0.2,3000,"sd","13:06:01",2314000
20.8,-0.2,5300,"sd","13:05:51",2311000
20.8,-0.2,100,"sd","13:05:22",2305700
20.8,-0.2,1500,"sd","13:05:20",2305600
20.8,-0.2,5000,"bu","13:05:18",2304100
20.8,-0.2,500,"bu","13:05:16",2299100
20.8,-0.2,100,"bu","13:05:15",2298600
20.8,-0.2,5000,"bu","13:05:11",2298500
20.8,-0.2,600,"bu","13:05:04",2293500
20.8,-0.2,10000,"bu","13:04:56",2292900
20.8,-0.2,2600,"bu","13:04:55",2282900
20.8,-0.2,1000,"bu","13:04:48",2280300
20.8,-0.2,10000,"bu","13:04:47",2279300
20.8,-0.2,5000,"bu","13:04:42",2269300
20.8,-0.2,2000,"bu","13:04:33",2264300
20.8,-0.2,100,"bu","13:04:32",2262300
20.8,-0.2,2000,"bu","13:04:28",2262200
20.8,-0.2,200,"bu","13:04:13",2260200
20.8,-0.2,1000,"bu","13:03:58",2260000
20.8,-0.2,500,"bu","13:03:53",2259000
20.8,-0.2,500,"bu","13:03:48",2258500
20.8,-0.2,2000,"bu","13:03:45",2258000
20.8,-0.2,1000,"bu","13:03:38",2256000
20.8,-0.2,300,"bu","13:03:35",2255000
20.8,-0.2,1000,"bu","13:03:31",2254700
20.7,-0.3,1000,"sd","13:03:27",2253700
20.8,-0.2,5000,"bu","13:03:25",2252700
20.8,-0.2,100,"bu","13:03:02",2247700
20.8,-0.2,10000,"bu","13:03:01",2247600
20.8,-0.2,500,"bu","13:02:58",2237600
20.8,-0.2,1000,"bu","13:02:45",2237100
20.8,-0.2,5000,"bu","13:02:44",2236100
20.8,-0.2,1000,"bu","13:02:16",2231100
20.7,-0.3,1000,"sd","13:02:15",2230100
20.8,-0.2,1000,"bu","13:02:13",2229100
20.7,-0.3,600,"sd","13:01:44",2228100
20.7,-0.3,800,"sd","13:01:36",2227500
20.7,-0.3,500,"sd","13:01:31",2226700
20.7,-0.3,500,"sd","13:01:23",2226200
20.7,-0.3,1000,"sd","13:00:34",2225700
20.7,-0.3,100,"sd","13:00:24",2224700
20.8,-0.2,1000,"bu","13:00:22",2224600
20.7,-0.3,100,"sd","13:00:18",2223600
20.8,-0.2,3900,"bu","13:00:07",2223500
20.7,-0.3,4000,"sd","13:00:06",2219600
20.8,-0.2,52600,"sd","13:00:05",2215600
20.8,-0.2,1700,"sd","13:00:04",2163000
20.8,-0.2,8000,"sd","13:00:03",2161300
20.8,-0.2,200,"sd","13:00:02",2153300
20.8,-0.2,2500,"sd","11:29:58",2153100
20.8,-0.2,5000,"sd","11:29:54",2150600
20.8,-0.2,20000,"sd","11:29:47",2145600
20.8,-0.2,1200,"sd","11:29:25",2125600
20.8,-0.2,2000,"sd","11:29:18",2124400
20.8,-0.2,10000,"sd","11:29:10",2122400
20.8,-0.2,3000,"sd","11:28:07",2112400
20.8,-0.2,1000,"sd","11:27:51",2109400
20.8,-0.2,3000,"sd","11:27:42",2108400
20.8,-0.2,2000,"sd","11:26:08",2105400
20.8,-0.2,1000,"sd","11:26:01",2103400
20.8,-0.2,500,"sd","11:24:50",2102400
20.9,-0.1,1000,"bu","11:24:48",2101900
20.9,-0.1,2300,"bu","11:23:51",2100900
20.9,-0.1,300,"sd","11:23:41",2098600
20.9,-0.1,4400,"sd","11:23:33",2098300
20.8,-0.2,400,"sd","11:23:24",2093900
20.9,-0.1,300,"bu","11:23:19",2093500
20.9,-0.1,800,"bu","11:23:06",2093200
20.9,-0.1,5000,"bu","11:22:21",2092400
20.8,-0.2,500,"sd","11:22:20",2087400
20.8,-0.2,1000,"sd","11:21:33",2086900
20.9,-0.1,1100,"bu","11:21:19",2085900
20.9,-0.1,100,"bu","11:21:08",2084800
20.9,-0.1,3000,"bu","11:20:53",2084700
20.9,-0.1,600,"bu","11:19:31",2081700
20.9,-0.1,1400,"sd","11:19:11",2081100
20.8,-0.2,20000,"sd","11:19:03",2079700
20.9,-0.1,100,"bu","11:18:54",2059700
20.9,-0.1,1500,"bu","11:18:41",2059600
20.9,-0.1,900,"sd","11:18:28",2058100
20.9,-0.1,1000,"bu","11:17:57",2057200
20.9,-0.1,1000,"bu","11:17:44",2056200
20.9,-0.1,2000,"bu","11:17:39",2055200
20.8,-0.2,600,"sd","11:16:58",2053200
20.8,-0.2,5000,"sd","11:16:57",2052600
20.9,-0.1,2000,"","11:16:14",2047600
20.9,-0.1,500,"bu","11:15:57",2045600
20.9,-0.1,1900,"bu","11:15:56",2045100
20.9,-0.1,700,"bu","11:15:14",2043200
20.9,-0.1,2200,"bu","11:15:10",2042500
20.9,-0.1,900,"sd","11:14:15",2040300
20.9,-0.1,400,"sd","11:14:09",2039400
20.9,-0.1,200,"bu","11:14:00",2039000
20.9,-0.1,2000,"bu","11:13:33",2038800
20.9,-0.1,100,"bu","11:13:30",2036800
20.9,-0.1,100,"bu","11:13:22",2036700
20.9,-0.1,24100,"bu","11:12:30",2036600
20.9,-0.1,1000,"sd","11:11:58",2012500
20.9,-0.1,2000,"sd","11:11:47",2011500
20.9,-0.1,2500,"sd","11:11:32",2009500
20.9,-0.1,19400,"sd","11:11:26",2007000
20.9,-0.1,3000,"sd","11:11:10",1987600
21,0,500,"bu","11:10:54",1984600
20.9,-0.1,500,"sd","11:10:35",1984100
20.9,-0.1,2000,"sd","11:10:18",1983600
20.9,-0.1,4000,"sd","11:10:01",1981600
20.9,-0.1,100,"sd","11:09:34",1977600
20.9,-0.1,1000,"sd","11:09:19",1977500
21,0,5000,"bu","11:09:11",1976500
20.9,-0.1,5000,"sd","11:09:03",1971500
20.9,-0.1,1000,"sd","11:08:40",1966500
20.9,-0.1,12600,"sd","11:08:32",1965500
20.9,-0.1,1000,"sd","11:08:12",1952900
20.9,-0.1,1100,"sd","11:07:56",1951900
20.9,-0.1,50000,"sd","11:07:44",1950800
20.9,-0.1,3000,"sd","11:07:06",1900800
20.9,-0.1,1000,"sd","11:06:44",1897800
20.9,-0.1,10000,"sd","11:06:12",1896800
20.9,-0.1,2000,"sd","11:05:20",1886800
20.9,-0.1,6000,"sd","11:05:10",1884800
20.9,-0.1,500,"sd","11:05:08",1878800
20.9,-0.1,30000,"sd","11:04:10",1878300
20.9,-0.1,1000,"sd","11:01:33",1848300
20.9,-0.1,1000,"sd","11:01:30",1847300
20.9,-0.1,3000,"sd","11:00:55",1846300
20.9,-0.1,300,"sd","11:00:48",1843300
20.9,-0.1,100,"sd","10:59:53",1843000
20.9,-0.1,3000,"sd","10:59:17",1842900
21,0,1000,"bu","10:59:06",1839900
21,0,34900,"bu","10:58:07",1838900
21,0,200,"bu","10:57:32",1804000
21,0,5000,"bu","10:57:26",1803800
20.9,-0.1,5000,"sd","10:57:20",1798800
20.9,-0.1,600,"sd","10:56:49",1793800
20.9,-0.1,500,"sd","10:56:26",1793200
21,0,200,"bu","10:56:14",1792700
20.9,-0.1,500,"sd","10:55:33",1792500
20.9,-0.1,6700,"sd","10:55:26",1792000
20.9,-0.1,200,"sd","10:55:23",1785300
20.9,-0.1,4200,"sd","10:55:02",1785100
20.9,-0.1,500,"sd","10:54:33",1780900
20.9,-0.1,1100,"sd","10:53:35",1780400
21,0,300,"bu","10:53:20",1779300
21,0,5000,"bu","10:53:07",1779000
20.9,-0.1,5000,"sd","10:52:51",1774000
20.9,-0.1,5000,"sd","10:52:48",1769000
20.9,-0.1,200,"sd","10:52:32",1764000
20.9,-0.1,200,"sd","10:51:55",1763800
21,0,100,"bu","10:51:31",1763600
20.9,-0.1,1000,"sd","10:51:23",1763500
21,0,400,"bu","10:51:01",1762500
21,0,100,"bu","10:50:49",1762100
21,0,200,"bu","10:50:39",1762000
21,0,200,"bu","10:50:32",1761800
21,0,200,"bu","10:50:30",1761600
20.9,-0.1,100,"sd","10:50:16",1761400
20.9,-0.1,100,"sd","10:49:40",1761300
20.9,-0.1,1000,"sd","10:48:28",1761200
20.9,-0.1,1000,"sd","10:48:23",1760200
20.9,-0.1,100,"sd","10:48:00",1759200
20.9,-0.1,1000,"sd","10:47:00",1759100
20.9,-0.1,4000,"sd","10:45:46",1758100
20.9,-0.1,5000,"sd","10:44:25",1754100
21,0,100,"bu","10:44:03",1749100
21,0,2000,"bu","10:43:49",1749000
21,0,100,"bu","10:43:20",1747000
21,0,100,"bu","10:42:37",1746900
21,0,200,"bu","10:42:25",1746800
21,0,100,"bu","10:42:16",1746600
21,0,100,"bu","10:41:55",1746500
21,0,100,"bu","10:41:37",1746400
21,0,1900,"bu","10:41:35",1746300
21,0,3000,"bu","10:41:12",1744400
21,0,400,"bu","10:41:06",1741400
21,0,1800,"sd","10:40:51",1741000
21,0,1200,"bu","10:40:46",1739200
21,0,4700,"sd","10:40:40",1738000
21,0,21000,"sd","10:40:39",1733300
21,0,9000,"sd","10:40:38",1712300
21,0,2000,"sd","10:40:11",1703300
21,0,1000,"sd","10:39:57",1701300
21,0,500,"sd","10:39:54",1700300
21,0,21100,"sd","10:39:46",1699800
21,0,100,"sd","10:38:38",1678700
21,0,2000,"sd","10:38:26",1678600
21,0,10000,"sd","10:38:03",1676600
21,0,10000,"sd","10:37:43",1666600
21,0,100,"sd","10:37:29",1656600
21.1,0.1,1000,"bu","10:35:53",1656500
21.1,0.1,5000,"bu","10:35:52",1655500
21.1,0.1,100,"bu","10:35:05",1650500
21.1,0.1,200,"bu","10:34:45",1650400
21.1,0.1,1500,"bu","10:34:40",1650200
21.1,0.1,500,"bu","10:34:18",1648700
21,0,50000,"sd","10:33:15",1648200
21.1,0.1,1000,"bu","10:33:09",1598200
21,0,500,"sd","10:32:43",1597200
21,0,50000,"sd","10:32:07",1596700
21.1,0.1,5000,"bu","10:31:49",1546700
21,0,100,"sd","10:31:45",1541700
21,0,200,"sd","10:31:30",1541600
21.1,0.1,52900,"bu","10:31:12",1541400
21.1,0.1,20100,"sd","10:31:09",1488500
21.1,0.1,200,"sd","10:30:59",1468400
21.1,0.1,3000,"sd","10:30:57",1468200
21.1,0.1,41000,"sd","10:30:52",1465200
21.1,0.1,10000,"sd","10:30:45",1424200
21.1,0.1,3000,"sd","10:30:28",1414200
21.1,0.1,100,"sd","10:30:22",1411200
21.1,0.1,5000,"sd","10:29:54",1411100
21.1,0.1,5000,"sd","10:29:36",1406100
21.1,0.1,5000,"sd","10:29:10",1401100
21.1,0.1,5000,"sd","10:28:57",1396100
21.1,0.1,300,"sd","10:28:46",1391100
21.1,0.1,100,"sd","10:28:43",1390800
21.1,0.1,500,"sd","10:28:38",1390700
21.1,0.1,3000,"sd","10:28:29",1390200
21.2,0.2,1000,"bu","10:28:22",1387200
21.2,0.2,100,"bu","10:28:10",1386200
21.2,0.2,500,"bu","10:27:42",1386100
21.1,0.1,2000,"sd","10:27:21",1385600
21.2,0.2,300,"bu","10:27:15",1383600
21.1,0.1,3000,"sd","10:27:10",1383300
21.2,0.2,2000,"bu","10:27:09",1380300
21.2,0.2,1900,"bu","10:27:02",1378300
21.1,0.1,100,"sd","10:27:01",1376400
21.2,0.2,10000,"bu","10:26:59",1376300
21.2,0.2,300,"bu","10:26:28",1366300
21.2,0.2,500,"bu","10:26:26",1366000
21.2,0.2,500,"bu","10:26:21",1365500
21.2,0.2,200,"bu","10:26:09",1365000
21.2,0.2,2000,"bu","10:25:56",1364800
21.1,0.1,4000,"sd","10:25:47",1362800
21.2,0.2,1000,"bu","10:25:40",1358800
21.1,0.1,700,"sd","10:25:30",1357800
21.1,0.1,8000,"sd","10:25:29",1357100
21.1,0.1,500,"sd","10:25:00",1349100
21.1,0.1,500,"sd","10:24:26",1348600
21.1,0.1,200,"sd","10:24:12",1348100
21.1,0.1,800,"sd","10:24:06",1347900
21.1,0.1,500,"sd","10:23:57",1347100
21.1,0.1,1000,"sd","10:23:44",1346600
21.1,0.1,2000,"sd","10:23:38",1345600
21.1,0.1,1400,"sd","10:23:33",1343600
21.1,0.1,2000,"bu","10:23:31",1342200
21.1,0.1,10000,"bu","10:23:27",1340200
21.1,0.1,200,"bu","10:23:25",1330200
21.1,0.1,10700,"bu","10:23:18",1330000
21.1,0.1,10000,"bu","10:23:14",1319300
21.1,0.1,5000,"bu","10:23:10",1309300
21.1,0.1,2000,"bu","10:23:08",1304300
21.1,0.1,5000,"bu","10:22:56",1302300
21.1,0.1,300,"bu","10:22:48",1297300
21.1,0.1,2000,"bu","10:22:44",1297000
21.1,0.1,500,"bu","10:22:42",1295000
21.1,0.1,1000,"bu","10:22:18",1294500
21.1,0.1,1000,"bu","10:22:14",1293500
21.1,0.1,100,"bu","10:22:09",1292500
21.1,0.1,13600,"bu","10:21:40",1292400
21.1,0.1,100,"bu","10:21:18",1278800
21.1,0.1,400,"bu","10:21:13",1278700
21.1,0.1,200,"bu","10:21:12",1278300
21.1,0.1,400,"bu","10:21:11",1278100
21.1,0.1,200,"bu","10:21:10",1277700
21.1,0.1,200,"bu","10:21:09",1277500
21.1,0.1,200,"bu","10:21:08",1277300
21,0,49000,"bu","10:21:06",1277100
21,0,1000,"bu","10:21:04",1228100
21,0,400,"bu","10:20:57",1227100
21,0,10000,"bu","10:20:50",1226700
21,0,5000,"bu","10:20:23",1216700
20.9,-0.1,5000,"sd","10:20:11",1211700
21,0,9000,"bu","10:20:10",1206700
21,0,4000,"bu","10:20:03",1197700
20.9,-0.1,2000,"sd","10:19:37",1193700
21,0,1000,"bu","10:19:30",1191700
21,0,5000,"bu","10:19:27",1190700
21,0,300,"bu","10:19:22",1185700
21,0,100,"bu","10:19:20",1185400
21,0,7000,"bu","10:19:00",1185300
21,0,3000,"bu","10:18:55",1178300
21,0,300,"bu","10:18:43",1175300
21,0,200,"bu","10:18:37",1175000
21,0,300,"bu","10:18:27",1174800
21,0,1000,"bu","10:18:20",1174500
21,0,400,"bu","10:18:17",1173500
21,0,200,"bu","10:18:13",1173100
20.9,-0.1,2000,"sd","10:18:11",1172900
20.9,-0.1,5000,"sd","10:18:06",1170900
21,0,30000,"bu","10:18:03",1165900
21,0,1000,"bu","10:17:42",1135900
21,0,1000,"bu","10:17:40",1134900
21,0,3000,"bu","10:17:26",1133900
21,0,1000,"bu","10:17:10",1130900
21,0,5000,"bu","10:17:06",1129900
21,0,500,"bu","10:17:02",1124900
21,0,2000,"bu","10:17:01",1124400
21,0,500,"bu","10:16:49",1122400
21,0,200,"bu","10:16:40",1121900
21,0,3100,"bu","10:15:52",1121700
21,0,4200,"bu","10:15:37",1118600
21,0,300,"bu","10:15:27",1114400
21,0,1000,"bu","10:15:24",1114100
21,0,1000,"bu","10:14:48",1113100
20.9,-0.1,17600,"sd","10:14:44",1112100
21,0,2000,"bu","10:14:42",1094500
21,0,2000,"bu","10:14:18",1092500
21,0,100,"bu","10:13:48",1090500
21,0,100,"bu","10:13:47",1090400
21,0,100,"bu","10:13:45",1090300
21,0,100,"bu","10:13:44",1090200
21,0,100,"bu","10:13:43",1090100
21,0,100,"bu","10:13:42",1090000
21,0,100,"bu","10:13:41",1089900
21,0,100,"bu","10:13:38",1089800
20.9,-0.1,100,"sd","10:13:37",1089700
21,0,100,"bu","10:13:24",1089600
21,0,100,"bu","10:13:01",1089500
20.9,-0.1,100,"sd","10:12:48",1089400
21,0,100,"bu","10:11:55",1089300
21,0,100,"bu","10:11:53",1089200
21,0,100,"bu","10:11:51",1089100
21,0,100,"bu","10:11:48",1089000
21,0,100,"bu","10:11:33",1088900
21,0,100,"bu","10:11:30",1088800
21,0,5100,"bu","10:11:27",1088700
21,0,100,"bu","10:11:25",1083600
21,0,100,"bu","10:11:22",1083500
21,0,100,"bu","10:11:20",1083400
21,0,100,"bu","10:11:18",1083300
21,0,15000,"bu","10:10:54",1083200
21,0,1000,"bu","10:10:00",1068200
21,0,500,"bu","10:08:40",1067200
21,0,100,"bu","10:08:09",1066700
21,0,2000,"bu","10:07:54",1066600
21,0,100,"bu","10:07:51",1064600
21,0,200,"bu","10:07:32",1064500
21,0,2000,"bu","10:07:21",1064300
21,0,100,"bu","10:06:30",1062300
21,0,100,"bu","10:06:24",1062200
21,0,300,"bu","10:06:06",1062100
21,0,200,"sd","10:06:05",1061800
21,0,300,"sd","10:05:56",1061600
21,0,900,"sd","10:05:54",1061300
21,0,5000,"sd","10:05:40",1060400
21,0,2000,"sd","10:05:38",1055400
21,0,2700,"sd","10:05:33",1053400
21,0,2000,"sd","10:05:22",1050700
21,0,300,"sd","10:05:20",1048700
21,0,1000,"sd","10:05:14",1048400
21,0,3800,"sd","10:05:11",1047400
21,0,1000,"sd","10:05:05",1043600
21,0,43200,"sd","10:05:03",1042600
21,0,12800,"sd","10:05:02",999400
21,0,5000,"sd","10:04:59",986600
21,0,4000,"sd","10:04:07",981600
21.1,0.1,32100,"bu","10:03:44",977600
21.1,0.1,3000,"bu","10:02:57",945500
21.1,0.1,1000,"bu","10:02:29",942500
21.1,0.1,5000,"bu","10:02:03",941500
21,0,1000,"sd","10:01:57",936500
21,0,3000,"sd","10:01:08",935500
21.1,0.1,5000,"bu","10:00:49",932500
21,0,500,"sd","09:59:25",927500
21,0,100,"bu","09:59:24",927000
21,0,2000,"bu","09:59:11",926900
21,0,7500,"bu","09:59:04",924900
21,0,2000,"sd","09:59:01",917400
21,0,1400,"bu","09:57:52",915400
21,0,7800,"bu","09:57:49",914000
21,0,500,"bu","09:57:48",906200
21,0,3000,"bu","09:57:42",905700
21,0,100,"bu","09:57:41",902700
21,0,1000,"bu","09:57:38",902600
21,0,3800,"bu","09:57:37",901600
21,0,1000,"bu","09:57:35",897800
21,0,900,"bu","09:57:31",896800
21,0,5200,"bu","09:57:30",895900
21,0,1400,"bu","09:57:28",890700
21,0,1000,"bu","09:57:25",889300
21,0,1000,"bu","09:57:24",888300
21,0,6800,"bu","09:57:19",887300
21,0,1000,"bu","09:57:14",880500
21,0,3000,"bu","09:56:57",879500
21,0,5100,"bu","09:56:48",876500
21,0,300,"bu","09:56:22",871400
21,0,1200,"bu","09:56:16",871100
21,0,1000,"bu","09:56:04",869900
21,0,4000,"bu","09:56:03",868900
21,0,5700,"bu","09:56:02",864900
21,0,2400,"bu","09:55:59",859200
21,0,100,"bu","09:55:56",856800
21,0,100,"bu","09:55:52",856700
21,0,500,"bu","09:55:49",856600
21,0,10000,"bu","09:55:05",856100
20.9,-0.1,5000,"sd","09:54:24",846100
20.9,-0.1,200,"sd","09:54:08",841100
20.9,-0.1,400,"sd","09:53:36",840900
20.9,-0.1,100,"sd","09:53:31",840500
20.9,-0.1,2300,"sd","09:53:18",840400
20.9,-0.1,700,"sd","09:53:04",838100
20.9,-0.1,3000,"sd","09:52:43",837400
20.9,-0.1,3000,"sd","09:52:34",834400
20.9,-0.1,2000,"sd","09:51:55",831400
21,0,1000,"bu","09:50:17",829400
20.9,-0.1,500,"sd","09:50:11",828400
21,0,100,"bu","09:50:07",827900
20.9,-0.1,1000,"sd","09:49:34",827800
20.9,-0.1,1000,"sd","09:49:30",826800
20.9,-0.1,300,"sd","09:49:16",825800
20.9,-0.1,5000,"sd","09:49:11",825500
20.9,-0.1,4700,"sd","09:48:42",820500
20.9,-0.1,1200,"sd","09:48:21",815800
20.9,-0.1,100,"sd","09:48:05",814600
20.9,-0.1,2000,"sd","09:47:40",814500
20.9,-0.1,3000,"sd","09:47:39",812500
20.9,-0.1,10000,"sd","09:47:33",809500
20.9,-0.1,3000,"sd","09:47:13",799500
20.9,-0.1,5000,"sd","09:46:48",796500
20.9,-0.1,3200,"bu","09:46:30",791500
20.9,-0.1,500,"bu","09:46:23",788300
20.9,-0.1,300,"bu","09:45:53",787800
20.9,-0.1,200,"bu","09:45:20",787500
20.9,-0.1,300,"bu","09:45:12",787300
20.9,-0.1,1000,"sd","09:45:07",787000
20.9,-0.1,500,"sd","09:45:02",786000
20.9,-0.1,4000,"sd","09:44:52",785500
20.9,-0.1,500,"sd","09:44:48",781500
20.9,-0.1,2000,"sd","09:44:40",781000
20.9,-0.1,5000,"sd","09:44:33",779000
20.9,-0.1,2000,"sd","09:44:31",774000
20.9,-0.1,10000,"sd","09:44:28",772000
20.9,-0.1,5000,"sd","09:44:22",762000
20.9,-0.1,2000,"sd","09:44:19",757000
20.9,-0.1,2000,"sd","09:44:09",755000
20.9,-0.1,1000,"sd","09:43:44",753000
20.9,-0.1,2000,"sd","09:43:36",752000
21,0,31600,"bu","09:43:12",750000
21,0,200,"sd","09:43:10",718400
21,0,50000,"sd","09:43:08",718200
21,0,3000,"sd","09:43:01",668200
21,0,1000,"sd","09:42:59",665200
21,0,1000,"sd","09:42:48",664200
21,0,400,"sd","09:42:44",663200
21,0,19000,"sd","09:42:40",662800
21,0,1900,"sd","09:42:30",643800
21,0,5000,"sd","09:42:26",641900
21,0,4200,"sd","09:42:09",636900
21,0,1000,"sd","09:42:06",632700
21,0,5000,"sd","09:42:00",631700
21,0,500,"sd","09:41:51",626700
21,0,1000,"sd","09:41:48",626200
21,0,100,"sd","09:41:38",625200
21,0,1000,"sd","09:41:35",625100
21,0,500,"sd","09:41:25",624100
21,0,2000,"sd","09:41:22",623600
21,0,1000,"sd","09:41:19",621600
21,0,100,"sd","09:41:14",620600
21,0,5000,"sd","09:40:56",620500
21.1,0.1,10000,"bu","09:40:37",615500
21.1,0.1,5000,"bu","09:40:34",605500
21.1,0.1,3000,"bu","09:39:25",600500
21.1,0.1,1200,"bu","09:38:53",597500
21.1,0.1,4600,"sd","09:38:24",596300
21.1,0.1,9700,"sd","09:38:21",591700
21.1,0.1,1000,"sd","09:38:20",582000
21.1,0.1,5000,"sd","09:38:18",581000
21.1,0.1,100,"sd","09:38:17",576000
21.1,0.1,500,"sd","09:38:13",575900
21.1,0.1,1000,"sd","09:38:11",575400
21.1,0.1,5000,"sd","09:38:06",574400
21.1,0.1,2000,"sd","09:37:59",569400
21.1,0.1,1500,"sd","09:37:58",567400
21.1,0.1,100,"sd","09:37:44",565900
21.1,0.1,500,"sd","09:37:32",565800
21.1,0.1,500,"sd","09:37:28",565300
21.1,0.1,800,"sd","09:37:27",564800
21.1,0.1,1000,"sd","09:37:24",564000
21.1,0.1,1300,"sd","09:37:05",563000
21.1,0.1,500,"sd","09:37:01",561700
21.1,0.1,500,"sd","09:36:47",561200
21.1,0.1,14000,"sd","09:36:43",560700
21.1,0.1,500,"bu","09:36:00",546700
21.1,0.1,2500,"bu","09:35:56",546200
21.1,0.1,1000,"bu","09:35:40",543700
21.1,0.1,300,"bu","09:35:35",542700
21.1,0.1,300,"bu","09:35:33",542400
21.1,0.1,1000,"bu","09:35:30",542100
21.1,0.1,5800,"bu","09:35:26",541100
21.1,0.1,1200,"bu","09:35:24",535300
21.1,0.1,1000,"bu","09:35:11",534100
21.1,0.1,200,"bu","09:34:32",533100
21.1,0.1,12400,"bu","09:34:24",532900
21.1,0.1,300,"bu","09:34:16",520500
21.1,0.1,2000,"bu","09:33:59",520200
21.1,0.1,11000,"bu","09:33:30",518200
21.1,0.1,1000,"bu","09:33:22",507200
21.1,0.1,1200,"bu","09:32:54",506200
21.1,0.1,1000,"bu","09:32:51",505000
21.1,0.1,500,"bu","09:32:37",504000
21.1,0.1,300,"bu","09:32:08",503500
21.1,0.1,1000,"bu","09:31:52",503200
21.1,0.1,1000,"bu","09:31:51",502200
21.1,0.1,200,"bu","09:31:45",501200
21.1,0.1,2000,"bu","09:31:42",501000
21.1,0.1,300,"bu","09:31:37",499000
21.1,0.1,1000,"bu","09:31:30",498700
21.1,0.1,1000,"bu","09:31:27",497700
21.1,0.1,3000,"bu","09:31:09",496700
21.1,0.1,2500,"bu","09:31:06",493700
21.1,0.1,1000,"bu","09:31:01",491200
21.1,0.1,1500,"sd","09:30:51",490200
21.1,0.1,1000,"sd","09:30:50",488700
21.1,0.1,1300,"bu","09:30:48",487700
21.1,0.1,700,"bu","09:30:46",486400
21.1,0.1,1300,"bu","09:30:39",485700
21.1,0.1,200,"bu","09:30:38",484400
21.1,0.1,1300,"sd","09:30:35",484200
21.1,0.1,1000,"sd","09:30:31",482900
21.1,0.1,500,"sd","09:30:30",481900
21.1,0.1,5000,"sd","09:30:13",481400
21.1,0.1,300,"sd","09:30:09",476400
21.1,0.1,3300,"sd","09:30:02",476100
21.1,0.1,500,"sd","09:29:55",472800
21.1,0.1,100,"sd","09:29:54",472300
21.1,0.1,200,"sd","09:29:50",472200
21.1,0.1,2000,"sd","09:29:38",472000
21.1,0.1,100,"sd","09:29:37",470000
21.1,0.1,300,"sd","09:29:17",469900
21.1,0.1,700,"sd","09:29:16",469600
21.1,0.1,5000,"sd","09:29:11",468900
21.1,0.1,1000,"sd","09:29:09",463900
21.1,0.1,1100,"sd","09:28:49",462900
21.1,0.1,3900,"sd","09:28:48",461800
21.1,0.1,1000,"sd","09:28:47",457900
21.1,0.1,100,"sd","09:28:42",456900
21.1,0.1,100,"sd","09:28:23",456800
21.1,0.1,1000,"sd","09:28:15",456700
21.1,0.1,1100,"bu","09:28:07",455700
21.1,0.1,15000,"bu","09:28:01",454600
21.1,0.1,5000,"bu","09:27:49",439600
21.1,0.1,500,"bu","09:27:46",434600
21,0,1000,"sd","09:27:41",434100
21.1,0.1,1000,"bu","09:27:27",433100
21.1,0.1,400,"bu","09:27:26",432100
21.1,0.1,100,"bu","09:27:23",431700
21.1,0.1,700,"bu","09:27:22",431600
21.1,0.1,3000,"sd","09:27:10",430900
21.1,0.1,1000,"sd","09:27:08",427900
21.1,0.1,6000,"sd","09:26:58",426900
21.1,0.1,500,"sd","09:26:53",420900
21.1,0.1,4100,"bu","09:26:50",420400
21.1,0.1,900,"bu","09:26:49",416300
21.1,0.1,1000,"sd","09:26:47",415400
21.1,0.1,900,"sd","09:26:46",414400
21.1,0.1,500,"sd","09:26:43",413500
21.1,0.1,200,"sd","09:26:40",413000
21.1,0.1,500,"sd","09:26:39",412800
21.1,0.1,7000,"bu","09:26:35",412300
21.1,0.1,800,"bu","09:26:30",405300
21.1,0.1,1000,"bu","09:26:18",404500
21.1,0.1,1000,"bu","09:26:17",403500
21.1,0.1,100,"bu","09:26:11",402500
21.1,0.1,1000,"bu","09:26:08",402400
21.1,0.1,1900,"bu","09:26:02",401400
21.1,0.1,300,"sd","09:25:52",399500
21.1,0.1,1000,"bu","09:25:51",399200
21.1,0.1,400,"bu","09:25:49",398200
21.1,0.1,2000,"bu","09:25:35",397800
21.1,0.1,3000,"bu","09:25:34",395800
21.1,0.1,2000,"bu","09:25:27",392800
21.1,0.1,4000,"bu","09:25:26",390800
21.1,0.1,100,"bu","09:25:25",386800
21.1,0.1,10000,"bu","09:25:18",386700
21.1,0.1,1000,"bu","09:25:17",376700
21.1,0.1,1000,"bu","09:25:14",375700
21.1,0.1,5000,"bu","09:25:10",374700
21.1,0.1,200,"bu","09:25:07",369700
21.1,0.1,300,"bu","09:24:50",369500
21.1,0.1,200,"bu","09:24:49",369200
21.1,0.1,2000,"bu","09:24:30",369000
21.1,0.1,100,"bu","09:24:28",367000
21,0,500,"sd","09:24:24",366900
21.1,0.1,2000,"bu","09:24:23",366400
21,0,1000,"sd","09:24:11",364400
21,0,5000,"sd","09:24:04",363400
21,0,400,"sd","09:23:29",358400
21,0,4200,"bu","09:23:27",358000
21,0,300,"bu","09:23:25",353800
21,0,5000,"bu","09:23:23",353500
21,0,12000,"bu","09:23:20",348500
21,0,10000,"bu","09:23:15",336500
21,0,3800,"bu","09:23:14",326500
21,0,10000,"bu","09:23:11",322700
21,0,100,"bu","09:23:10",312700
21,0,200,"bu","09:23:09",312600
21,0,5000,"bu","09:23:04",312400
21,0,3200,"bu","09:22:46",307400
21,0,1500,"bu","09:22:42",304200
21,0,8400,"bu","09:22:26",302700
21,0,5000,"bu","09:22:24",294300
21,0,3100,"bu","09:22:08",289300
21,0,30000,"bu","09:21:49",286200
20.9,-0.1,5000,"sd","09:21:39",256200
20.9,-0.1,500,"sd","09:21:31",251200
20.9,-0.1,2000,"sd","09:21:17",250700
20.9,-0.1,2700,"sd","09:21:06",248700
20.9,-0.1,500,"bu","09:21:05",246000
20.9,-0.1,100,"bu","09:21:03",245500
20.9,-0.1,1000,"bu","09:21:00",245400
20.9,-0.1,5000,"bu","09:20:56",244400
20.9,-0.1,900,"bu","09:20:47",239400
20.9,-0.1,100,"sd","09:20:45",238500
20.9,-0.1,2500,"sd","09:20:43",238400
20.8,-0.2,2000,"sd","09:20:41",235900
20.9,-0.1,2000,"bu","09:20:34",233900
20.9,-0.1,10500,"sd","09:20:31",231900
20.9,-0.1,3000,"sd","09:20:25",221400
20.9,-0.1,15000,"sd","09:20:19",218400
20.9,-0.1,5000,"sd","09:20:11",203400
20.9,-0.1,500,"sd","09:20:08",198400
20.9,-0.1,200,"sd","09:20:05",197900
20.9,-0.1,1500,"sd","09:19:58",197700
20.9,-0.1,15000,"sd","09:19:23",196200
21,0,1000,"bu","09:19:00",181200
20.9,-0.1,100,"sd","09:18:55",180200
20.9,-0.1,5000,"sd","09:18:52",180100
20.9,-0.1,2500,"sd","09:18:45",175100
20.9,-0.1,2000,"sd","09:18:28",172600
20.9,-0.1,500,"sd","09:18:15",170600
20.9,-0.1,10500,"sd","09:17:27",170100
20.9,-0.1,500,"sd","09:17:17",159600
20.9,-0.1,2000,"sd","09:17:13",159100
20.9,-0.1,400,"sd","09:16:53",157100
20.9,-0.1,2900,"sd","09:16:34",156700
20.9,-0.1,100,"bu","09:16:33",153800
20.9,-0.1,7000,"sd","09:16:32",153700
21,0,5000,"bu","09:16:29",146700
20.9,-0.1,3000,"sd","09:16:28",141700
20.9,-0.1,1000,"sd","09:16:26",138700
20.9,-0.1,3900,"sd","09:16:05",137700
21,0,5000,"bu","09:16:02",133800
20.9,-0.1,3000,"sd","09:15:58",128800
20.9,-0.1,100,"sd","09:15:51",125800
20.9,-0.1,300,"sd","09:15:16",125700
20.9,-0.1,400,"sd","09:15:12",125400
21,0,200,"bu","09:14:59",125000
20.9,-0.1,100,"","09:14:50",124800
20.9,-0.1,200,"sd","09:14:44",124700
20.9,-0.1,100,"sd","09:14:35",124500
20.8,-0.2,1500,"sd","09:14:22",124400
21,0,300,"bu","09:14:17",122900
20.9,-0.1,200,"sd","09:14:15",122600
20.9,-0.1,700,"sd","09:14:08",122400
20.9,-0.1,300,"bu","09:13:52",121700
20.9,-0.1,5000,"bu","09:13:41",121400
20.9,-0.1,1000,"bu","09:13:37",116400
20.9,-0.1,200,"bu","09:13:35",115400
20.9,-0.1,500,"bu","09:13:12",115200
20.9,-0.1,4700,"bu","09:13:09",114700
20.9,-0.1,10000,"sd","09:13:06",110000
20.9,-0.1,100,"sd","09:12:55",100000
20.9,-0.1,10000,"sd","09:12:51",99900
20.9,-0.1,1800,"sd","09:12:40",89900
21,0,500,"bu","09:12:30",88100
21,0,100,"bu","09:12:29",87600
21,0,5000,"bu","09:12:24",87500
21,0,10000,"bu","09:12:08",82500
21,0,100,"bu","09:11:56",72500
21,0,100,"bu","09:11:27",72400
21,0,300,"bu","09:10:57",72300
21,0,300,"bu","09:10:40",72000
21,0,1000,"bu","09:10:32",71700
21,0,500,"bu","09:10:31",70700
21,0,600,"bu","09:10:29",70200
21,0,200,"bu","09:10:25",69600
21,0,100,"bu","09:10:19",69400
21,0,1900,"bu","09:10:15",69300
21,0,1600,"sd","09:10:09",67400
21,0,3000,"bu","09:09:52",65800
21,0,2000,"bu","09:09:44",62800
21,0,1000,"bu","09:09:12",60800
21,0,500,"bu","09:09:03",59800
21,0,5000,"bu","09:08:54",59300
21,0,2000,"bu","09:08:26",54300
21,0,500,"bu","09:08:21",52300
21,0,5000,"bu","09:07:40",51800
21,0,200,"bu","09:07:18",46800
21,0,3000,"bu","09:07:08",46600
21,0,2000,"bu","09:06:53",43600
21,0,400,"bu","09:06:48",41600
21,0,200,"bu","09:06:47",41200
21,0,3000,"bu","09:06:43",41000
21,0,5000,"","09:06:31",38000
21,0,500,"bu","09:06:27",33000
21,0,500,"bu","09:06:26",32500
21,0,300,"bu","09:05:44",32000
21,0,2000,"bu","09:04:48",31700
21,0,1000,"bu","09:04:43",29700
21,0,500,"bu","09:04:41",28700
21,0,1000,"bu","09:04:34",28200
20.9,-0.1,6000,"sd","09:04:29",27200
21,0,100,"bu","09:04:01",21200
21,0,400,"bu","09:02:22",21100
21,0,9500,"bu","09:01:50",20700
21,0,1500,"sd","09:01:26",11200
21,0,1000,"sd","09:01:16",9700
21,0,1800,"sd","09:01:03",8700
21.1,0.1,800,"sd","09:00:54",6900
21.1,0.1,100,"bu","09:00:33",6100
21,0,5000,"sd","09:00:15",6000
21.1,0.1,400,"sd","09:00:11",1000
21,0,500,"","09:00:04",600
20.2,-0.8,100,"sd","09:00:01",100
