"price","change","match_qtty","side","time","total_vol"
9.63,0.03,55400,"","14:45:20",731300
9.61,0.01,1000,"bu","14:29:31",675900
9.62,0.02,1000,"sd","14:28:02",674900
9.62,0.02,100,"sd","14:27:42",673900
9.62,0.02,300,"sd","14:27:20",673800
9.63,0.03,2500,"bu","14:26:27",673500
9.63,0.03,1500,"bu","14:25:58",671000
9.63,0.03,600,"bu","14:25:57",669500
9.63,0.03,300,"bu","14:25:56",668900
9.63,0.03,1000,"bu","14:25:43",668600
9.63,0.03,2000,"bu","14:25:31",667600
9.62,0.02,600,"bu","14:25:25",665600
9.5,-0.1,15200,"sd","14:23:03",665000
9.54,-0.06,3000,"sd","14:23:03",649800
9.55,-0.05,3000,"sd","14:23:03",646800
9.58,-0.02,2000,"sd","14:23:03",643800
9.59,-0.01,600,"sd","14:23:03",641800
9.62,0.02,200,"sd","14:23:03",640200
9.63,0.03,2100,"bu","14:22:59",640000
9.63,0.03,1100,"bu","14:22:55",637900
9.62,0.02,200,"bu","14:22:53",636800
9.61,0.01,100,"bu","14:22:33",636600
9.5,-0.1,14900,"sd","14:21:34",636500
9.53,-0.07,2400,"sd","14:21:34",621600
9.57,-0.03,2300,"sd","14:21:34",619200
9.58,-0.02,800,"sd","14:21:34",616900
9.6,0,4000,"sd","14:21:34",616100
9.63,0.03,600,"sd","14:21:34",612100
9.63,0.03,3000,"sd","14:21:28",611500
9.63,0.03,3000,"bu","14:21:25",608500
9.63,0.03,1800,"bu","14:20:54",605500
9.63,0.03,200,"sd","14:20:53",603700
9.63,0.03,1800,"bu","14:20:47",603500
9.63,0.03,1000,"bu","14:20:42",601700
9.63,0.03,1100,"bu","14:20:30",600700
9.63,0.03,5000,"bu","14:19:57",599600
9.62,0.02,100,"sd","14:19:46",594600
9.63,0.03,1500,"bu","14:19:35",594500
9.62,0.02,19900,"bu","14:18:09",593000
9.62,0.02,200,"bu","14:18:04",573100
9.61,0.01,4000,"bu","14:16:40",572900
9.61,0.01,1000,"bu","14:16:12",568900
9.6,0,1300,"bu","14:15:45",567900
9.6,0,400,"bu","14:15:44",566600
9.59,-0.01,5000,"bu","14:15:34",566200
9.58,-0.02,200,"bu","14:13:45",561200
9.58,-0.02,500,"bu","14:13:15",561000
9.57,-0.03,200,"bu","14:12:32",560500
9.57,-0.03,1200,"sd","14:12:09",560300
9.57,-0.03,500,"bu","14:12:02",559100
9.57,-0.03,300,"bu","14:09:54",558600
9.53,-0.07,1000,"sd","14:09:53",558300
9.57,-0.03,3000,"bu","14:09:38",557300
9.57,-0.03,3700,"sd","14:07:56",554300
9.57,-0.03,4000,"sd","14:06:13",550600
9.57,-0.03,500,"sd","14:06:08",546600
9.57,-0.03,14600,"sd","14:05:28",546100
9.58,-0.02,400,"sd","14:05:28",531500
9.6,0,800,"bu","14:04:01",531100
9.6,0,100,"bu","14:03:25",530300
9.58,-0.02,100,"bu","14:02:09",530200
9.57,-0.03,600,"sd","14:01:10",530100
9.57,-0.03,200,"sd","14:00:53",529500
9.56,-0.04,200,"sd","14:00:37",529300
9.56,-0.04,300,"sd","13:59:18",529100
9.54,-0.06,500,"sd","13:58:11",528800
9.6,0,1000,"bu","13:58:02",528300
9.52,-0.08,7600,"bu","13:56:49",527300
9.51,-0.09,4600,"bu","13:56:49",519700
9.51,-0.09,400,"sd","13:56:42",515100
9.51,-0.09,3600,"bu","13:55:50",514700
9.51,-0.09,700,"bu","13:55:46",511100
9.51,-0.09,700,"sd","13:55:40",510400
9.52,-0.08,1300,"bu","13:55:08",509700
9.51,-0.09,200,"sd","13:55:04",508400
9.52,-0.08,2000,"bu","13:55:03",508200
9.52,-0.08,1000,"bu","13:54:53",506200
9.52,-0.08,1500,"bu","13:54:30",505200
9.51,-0.09,100,"sd","13:54:29",503700
9.52,-0.08,100,"bu","13:54:27",503600
9.52,-0.08,2000,"sd","13:54:14",503500
9.52,-0.08,600,"bu","13:54:06",501500
9.52,-0.08,1100,"bu","13:53:56",500900
9.52,-0.08,3300,"sd","13:53:43",499800
9.52,-0.08,4400,"sd","13:53:37",496500
9.53,-0.07,600,"sd","13:53:37",492100
9.52,-0.08,8000,"sd","13:53:17",491500
9.52,-0.08,2700,"sd","13:53:14",483500
9.54,-0.06,20000,"sd","13:53:14",480800
9.55,-0.05,7600,"sd","13:53:14",460800
9.57,-0.03,3800,"sd","13:53:14",452300
9.6,0,6800,"sd","13:52:04",448500
9.6,0,2300,"sd","13:51:50",441700
9.6,0,6100,"bu","13:51:32",439400
9.59,-0.01,1000,"bu","13:51:32",433300
9.6,0,7000,"bu","13:47:18",432300
9.59,-0.01,200,"bu","13:47:10",425300
9.59,-0.01,800,"bu","13:46:59",425100
9.55,-0.05,1400,"sd","13:46:37",424300
9.57,-0.03,3600,"sd","13:46:37",422900
9.6,0,3000,"bu","13:45:39",419300
9.58,-0.02,300,"bu","13:45:36",416300
9.57,-0.03,1000,"sd","13:45:29",416000
9.57,-0.03,1100,"sd","13:45:23",415000
9.58,-0.02,700,"sd","13:45:08",413900
9.58,-0.02,1300,"sd","13:45:02",413200
9.58,-0.02,1000,"sd","13:44:52",411900
9.6,0,200,"bu","13:44:01",410900
9.6,0,200,"bu","13:43:52",410700
9.6,0,14000,"bu","13:43:33",410500
9.59,-0.01,1800,"bu","13:43:28",396500
9.57,-0.03,5000,"sd","13:42:27",394700
9.59,-0.01,200,"sd","13:41:50",389700
9.6,0,1000,"bu","13:39:43",389500
9.59,-0.01,100,"bu","13:39:36",388500
9.58,-0.02,200,"bu","13:38:54",388400
9.58,-0.02,300,"bu","13:38:25",388200
9.57,-0.03,5000,"sd","13:38:06",387900
9.58,-0.02,4500,"bu","13:37:40",382900
9.59,-0.01,10000,"bu","13:36:57",378400
9.58,-0.02,1700,"bu","13:36:35",368400
9.57,-0.03,300,"bu","13:36:22",366700
9.57,-0.03,1000,"bu","13:35:46",366400
9.57,-0.03,200,"sd","13:35:34",365400
9.57,-0.03,600,"sd","13:33:46",365200
9.58,-0.02,2000,"bu","13:33:46",364600
9.58,-0.02,100,"bu","13:32:50",362600
9.58,-0.02,100,"bu","13:32:42",362500
9.58,-0.02,100,"bu","13:32:41",362400
9.58,-0.02,300,"bu","13:32:31",362300
9.58,-0.02,400,"bu","13:32:12",362000
9.57,-0.03,400,"bu","13:31:34",361600
9.54,-0.06,3900,"bu","13:31:05",361200
9.54,-0.06,100,"bu","13:31:02",357300
9.54,-0.06,600,"bu","13:30:57",357200
9.51,-0.09,1900,"bu","13:29:39",356600
9.51,-0.09,2000,"bu","13:29:35",354700
9.5,-0.1,3000,"bu","13:28:36",352700
9.5,-0.1,1000,"bu","13:27:30",349700
9.5,-0.1,1000,"sd","13:27:18",348700
9.5,-0.1,4000,"bu","13:27:17",347700
9.5,-0.1,3000,"bu","13:27:13",343700
9.5,-0.1,5000,"bu","13:27:08",340700
9.5,-0.1,400,"bu","13:27:02",335700
9.5,-0.1,2000,"bu","13:26:55",335300
9.48,-0.12,400,"bu","13:26:39",333300
9.46,-0.14,4400,"bu","13:26:02",332900
9.46,-0.14,100,"bu","13:25:58",328500
9.46,-0.14,800,"bu","13:25:04",328400
9.46,-0.14,100,"bu","13:21:52",327600
9.4,-0.2,100,"sd","13:21:22",327500
9.42,-0.18,100,"sd","13:21:22",327400
9.42,-0.18,200,"sd","13:21:12",327300
9.42,-0.18,400,"sd","13:19:37",327100
9.42,-0.18,300,"sd","13:17:18",326700
9.4,-0.2,200,"sd","13:14:17",326400
9.4,-0.2,2400,"bu","13:13:53",326200
9.4,-0.2,500,"bu","13:13:16",323800
9.4,-0.2,2100,"sd","13:12:53",323300
9.4,-0.2,300,"sd","13:12:14",321200
9.48,-0.12,100,"bu","13:12:00",320900
9.48,-0.12,200,"bu","13:11:35",320800
9.4,-0.2,1000,"sd","13:11:28",320600
9.48,-0.12,200,"bu","13:11:11",319600
9.36,-0.24,200,"sd","13:05:50",319400
9.37,-0.23,1400,"sd","13:05:50",319200
9.37,-0.23,2400,"bu","13:05:48",317800
9.37,-0.23,1500,"bu","13:05:46",315400
9.37,-0.23,1000,"bu","13:05:38",313900
9.37,-0.23,300,"bu","13:05:34",312900
9.37,-0.23,700,"sd","13:05:25",312600
9.38,-0.22,100,"sd","13:05:25",311900
9.5,-0.1,500,"bu","13:04:59",311800
9.36,-0.24,600,"sd","13:02:26",311300
9.36,-0.24,1700,"sd","13:01:36",310700
9.37,-0.23,300,"sd","13:01:36",309000
9.36,-0.24,600,"sd","13:00:46",308700
9.36,-0.24,100,"sd","13:00:27",308100
9.35,-0.25,600,"sd","13:00:27",308000
9.35,-0.25,200,"sd","11:28:40",307400
9.3,-0.3,3000,"bu","11:27:36",307200
9.3,-0.3,1000,"sd","11:27:24",304200
9.32,-0.28,300,"sd","11:27:24",303200
9.34,-0.26,3000,"sd","11:27:24",302900
9.35,-0.25,2700,"sd","11:27:24",299900
9.16,-0.44,1500,"bu","11:25:30",297200
9.16,-0.44,1000,"bu","11:25:27",295700
9.16,-0.44,200,"bu","11:25:25",294700
9.16,-0.44,100,"bu","11:25:15",294500
9,-0.6,35200,"sd","11:25:11",294400
9.01,-0.59,2000,"sd","11:25:11",259200
9.02,-0.58,100,"sd","11:25:11",257200
9.03,-0.57,1000,"sd","11:25:11",257100
9.07,-0.53,1000,"sd","11:25:11",256100
9.1,-0.5,7000,"sd","11:25:11",255100
9.11,-0.49,2000,"sd","11:25:11",248100
9.15,-0.45,200,"sd","11:25:11",246100
9.18,-0.42,3000,"sd","11:25:11",245900
9.2,-0.4,1300,"sd","11:25:11",242900
9.3,-0.3,12500,"sd","11:25:11",241600
9.31,-0.29,14000,"sd","11:25:11",229100
9.32,-0.28,100,"sd","11:25:11",215100
9.36,-0.24,200,"sd","11:25:11",210900
9.4,-0.2,13700,"sd","11:25:11",210700
9.41,-0.19,13000,"sd","11:25:11",197000
9.42,-0.18,7700,"sd","11:25:11",184000
9.43,-0.17,300,"sd","11:25:11",176300
9.44,-0.16,100,"sd","11:25:11",176000
9.45,-0.15,2000,"sd","11:25:11",175900
9.46,-0.14,7500,"sd","11:25:11",173900
9.5,-0.1,10400,"sd","11:24:48",152100
9.52,-0.08,1500,"sd","11:24:39",141700
9.53,-0.07,100,"sd","11:24:39",140200
9.56,-0.04,200,"bu","11:20:46",140100
9.57,-0.03,5000,"bu","11:19:40",139900
9.52,-0.08,400,"bu","11:18:55",134900
9.52,-0.08,1800,"sd","11:18:37",134500
9.52,-0.08,200,"sd","11:18:36",132700
9.53,-0.07,1500,"sd","11:18:36",132500
9.55,-0.05,500,"sd","11:18:36",131000
9.57,-0.03,100,"bu","11:18:25",130500
9.57,-0.03,1200,"bu","11:18:18",130400
9.57,-0.03,100,"bu","11:13:00",129200
9.57,-0.03,100,"bu","11:11:58",129100
9.57,-0.03,100,"sd","11:10:19",129000
9.58,-0.02,2000,"bu","11:10:06",128900
9.57,-0.03,100,"bu","11:08:16",126900
9.57,-0.03,300,"bu","11:07:50",126800
9.58,-0.02,500,"bu","11:05:14",126500
9.58,-0.02,1100,"sd","11:04:23",126000
9.59,-0.01,100,"bu","11:03:45",124900
9.59,-0.01,5100,"sd","11:02:45",124800
9.59,-0.01,100,"sd","11:01:24",119700
9.6,0,300,"sd","11:01:20",119600
9.6,0,700,"bu","11:00:25",119300
9.6,0,9300,"sd","10:59:48",118600
9.6,0,500,"sd","10:57:57",109300
9.6,0,500,"sd","10:57:06",108800
9.6,0,1000,"sd","10:55:00",108300
9.6,0,2000,"sd","10:54:56",107300
9.61,0.01,100,"sd","10:54:29",105300
9.62,0.02,5000,"bu","10:50:36",105200
9.62,0.02,2000,"sd","10:43:51",100200
9.62,0.02,5000,"bu","10:43:02",98200
9.6,0,300,"bu","10:41:43",93200
9.6,0,4700,"sd","10:41:02",92900
9.6,0,300,"sd","10:40:47",88200
9.6,0,5000,"bu","10:40:45",87900
9.6,0,1700,"bu","10:37:32",82900
9.6,0,800,"bu","10:37:16",81200
9.6,0,3500,"sd","10:36:49",80400
9.61,0.01,500,"bu","10:36:12",76900
9.61,0.01,2500,"sd","10:36:07",76400
9.61,0.01,600,"sd","10:34:22",73900
9.64,0.04,2700,"bu","10:32:41",73300
9.63,0.03,300,"bu","10:32:41",70600
9.63,0.03,6700,"sd","10:32:37",70300
9.64,0.04,100,"sd","10:31:39",63600
9.64,0.04,1000,"bu","10:29:45",63500
9.63,0.03,100,"sd","10:29:07",62500
9.63,0.03,400,"sd","10:27:33",62400
9.64,0.04,700,"sd","10:27:25",62000
9.64,0.04,300,"bu","10:27:23",61300
9.64,0.04,2000,"bu","10:27:06",61000
9.62,0.02,100,"sd","10:27:01",59000
9.62,0.02,100,"bu","10:25:57",58900
9.6,0,3400,"bu","10:25:17",58800
9.6,0,100,"bu","10:25:16",55400
9.6,0,300,"bu","10:24:45",55300
9.6,0,300,"bu","10:24:42",55000
9.6,0,5000,"bu","10:24:41",54700
9.6,0,500,"bu","10:24:35",49700
9.6,0,1500,"bu","10:24:23",49200
9.6,0,2000,"bu","10:24:20",47700
9.6,0,100,"bu","10:24:17",45700
9.58,-0.02,1900,"bu","10:22:47",45600
9.57,-0.03,100,"sd","10:22:46",43700
9.58,-0.02,100,"sd","10:22:10",43600
9.6,0,100,"bu","10:21:27",43500
9.6,0,100,"bu","10:20:18",43400
9.58,-0.02,100,"bu","10:18:46",43300
9.6,0,200,"bu","10:18:04",43200
9.59,-0.01,1800,"bu","10:18:04",43000
9.58,-0.02,1000,"bu","10:18:04",41200
9.58,-0.02,1000,"bu","10:15:29",40200
9.57,-0.03,100,"sd","10:13:03",39200
9.57,-0.03,200,"bu","10:12:49",39100
9.57,-0.03,100,"bu","10:10:40",38900
9.55,-0.05,300,"sd","10:04:08",38800
9.59,-0.01,3800,"bu","10:00:39",38500
9.58,-0.02,200,"bu","10:00:39",34700
9.55,-0.05,700,"bu","10:00:18",34500
9.55,-0.05,100,"bu","09:58:57",33800
9.55,-0.05,200,"bu","09:58:44",33700
9.51,-0.09,200,"bu","09:55:49",33500
9.51,-0.09,100,"bu","09:55:41",33300
9.41,-0.19,2500,"sd","09:44:33",33200
9.42,-0.18,1500,"sd","09:44:33",30700
9.43,-0.17,200,"sd","09:44:33",29200
9.44,-0.16,100,"sd","09:44:33",29000
9.5,-0.1,500,"bu","09:44:21",28900
9.5,-0.1,100,"bu","09:44:14",28400
9.5,-0.1,1800,"sd","09:43:54",28300
9.51,-0.09,5100,"sd","09:43:54",26500
9.52,-0.08,300,"sd","09:43:54",21400
9.53,-0.07,1300,"sd","09:43:54",21100
9.54,-0.06,600,"sd","09:43:54",19800
9.55,-0.05,800,"sd","09:39:18",19200
9.59,-0.01,300,"bu","09:38:18",18400
9.55,-0.05,4300,"bu","09:36:02",18100
9.55,-0.05,400,"bu","09:35:36",13800
9.55,-0.05,100,"bu","09:35:10",13400
9.55,-0.05,100,"bu","09:34:28",13300
9.55,-0.05,600,"sd","09:33:52",13200
9.55,-0.05,1400,"bu","09:33:25",12600
9.55,-0.05,200,"bu","09:33:05",11200
9.55,-0.05,100,"bu","09:32:53",11000
9.54,-0.06,100,"bu","09:32:34",10900
9.54,-0.06,800,"bu","09:32:23",10800
9.54,-0.06,1800,"bu","09:31:59",10000
9.54,-0.06,200,"bu","09:31:58",8200
9.54,-0.06,100,"bu","09:31:26",8000
9.54,-0.06,100,"bu","09:31:14",7900
9.54,-0.06,500,"bu","09:30:40",7800
9.55,-0.05,300,"bu","09:29:46",7300
9.55,-0.05,600,"sd","09:27:15",7000
9.55,-0.05,300,"sd","09:27:09",6400
9.55,-0.05,400,"sd","09:24:14",6100
9.6,0,500,"bu","09:18:34",5700
9.6,0,500,"bu","09:16:55",5200
9.6,0,4700,"","09:15:13",4700
