"price","change","match_qtty","side","time","total_vol"
38.15,0.3,169400,"","14:45:20",4938300
38.2,0.35,2800,"bu","14:29:59",4768900
38.2,0.35,2000,"bu","14:29:49",4766100
38.15,0.3,1500,"sd","14:29:38",4764100
38.15,0.3,3000,"sd","14:29:32",4762600
38.15,0.3,100,"sd","14:29:30",4759600
38.2,0.35,100,"bu","14:29:28",4759500
38.2,0.35,700,"bu","14:29:21",4759400
38.2,0.35,1300,"sd","14:29:17",4758700
38.25,0.4,300,"bu","14:29:17",4757400
38.25,0.4,200,"bu","14:29:03",4757100
38.25,0.4,800,"sd","14:28:57",4756900
38.25,0.4,2000,"sd","14:28:56",4756100
38.25,0.4,100,"sd","14:28:51",4754100
38.3,0.45,1000,"bu","14:28:38",4754000
38.25,0.4,300,"sd","14:28:37",4753000
38.25,0.4,15000,"sd","14:28:36",4752700
38.3,0.45,2000,"bu","14:28:31",4737700
38.3,0.45,200,"bu","14:28:11",4735700
38.3,0.45,700,"sd","14:28:05",4735500
38.3,0.45,1000,"sd","14:28:03",4734800
38.35,0.5,4100,"bu","14:27:59",4733800
38.3,0.45,1400,"sd","14:27:56",4729700
38.35,0.5,1800,"bu","14:27:53",4728300
38.35,0.5,4000,"bu","14:27:34",4726500
38.35,0.5,200,"bu","14:27:28",4722500
38.35,0.5,16000,"bu","14:27:23",4722300
38.35,0.5,4100,"bu","14:27:10",4706300
38.3,0.45,900,"bu","14:27:07",4702200
38.3,0.45,100,"bu","14:27:04",4701300
38.25,0.4,200,"sd","14:26:47",4701200
38.3,0.45,300,"sd","14:26:46",4701000
38.35,0.5,9000,"bu","14:26:43",4700700
38.3,0.45,1000,"sd","14:26:42",4691700
38.3,0.45,5000,"sd","14:26:41",4690700
38.3,0.45,400,"sd","14:26:37",4685700
38.3,0.45,1000,"sd","14:26:36",4685300
38.3,0.45,25300,"bu","14:26:33",4684300
38.25,0.4,200,"sd","14:26:26",4659000
38.3,0.45,2300,"bu","14:26:21",4658800
38.3,0.45,4100,"bu","14:26:19",4656500
38.25,0.4,100,"sd","14:26:16",4652400
38.3,0.45,6000,"bu","14:26:11",4652300
38.25,0.4,2000,"sd","14:26:06",4646300
38.3,0.45,200,"bu","14:26:05",4644300
38.25,0.4,200,"sd","14:26:05",4644100
38.3,0.45,5000,"bu","14:25:56",4643900
38.25,0.4,100,"sd","14:25:54",4638900
38.3,0.45,4100,"bu","14:25:54",4638800
38.3,0.45,10000,"bu","14:25:47",4634700
38.25,0.4,200,"sd","14:25:42",4624700
38.3,0.45,2700,"bu","14:25:35",4624500
38.3,0.45,200,"bu","14:25:35",4621800
38.25,0.4,200,"sd","14:25:32",4621600
38.3,0.45,1000,"bu","14:25:31",4621400
38.3,0.45,3600,"bu","14:25:31",4620400
38.3,0.45,100,"bu","14:25:23",4616800
38.25,0.4,100,"sd","14:25:22",4616700
38.3,0.45,100,"bu","14:25:21",4616600
38.3,0.45,300,"bu","14:25:20",4616500
38.3,0.45,500,"bu","14:25:17",4616200
38.25,0.4,100,"sd","14:25:12",4615700
38.3,0.45,5000,"sd","14:25:11",4615600
38.35,0.5,500,"bu","14:25:09",4610600
38.35,0.5,5000,"bu","14:25:05",4610100
38.3,0.45,100,"sd","14:25:01",4605100
38.3,0.45,1000,"sd","14:24:59",4605000
38.3,0.45,1000,"sd","14:24:57",4604000
38.3,0.45,200,"sd","14:24:51",4603000
38.3,0.45,1000,"sd","14:24:50",4602800
38.3,0.45,14400,"bu","14:24:48",4601800
38.25,0.4,200,"sd","14:24:48",4587400
38.3,0.45,2700,"bu","14:24:47",4587200
38.3,0.45,37000,"bu","14:24:45",4584500
38.25,0.4,200,"sd","14:24:44",4547500
38.25,0.4,200,"sd","14:24:40",4547300
38.3,0.45,400,"bu","14:24:40",4547100
38.3,0.45,1100,"bu","14:24:34",4546700
38.3,0.45,5000,"bu","14:24:30",4545600
38.25,0.4,100,"sd","14:24:30",4540600
38.3,0.45,5000,"bu","14:24:28",4540500
38.3,0.45,2700,"bu","14:24:23",4535500
38.3,0.45,15300,"bu","14:24:21",4532800
38.25,0.4,100,"sd","14:24:19",4517500
38.3,0.45,500,"bu","14:24:18",4517400
38.3,0.45,500,"bu","14:24:14",4516900
38.25,0.4,200,"sd","14:24:09",4516400
38.3,0.45,5000,"bu","14:24:08",4516200
38.3,0.45,3000,"bu","14:24:06",4511200
38.25,0.4,800,"sd","14:24:04",4508200
38.25,0.4,100,"sd","14:23:58",4507400
38.3,0.45,100,"bu","14:23:52",4507300
38.3,0.45,1000,"bu","14:23:51",4507200
38.3,0.45,10000,"bu","14:23:49",4506200
38.25,0.4,200,"sd","14:23:48",4496200
38.3,0.45,200,"bu","14:23:47",4496000
38.3,0.45,10000,"bu","14:23:41",4495800
38.3,0.45,700,"bu","14:23:40",4485800
38.25,0.4,200,"sd","14:23:36",4485100
38.25,0.4,100,"sd","14:23:26",4484900
38.25,0.4,200,"sd","14:23:26",4484800
38.3,0.45,1000,"bu","14:23:24",4484600
38.25,0.4,1000,"sd","14:23:20",4483600
38.25,0.4,100,"sd","14:23:15",4482600
38.3,0.45,2700,"bu","14:23:11",4482500
38.3,0.45,400,"bu","14:23:09",4479800
38.3,0.45,500,"bu","14:23:06",4479400
38.25,0.4,100,"sd","14:23:05",4478900
38.25,0.4,23000,"bu","14:23:02",4478800
38.2,0.35,100,"sd","14:22:54",4455800
38.2,0.35,5000,"sd","14:22:49",4455700
38.2,0.35,1600,"sd","14:22:45",4450700
38.2,0.35,200,"sd","14:22:44",4449100
38.25,0.4,3000,"bu","14:22:44",4448900
38.25,0.4,1000,"bu","14:22:38",4445900
38.2,0.35,100,"sd","14:22:33",4444900
38.25,0.4,700,"bu","14:22:30",4444800
38.25,0.4,1600,"bu","14:22:25",4444100
38.2,0.35,200,"sd","14:22:24",4442500
38.2,0.35,300,"sd","14:22:17",4442300
38.25,0.4,4000,"bu","14:22:17",4442000
38.2,0.35,200,"sd","14:22:12",4438000
38.25,0.4,2000,"bu","14:22:11",4437800
38.2,0.35,200,"sd","14:22:07",4435800
38.25,0.4,200,"bu","14:22:04",4435600
38.2,0.35,200,"sd","14:22:01",4435400
38.2,0.35,1000,"sd","14:21:52",4435200
38.2,0.35,100,"sd","14:21:51",4434200
38.25,0.4,100,"bu","14:21:51",4434100
38.2,0.35,100,"sd","14:21:48",4434000
38.2,0.35,200,"sd","14:21:40",4433900
38.2,0.35,700,"sd","14:21:39",4433700
38.2,0.35,15000,"bu","14:21:36",4433000
38.2,0.35,55000,"bu","14:21:32",4418000
38.2,0.35,100,"bu","14:21:31",4363000
38.15,0.3,100,"sd","14:21:30",4362900
38.15,0.3,1000,"sd","14:21:28",4362800
38.2,0.35,1000,"bu","14:21:26",4361800
38.15,0.3,200,"sd","14:21:19",4360800
38.15,0.3,4500,"bu","14:21:16",4360600
38.1,0.25,200,"sd","14:21:08",4356100
38.15,0.3,500,"sd","14:21:06",4355900
38.15,0.3,200,"sd","14:20:59",4355400
38.15,0.3,100,"sd","14:20:48",4355200
38.15,0.3,600,"sd","14:20:48",4355100
38.15,0.3,300,"sd","14:20:44",4354500
38.2,0.35,1400,"bu","14:20:41",4354200
38.15,0.3,600,"sd","14:20:41",4352800
38.2,0.35,700,"bu","14:20:41",4352200
38.2,0.35,1400,"bu","14:20:40",4351500
38.2,0.35,700,"bu","14:20:40",4350100
38.15,0.3,100,"sd","14:20:38",4349400
38.1,0.25,100,"sd","14:20:28",4349300
38.15,0.3,4000,"bu","14:20:25",4349200
38.1,0.25,200,"sd","14:20:17",4345200
38.1,0.25,100,"sd","14:20:07",4345000
38.1,0.25,100,"sd","14:20:05",4344900
38.1,0.25,1400,"bu","14:20:01",4344800
38.05,0.2,1700,"sd","14:20:00",4343400
38.05,0.2,100,"sd","14:19:57",4341700
38.05,0.2,100,"sd","14:19:56",4341600
38.1,0.25,16000,"bu","14:19:47",4341500
38.05,0.2,200,"sd","14:19:46",4325500
38.05,0.2,3700,"bu","14:19:40",4325300
38,0.15,100,"sd","14:19:35",4321600
38.05,0.2,900,"bu","14:19:34",4321500
38.05,0.2,6100,"bu","14:19:33",4320600
38,0.15,700,"sd","14:19:28",4314500
38,0.15,100,"sd","14:19:24",4313800
38,0.15,1700,"sd","14:19:17",4313700
38,0.15,200,"sd","14:19:14",4312000
38,0.15,5400,"bu","14:19:11",4311800
38,0.15,2000,"bu","14:19:10",4306400
38,0.15,1000,"bu","14:19:10",4304400
38,0.15,2100,"bu","14:19:08",4303400
38,0.15,100,"bu","14:19:08",4301300
38,0.15,1000,"bu","14:19:07",4301200
38,0.15,200,"bu","14:19:06",4300200
38,0.15,500,"bu","14:19:04",4300000
37.95,0.1,100,"sd","14:19:03",4299500
38,0.15,4600,"bu","14:19:02",4299400
38,0.15,200,"bu","14:19:01",4294800
38,0.15,100,"bu","14:18:57",4294600
38,0.15,400,"bu","14:18:53",4294500
37.95,0.1,200,"sd","14:18:52",4294100
38,0.15,5700,"bu","14:18:49",4293900
38,0.15,2500,"bu","14:18:47",4288200
38,0.15,1000,"bu","14:18:46",4285700
38,0.15,7000,"bu","14:18:43",4284700
37.95,0.1,200,"sd","14:18:41",4277700
38,0.15,500,"bu","14:18:38",4277500
37.95,0.1,1700,"sd","14:18:37",4277000
37.95,0.1,200,"sd","14:18:31",4275300
38,0.15,2000,"bu","14:18:26",4275100
38,0.15,1000,"bu","14:18:23",4273100
38,0.15,2000,"bu","14:18:22",4272100
37.95,0.1,200,"sd","14:18:19",4270100
38,0.15,9600,"bu","14:18:19",4269900
37.95,0.1,1000,"sd","14:18:18",4260300
38,0.15,100,"bu","14:18:17",4259300
37.85,0,3000,"bu","13:58:20",3930200
37.8,-0.05,2100,"sd","13:58:18",3927200
37.8,-0.05,200,"sd","13:58:16",3925100
37.8,-0.05,600,"bu","13:58:14",3924900
37.75,-0.1,100,"sd","13:58:11",3924300
37.8,-0.05,1400,"sd","13:58:06",3924200
37.85,0,500,"bu","13:58:05",3922800
37.8,-0.05,100,"sd","13:58:01",3922300
37.85,0,1500,"bu","13:58:00",3922200
37.8,-0.05,500,"sd","13:57:54",3920700
37.8,-0.05,1800,"sd","13:57:50",3920200
37.8,-0.05,100,"sd","13:57:39",3918400
37.85,0,1500,"bu","13:57:33",3918300
37.8,-0.05,1300,"bu","13:57:32",3916800
37.8,-0.05,300,"bu","13:57:29",3915500
37.7,-0.15,100,"sd","13:57:28",3915200
37.7,-0.15,200,"sd","13:57:20",3915100
37.7,-0.15,100,"sd","13:57:19",3914900
37.8,-0.05,500,"bu","13:57:11",3914800
37.7,-0.15,1800,"sd","13:57:11",3914300
37.95,0.1,400,"sd","14:16:28",4238000
37.95,0.1,200,"sd","14:16:24",4237600
37.9,0.05,200,"sd","14:16:14",4237400
37.95,0.1,200,"bu","14:16:13",4237200
37.95,0.1,1000,"bu","14:16:09",4237000
37.95,0.1,800,"sd","14:16:09",4236000
37.95,0.1,200,"bu","14:16:05",4235200
37.9,0.05,200,"sd","14:16:03",4235000
37.95,0.1,1000,"bu","14:15:57",4234800
37.95,0.1,500,"bu","14:15:53",4233800
37.9,0.05,100,"sd","14:15:53",4233300
37.9,0.05,2200,"sd","14:15:51",4233200
37.9,0.05,2500,"sd","14:15:50",4231000
37.95,0.1,3800,"sd","14:15:44",4228500
37.95,0.1,200,"sd","14:15:44",4224700
37.9,0.05,6100,"sd","14:15:32",4224500
37.95,0.1,46000,"sd","14:15:32",4218400
37.95,0.1,1000,"sd","14:15:22",4172400
37.95,0.1,100,"sd","14:15:22",4171400
37.95,0.1,500,"sd","14:15:16",4171300
38,0.15,1000,"bu","14:15:15",4170800
37.95,0.1,200,"sd","14:15:11",4169800
37.95,0.1,1700,"sd","14:15:09",4169600
37.95,0.1,100,"sd","14:15:01",4167900
37.95,0.1,100,"sd","14:14:51",4167800
37.95,0.1,100,"sd","14:14:40",4167700
37.95,0.1,200,"sd","14:14:30",4167600
37.95,0.1,1000,"sd","14:14:27",4167400
38,0.15,100,"bu","14:14:23",4166400
37.95,0.1,100,"sd","14:14:19",4166300
38,0.15,1000,"bu","14:14:14",4166200
37.95,0.1,100,"sd","14:14:09",4165200
37.95,0.1,100,"sd","14:13:59",4165100
37.95,0.1,9000,"sd","14:13:58",4165000
37.95,0.1,6000,"sd","14:13:54",4156000
37.95,0.1,200,"sd","14:13:48",4150000
37.95,0.1,7000,"sd","14:13:46",4149800
37.95,0.1,1700,"sd","14:13:46",4142800
37.95,0.1,200,"sd","14:13:37",4141100
37.95,0.1,100,"sd","14:13:27",4140900
37.95,0.1,5000,"sd","14:13:18",4140800
37.95,0.1,100,"sd","14:13:17",4135800
37.95,0.1,500,"sd","14:13:16",4135700
37.95,0.1,100,"sd","14:13:06",4135200
37.95,0.1,1700,"sd","14:13:04",4135100
37.95,0.1,100,"sd","14:12:55",4133400
38,0.15,1000,"bu","14:12:52",4133300
38,0.15,1000,"bu","14:12:45",4132300
37.95,0.1,100,"sd","14:12:45",4131300
38,0.15,2900,"bu","14:12:44",4131200
37.95,0.1,200,"sd","14:12:34",4128300
37.95,0.1,6400,"bu","14:12:26",4128100
37.9,0.05,100,"sd","14:12:24",4121700
37.95,0.1,1000,"bu","14:12:20",4121600
37.95,0.1,1000,"bu","14:12:20",4120600
37.95,0.1,2000,"bu","14:12:15",4119600
37.9,0.05,100,"sd","14:12:14",4117600
37.9,0.05,200,"sd","14:12:03",4117500
37.9,0.05,200,"sd","14:11:52",4117300
37.9,0.05,100,"sd","14:11:44",4117100
37.95,0.1,200,"bu","14:11:38",4117000
37.9,0.05,100,"sd","14:11:31",4116800
37.9,0.05,200,"sd","14:11:20",4116700
37.9,0.05,100,"sd","14:11:10",4116500
37.95,0.1,500,"bu","14:11:10",4116400
37.95,0.1,1000,"bu","14:11:08",4115900
37.95,0.1,700,"bu","14:11:05",4114900
37.95,0.1,3500,"bu","14:11:04",4114200
37.95,0.1,700,"bu","14:11:04",4110700
37.95,0.1,1400,"bu","14:11:03",4110000
37.95,0.1,1400,"bu","14:11:02",4108600
37.85,0,900,"sd","14:11:00",4107200
37.9,0.05,800,"sd","14:11:00",4106300
37.9,0.05,200,"sd","14:10:59",4105500
37.85,0,200,"sd","14:10:48",4105300
37.95,0.1,5200,"bu","14:10:44",4105100
37.9,0.05,5000,"bu","14:10:44",4099900
37.9,0.05,1000,"bu","14:10:43",4094900
37.85,0,100,"sd","14:10:38",4093900
37.9,0.05,9000,"bu","14:10:29",4093800
37.85,0,200,"sd","14:10:27",4084800
37.9,0.05,2000,"bu","14:10:24",4084600
37.85,0,1700,"sd","14:10:18",4082600
37.85,0,200,"sd","14:10:16",4080900
37.85,0,200,"sd","14:10:06",4080700
37.85,0,6000,"sd","14:10:05",4080500
37.85,0,200,"sd","14:09:54",4074500
37.85,0,200,"sd","14:09:43",4074300
37.85,0,1700,"sd","14:09:36",4074100
37.85,0,200,"sd","14:09:33",4072400
37.85,0,100,"sd","14:09:26",4072200
37.85,0,100,"sd","14:09:22",4072100
37.85,0,200,"sd","14:09:12",4072000
37.85,0,12000,"sd","14:09:04",4071800
37.85,0,200,"sd","14:09:01",4059800
37.85,0,1700,"sd","14:08:55",4059600
37.85,0,100,"sd","14:08:51",4057900
37.85,0,100,"sd","14:08:41",4057800
37.85,0,500,"bu","14:08:38",4057700
37.85,0,500,"sd","14:08:37",4057200
37.85,0,200,"sd","14:08:30",4056700
37.85,0,1000,"sd","14:08:29",4056500
37.85,0,300,"bu","14:08:20",4055500
37.85,0,1400,"sd","14:08:13",4055100
37.85,0,100,"sd","14:08:09",4053700
37.85,0,100,"sd","14:07:59",4053600
37.85,0,400,"bu","14:07:55",4053500
37.85,0,6200,"sd","14:07:50",4053100
37.85,0,100,"sd","14:07:49",4046900
37.85,0,200,"sd","14:07:38",4046800
37.85,0,1700,"sd","14:07:31",4046600
37.85,0,100,"sd","14:07:28",4044900
37.85,0,100,"sd","14:07:18",4044800
37.85,0,400,"sd","14:07:17",4044700
37.85,0,100,"sd","14:07:12",4044300
37.85,0,5100,"bu","14:07:08",4044200
37.8,-0.05,200,"sd","14:07:07",4039100
37.8,-0.05,300,"sd","14:06:57",4038900
37.8,-0.05,200,"sd","14:06:56",4038600
37.8,-0.05,1700,"sd","14:06:50",4038400
37.8,-0.05,100,"sd","14:06:45",4036700
37.8,-0.05,200,"sd","14:06:34",4036600
37.8,-0.05,200,"sd","14:06:24",4036400
37.8,-0.05,5000,"sd","14:06:23",4036200
37.8,-0.05,100,"sd","14:06:13",4031200
37.85,0,500,"bu","14:06:09",4031100
37.8,-0.05,1700,"sd","14:06:09",4030600
37.8,-0.05,100,"sd","14:06:03",4028900
37.8,-0.05,100,"sd","14:05:53",4028800
37.85,0,10000,"bu","14:05:49",4028700
37.8,-0.05,100,"sd","14:05:42",4018700
37.85,0,700,"bu","14:05:36",4018600
37.85,0,1700,"sd","14:05:35",4017900
37.85,0,100,"sd","14:05:35",4016200
37.85,0,1000,"sd","14:05:33",4016100
37.85,0,1000,"sd","14:05:32",4015100
37.85,0,100,"sd","14:05:32",4014100
37.85,0,1600,"sd","14:05:31",4014000
37.85,0,1700,"sd","14:05:27",4012400
37.85,0,100,"sd","14:05:26",4010700
37.85,0,300,"sd","14:05:25",4010600
37.85,0,500,"sd","14:05:22",4010300
37.85,0,200,"sd","14:05:21",4009800
37.85,0,12400,"sd","14:05:16",4009600
37.85,0,3100,"sd","14:05:15",3997200
37.85,0,900,"sd","14:05:11",3994100
37.85,0,100,"sd","14:05:00",3993200
37.85,0,100,"sd","14:04:50",3993100
37.85,0,1000,"sd","14:04:48",3993000
37.85,0,1300,"sd","14:04:46",3992000
37.85,0,1700,"sd","14:04:45",3990700
37.85,0,100,"sd","14:04:39",3989000
37.85,0,100,"sd","14:04:29",3988900
37.85,0,100,"sd","14:04:18",3988800
37.85,0,200,"sd","14:04:07",3988700
37.85,0,1700,"sd","14:04:05",3988500
37.85,0,200,"sd","14:03:57",3986800
37.85,0,500,"sd","14:03:52",3986600
37.85,0,100,"sd","14:03:46",3986100
37.85,0,100,"sd","14:03:36",3986000
37.9,0.05,2500,"bu","14:03:34",3985900
37.9,0.05,200,"bu","14:03:33",3983400
37.9,0.05,1000,"bu","14:03:30",3983200
37.9,0.05,2000,"bu","14:03:27",3982200
37.85,0,100,"sd","14:03:26",3980200
37.85,0,1700,"sd","14:03:22",3980100
37.85,0,200,"sd","14:03:15",3978400
37.85,0,100,"sd","14:03:04",3978200
37.85,0,200,"sd","14:03:01",3978100
37.85,0,100,"sd","14:02:54",3977900
37.85,0,300,"sd","14:02:46",3977800
37.85,0,100,"sd","14:02:44",3977500
37.9,0.05,1000,"bu","14:02:42",3977400
37.9,0.05,2000,"bu","14:02:37",3976400
37.85,0,100,"sd","14:02:34",3974400
37.85,0,100,"sd","14:02:24",3974300
37.85,0,9000,"sd","14:02:14",3974200
37.85,0,100,"sd","14:02:13",3965200
37.85,0,600,"sd","14:02:12",3965100
37.85,0,100,"sd","14:02:05",3964500
37.85,0,1700,"sd","14:01:58",3964400
37.85,0,100,"sd","14:01:52",3962700
37.85,0,200,"bu","14:01:42",3962600
37.8,-0.05,100,"sd","14:01:42",3962400
37.8,-0.05,100,"sd","14:01:31",3962300
37.85,0,1000,"bu","14:01:30",3962200
37.85,0,700,"bu","14:01:29",3961200
37.85,0,100,"bu","14:01:26",3960500
37.8,-0.05,100,"sd","14:01:20",3960400
37.85,0,1000,"bu","14:01:19",3960300
37.85,0,100,"bu","14:01:13",3959300
37.8,-0.05,100,"sd","14:01:10",3959200
37.85,0,300,"bu","14:01:10",3959100
37.85,0,1500,"bu","14:01:06",3958800
37.85,0,500,"bu","14:01:04",3957300
37.85,0,1000,"bu","14:01:01",3956800
37.8,-0.05,100,"sd","14:00:59",3955800
37.85,0,500,"bu","14:00:55",3955700
37.85,0,1000,"bu","14:00:50",3955200
37.8,-0.05,100,"sd","14:00:48",3954200
37.8,-0.05,100,"sd","14:00:38",3954100
37.8,-0.05,1700,"sd","14:00:36",3954000
37.8,-0.05,400,"sd","14:00:35",3952300
37.85,0,100,"bu","14:00:35",3951900
37.8,-0.05,800,"sd","14:00:29",3951800
37.8,-0.05,100,"sd","14:00:28",3951000
37.85,0,100,"bu","14:00:25",3950900
37.8,-0.05,100,"sd","14:00:21",3950800
37.8,-0.05,200,"sd","14:00:18",3950700
37.8,-0.05,100,"sd","14:00:17",3950500
37.8,-0.05,6800,"sd","14:00:07",3950400
37.8,-0.05,100,"sd","14:00:06",3943600
37.8,-0.05,200,"sd","13:59:57",3943500
37.8,-0.05,100,"sd","13:59:55",3943300
37.8,-0.05,1700,"sd","13:59:54",3943200
37.8,-0.05,100,"sd","13:59:45",3941500
37.8,-0.05,100,"sd","13:59:34",3941400
37.85,0,1200,"sd","13:59:33",3941300
37.85,0,200,"bu","13:59:28",3940100
37.85,0,700,"bu","13:59:26",3939900
37.85,0,200,"bu","13:59:24",3939200
37.8,-0.05,100,"sd","13:59:24",3939000
37.85,0,2000,"bu","13:59:19",3938900
37.85,0,900,"sd","13:59:12",3936900
37.85,0,100,"bu","13:59:06",3936000
37.85,0,100,"sd","13:59:02",3935900
37.9,0.05,1000,"bu","13:58:56",3935800
37.85,0,100,"sd","13:58:52",3934800
37.85,0,400,"sd","13:58:49",3934700
37.85,0,1000,"bu","13:58:48",3934300
37.8,-0.05,100,"sd","13:58:42",3933300
37.8,-0.05,1800,"sd","13:58:31",3933200
37.8,-0.05,100,"sd","13:58:29",3931400
37.8,-0.05,1000,"sd","13:58:23",3931300
37.8,-0.05,100,"sd","13:58:21",3930300
37.85,0,3000,"bu","13:58:20",3930200
37.8,-0.05,2100,"sd","13:58:18",3927200
37.8,-0.05,200,"sd","13:58:16",3925100
37.8,-0.05,600,"bu","13:58:14",3924900
37.75,-0.1,100,"sd","13:58:11",3924300
37.8,-0.05,1400,"sd","13:58:06",3924200
37.85,0,500,"bu","13:58:05",3922800
37.8,-0.05,100,"sd","13:58:01",3922300
37.85,0,1500,"bu","13:58:00",3922200
37.8,-0.05,500,"sd","13:57:54",3920700
37.8,-0.05,1800,"sd","13:57:50",3920200
37.8,-0.05,100,"sd","13:57:39",3918400
37.85,0,1500,"bu","13:57:33",3918300
37.8,-0.05,1300,"bu","13:57:32",3916800
37.8,-0.05,300,"bu","13:57:29",3915500
37.7,-0.15,100,"sd","13:57:28",3915200
37.7,-0.15,200,"sd","13:57:20",3915100
37.7,-0.15,100,"sd","13:57:19",3914900
37.8,-0.05,500,"bu","13:57:11",3914800
37.7,-0.15,1800,"sd","13:57:11",3914300
37.8,-0.05,500,"bu","13:57:11",3912500
37.8,-0.05,1000,"bu","13:57:10",3912000
37.8,-0.05,1000,"bu","13:57:00",3911000
37.7,-0.15,100,"sd","13:56:57",3910000
37.7,-0.15,100,"sd","13:56:47",3909900
37.7,-0.15,100,"sd","13:56:37",3909800
37.7,-0.15,1800,"sd","13:56:26",3909700
37.7,-0.15,2100,"bu","13:56:25",3907900
37.6,-0.25,400,"sd","13:56:24",3905800
37.55,-0.3,2200,"sd","13:55:47",3905400
37.55,-0.3,500,"sd","13:55:31",3903200
37.55,-0.3,300,"bu","13:55:31",3902700
37.55,-0.3,500,"bu","13:55:24",3902400
37.55,-0.3,500,"bu","13:55:22",3901900
37.5,-0.35,2100,"sd","13:55:16",3901400
37.5,-0.35,3300,"sd","13:55:08",3899300
37.5,-0.35,1700,"sd","13:55:04",3896000
37.55,-0.3,1000,"bu","13:55:04",3894300
37.5,-0.35,400,"sd","13:54:58",3893300
37.5,-0.35,5000,"bu","13:54:57",3892900
37.45,-0.4,300,"sd","13:54:56",3887900
37.5,-0.35,400,"bu","13:54:55",3887600
37.45,-0.4,2500,"sd","13:54:53",3887200
37.45,-0.4,1000,"sd","13:54:49",3884700
37.45,-0.4,600,"sd","13:54:45",3883700
37.5,-0.35,2000,"bu","13:54:43",3883100
37.45,-0.4,2300,"sd","13:54:40",3881100
37.5,-0.35,100,"bu","13:54:23",3878800
37.5,-0.35,2000,"bu","13:54:22",3878700
37.45,-0.4,1700,"sd","13:54:21",3876700
37.45,-0.4,300,"sd","13:54:20",3875000
37.5,-0.35,900,"sd","13:54:20",3874700
37.5,-0.35,500,"sd","13:54:19",3873800
37.5,-0.35,1600,"bu","13:54:16",3873300
37.5,-0.35,800,"bu","13:54:08",3871700
37.5,-0.35,2600,"sd","13:54:08",3870900
37.5,-0.35,500,"sd","13:54:07",3868300
37.55,-0.3,200,"bu","13:54:06",3867800
37.5,-0.35,10000,"sd","13:54:06",3867600
37.55,-0.3,700,"bu","13:53:58",3857600
37.55,-0.3,200,"bu","13:53:57",3856900
37.55,-0.3,100,"bu","13:53:54",3856700
37.5,-0.35,600,"sd","13:53:48",3856600
37.55,-0.3,2000,"bu","13:53:44",3856000
37.55,-0.3,1000,"bu","13:53:43",3854000
37.5,-0.35,1000,"sd","13:53:40",3853000
37.55,-0.3,1200,"bu","13:53:28",3852000
37.55,-0.3,100,"bu","13:53:21",3850800
37.5,-0.35,300,"sd","13:53:21",3850700
37.55,-0.3,100,"bu","13:53:19",3850400
37.5,-0.35,26100,"sd","13:53:19",3850300
37.55,-0.3,800,"bu","13:53:19",3824200
37.55,-0.3,500,"bu","13:53:18",3823400
37.55,-0.3,400,"bu","13:53:18",3822900
37.55,-0.3,1000,"sd","13:53:16",3822500
37.6,-0.25,100,"sd","13:53:16",3821500
37.6,-0.25,900,"bu","13:53:15",3821400
37.6,-0.25,1400,"bu","13:53:13",3820500
37.55,-0.3,100,"bu","13:53:13",3819100
37.55,-0.3,1600,"sd","13:53:13",3819000
37.55,-0.3,500,"sd","13:53:02",3817400
37.55,-0.3,100,"sd","13:53:00",3816900
37.6,-0.25,15800,"sd","13:52:59",3816800
37.65,-0.2,1200,"sd","13:52:59",3801000
37.65,-0.2,500,"sd","13:52:59",3799800
37.7,-0.15,1000,"bu","13:52:57",3799300
37.7,-0.15,6800,"sd","13:52:56",3798300
37.7,-0.15,100,"sd","13:52:55",3791500
37.7,-0.15,100,"bu","13:52:54",3791400
37.7,-0.15,4200,"sd","13:52:30",3791300
37.7,-0.15,11000,"sd","13:52:26",3787100
37.75,-0.1,10200,"sd","13:52:26",3776100
37.8,-0.05,1800,"sd","13:52:26",3765600
37.8,-0.05,20100,"sd","13:52:22",3763800
37.8,-0.05,6000,"sd","13:52:20",3743700
37.8,-0.05,1700,"sd","13:52:17",3737700
37.8,-0.05,100,"sd","13:52:17",3736000
37.85,0,300,"bu","13:52:17",3735900
37.85,0,18400,"sd","13:52:08",3735600
37.85,0,1000,"sd","13:52:04",3717200
37.85,0,100,"sd","13:52:01",3716200
37.85,0,100,"sd","13:51:51",3716100
37.9,0.05,12700,"sd","13:51:50",3716000
37.9,0.05,12000,"sd","13:51:41",3703300
37.9,0.05,100,"sd","13:51:40",3691300
37.9,0.05,1700,"sd","13:51:35",3691200
37.9,0.05,100,"sd","13:51:30",3689500
37.9,0.05,3500,"sd","13:51:30",3689400
37.95,0.1,1500,"bu","13:51:28",3685900
37.95,0.1,5000,"bu","13:51:26",3684400
37.9,0.05,100,"sd","13:51:19",3679400
37.95,0.1,5000,"bu","13:51:19",3679300
37.95,0.1,1000,"bu","13:51:17",3674300
37.9,0.05,1800,"sd","13:51:14",3673300
37.95,0.1,700,"bu","13:51:13",3671500
37.95,0.1,100,"sd","13:51:09",3670800
37.95,0.1,2000,"sd","13:51:05",3670700
37.95,0.1,1000,"sd","13:50:59",3668700
37.95,0.1,100,"sd","13:50:58",3667700
37.95,0.1,300,"sd","13:50:57",3667600
37.95,0.1,1700,"sd","13:50:54",3667300
37.95,0.1,100,"sd","13:50:48",3665600
37.95,0.1,100,"sd","13:50:37",3665500
37.95,0.1,100,"sd","13:50:27",3665400
37.95,0.1,900,"bu","13:50:16",3665300
37.95,0.1,200,"sd","13:50:15",3664400
37.95,0.1,1700,"sd","13:50:12",3664200
37.95,0.1,100,"sd","13:50:06",3662500
37.95,0.1,13500,"bu","13:49:57",3662400
37.9,0.05,1800,"sd","13:49:57",3648900
37.9,0.05,8200,"sd","13:49:56",3647100
37.9,0.05,100,"sd","13:49:56",3638900
37.9,0.05,500,"sd","13:49:49",3638800
37.9,0.05,100,"sd","13:49:45",3638300
37.9,0.05,100,"sd","13:49:35",3638200
37.9,0.05,1700,"sd","13:49:31",3638100
37.9,0.05,100,"sd","13:49:24",3636400
37.9,0.05,100,"sd","13:49:22",3636300
37.95,0.1,5700,"bu","13:49:17",3636200
37.9,0.05,100,"sd","13:49:14",3630500
37.95,0.1,700,"bu","13:49:10",3630400
37.95,0.1,10000,"bu","13:49:06",3629700
37.9,0.05,100,"sd","13:49:03",3619700
37.9,0.05,100,"sd","13:48:53",3619600
37.9,0.05,1700,"sd","13:48:49",3619500
37.9,0.05,100,"sd","13:48:43",3617800
37.9,0.05,100,"sd","13:48:32",3617700
37.9,0.05,100,"sd","13:48:22",3617600
37.9,0.05,100,"sd","13:48:11",3617500
37.95,0.1,300,"sd","13:48:07",3617400
37.95,0.1,100,"sd","13:48:01",3617100
37.95,0.1,7900,"sd","13:47:57",3617000
37.95,0.1,600,"sd","13:47:51",3609100
37.95,0.1,100,"sd","13:47:50",3608500
37.95,0.1,1000,"sd","13:47:40",3608400
37.95,0.1,100,"sd","13:47:39",3607400
37.95,0.1,400,"sd","13:47:37",3607300
37.95,0.1,100,"sd","13:47:37",3606900
37.95,0.1,200,"sd","13:47:36",3606800
37.95,0.1,100,"sd","13:47:30",3606600
37.95,0.1,1300,"sd","13:47:26",3606500
37.95,0.1,400,"sd","13:47:25",3605200
37.95,0.1,100,"sd","13:47:19",3604800
38,0.15,1700,"bu","13:47:17",3604700
38,0.15,1700,"bu","13:47:16",3603000
38,0.15,1700,"bu","13:47:16",3601300
37.95,0.1,800,"sd","13:47:10",3599600
37.95,0.1,100,"sd","13:47:09",3598800
38,0.15,700,"bu","13:47:06",3598700
38,0.15,1000,"bu","13:47:05",3598000
38,0.15,500,"bu","13:47:00",3597000
37.95,0.1,100,"sd","13:46:58",3596500
37.95,0.1,300,"sd","13:46:56",3596400
37.95,0.1,500,"sd","13:46:53",3596100
37.95,0.1,100,"sd","13:46:48",3595600
37.95,0.1,1700,"sd","13:46:43",3595500
37.95,0.1,100,"sd","13:46:36",3593800
37.95,0.1,500,"sd","13:46:27",3593700
37.95,0.1,100,"sd","13:46:26",3593200
37.95,0.1,2400,"sd","13:46:24",3593100
37.95,0.1,600,"sd","13:46:23",3590700
37.95,0.1,2000,"sd","13:46:16",3590100
37.95,0.1,100,"sd","13:46:15",3588100
37.95,0.1,1500,"sd","13:46:13",3588000
37.95,0.1,300,"sd","13:46:11",3586500
37.95,0.1,5000,"sd","13:46:08",3586200
37.95,0.1,100,"sd","13:46:05",3581200
37.95,0.1,1700,"sd","13:46:03",3581100
37.95,0.1,100,"sd","13:45:55",3579400
37.95,0.1,500,"sd","13:45:48",3579300
37.95,0.1,2000,"sd","13:45:45",3578800
37.95,0.1,100,"sd","13:45:44",3576800
37.95,0.1,1000,"sd","13:45:42",3576700
37.95,0.1,500,"sd","13:45:41",3575700
37.95,0.1,2000,"sd","13:45:39",3575200
37.95,0.1,100,"sd","13:45:33",3573200
37.95,0.1,100,"sd","13:45:23",3573100
37.95,0.1,1700,"sd","13:45:20",3573000
37.95,0.1,100,"sd","13:45:13",3571300
37.95,0.1,1000,"sd","13:45:11",3571200
37.95,0.1,100,"sd","13:45:03",3570200
37.95,0.1,6000,"sd","13:45:02",3570100
37.95,0.1,100,"sd","13:44:52",3564100
37.95,0.1,100,"sd","13:44:41",3564000
37.95,0.1,500,"sd","13:44:40",3563900
37.95,0.1,1700,"sd","13:44:40",3563400
37.95,0.1,4000,"sd","13:44:37",3561700
37.95,0.1,100,"sd","13:44:30",3557700
37.95,0.1,500,"sd","13:44:25",3557600
37.95,0.1,100,"sd","13:44:24",3557100
37.95,0.1,100,"sd","13:44:20",3557000
37.95,0.1,100,"sd","13:44:20",3556900
37.95,0.1,5000,"sd","13:44:18",3556800
37.95,0.1,100,"sd","13:44:09",3551800
37.95,0.1,500,"sd","13:44:05",3551700
37.95,0.1,100,"sd","13:43:59",3551200
37.95,0.1,1700,"sd","13:43:57",3551100
37.95,0.1,100,"sd","13:43:50",3549400
37.95,0.1,100,"sd","13:43:37",3549300
37.95,0.1,100,"sd","13:43:27",3549200
38,0.15,1000,"bu","13:43:27",3549100
38,0.15,300,"bu","13:43:23",3548100
37.95,0.1,1700,"sd","13:43:16",3547800
37.95,0.1,100,"sd","13:43:16",3546100
38,0.15,200,"sd","13:43:09",3546000
38,0.15,2500,"sd","13:43:08",3545800
38.05,0.2,500,"bu","13:43:05",3543300
38,0.15,100,"sd","13:43:05",3542800
38,0.15,11500,"sd","13:43:03",3542700
38,0.15,6200,"sd","13:43:03",3531200
38,0.15,1500,"sd","13:43:00",3525000
38,0.15,1000,"sd","13:42:55",3523500
38,0.15,100,"sd","13:42:54",3522500
38,0.15,600,"sd","13:42:50",3522400
38,0.15,9000,"sd","13:42:47",3521800
38.05,0.2,500,"bu","13:42:46",3512800
38,0.15,100,"sd","13:42:44",3512300
38.05,0.2,1000,"bu","13:42:38",3512200
38.05,0.2,1000,"bu","13:42:36",3511200
38,0.15,1700,"sd","13:42:35",3510200
38,0.15,700,"sd","13:42:34",3508500
38,0.15,500,"sd","13:42:25",3507800
38,0.15,100,"sd","13:42:24",3507300
38,0.15,100,"sd","13:42:13",3507200
38,0.15,100,"sd","13:42:02",3507100
38,0.15,100,"sd","13:41:53",3507000
38.05,0.2,1000,"bu","13:41:50",3506900
38.05,0.2,100,"bu","13:41:44",3505900
38,0.15,600,"sd","13:41:42",3505800
38,0.15,100,"sd","13:41:32",3505200
38,0.15,100,"sd","13:41:22",3505100
38,0.15,1000,"sd","13:41:16",3505000
38,0.15,1700,"sd","13:41:12",3504000
38,0.15,100,"sd","13:41:10",3502300
38,0.15,100,"sd","13:41:00",3502200
38,0.15,600,"sd","13:40:50",3502100
38,0.15,100,"sd","13:40:39",3501500
38,0.15,100,"sd","13:40:36",3501400
38,0.15,1700,"sd","13:40:30",3501300
38,0.15,100,"sd","13:40:28",3499600
38.05,0.2,100,"bu","13:40:23",3499500
38,0.15,100,"sd","13:40:17",3499400
38,0.15,300,"sd","13:40:16",3499300
38,0.15,100,"sd","13:40:07",3499000
38,0.15,500,"sd","13:39:58",3498900
38,0.15,100,"sd","13:39:57",3498400
38,0.15,1700,"sd","13:39:49",3498300
38,0.15,100,"sd","13:39:46",3496600
38.05,0.2,1000,"bu","13:39:44",3496500
38.05,0.2,100,"bu","13:39:37",3495500
38,0.15,100,"sd","13:39:36",3495400
38.05,0.2,700,"bu","13:39:34",3495300
38.05,0.2,100,"bu","13:39:27",3494600
38.05,0.2,1000,"bu","13:39:25",3494500
38,0.15,100,"sd","13:39:25",3493500
38.05,0.2,100,"bu","13:39:19",3493400
38,0.15,100,"sd","13:39:15",3493300
38,0.15,2700,"sd","13:39:06",3493200
38,0.15,600,"sd","13:39:05",3490500
38.05,0.2,1000,"bu","13:39:01",3489900
38.05,0.2,100,"bu","13:38:59",3488900
38,0.15,2000,"sd","13:38:57",3488800
38,0.15,100,"sd","13:38:54",3486800
38,0.15,200,"sd","13:38:46",3486700
38,0.15,100,"sd","13:38:44",3486500
38,0.15,600,"sd","13:38:35",3486400
38,0.15,100,"sd","13:38:33",3485800
38,0.15,1700,"sd","13:38:26",3485700
38,0.15,100,"sd","13:38:23",3484000
38,0.15,600,"sd","13:38:13",3483900
38,0.15,100,"sd","13:38:12",3483300
38,0.15,100,"sd","13:38:02",3483200
38,0.15,100,"sd","13:37:58",3483100
38,0.15,100,"sd","13:37:52",3483000
38.05,0.2,1000,"bu","13:37:50",3482900
38,0.15,1700,"sd","13:37:44",3481900
38,0.15,100,"sd","13:37:41",3480200
38.05,0.2,2500,"bu","13:37:35",3480100
38,0.15,100,"sd","13:37:30",3477600
38,0.15,600,"sd","13:37:21",3477500
38,0.15,100,"sd","13:37:20",3476900
38,0.15,500,"sd","13:37:13",3476800
38,0.15,100,"sd","13:37:10",3476300
38,0.15,300,"sd","13:37:03",3476200
38,0.15,1700,"sd","13:37:02",3475900
38,0.15,100,"sd","13:36:59",3474200
38,0.15,300,"sd","13:36:52",3474100
38,0.15,100,"sd","13:36:50",3473800
38,0.15,1100,"sd","13:36:38",3473700
38,0.15,600,"sd","13:36:29",3472600
38,0.15,100,"sd","13:36:27",3472000
38,0.15,1700,"sd","13:36:21",3471900
38,0.15,100,"sd","13:36:17",3470200
38.05,0.2,700,"bu","13:36:13",3470100
38,0.15,100,"sd","13:36:08",3469400
38,0.15,100,"sd","13:36:07",3469300
38,0.15,100,"sd","13:35:56",3469200
38,0.15,100,"sd","13:35:46",3469100
38,0.15,1700,"sd","13:35:38",3469000
38,0.15,600,"sd","13:35:37",3467300
38,0.15,100,"sd","13:35:36",3466700
38,0.15,100,"sd","13:35:25",3466600
38,0.15,100,"sd","13:35:15",3466500
38,0.15,300,"sd","13:35:13",3466400
38,0.15,200,"sd","13:35:12",3466100
38,0.15,100,"sd","13:35:04",3465900
38,0.15,1700,"sd","13:34:58",3465800
38,0.15,100,"sd","13:34:54",3464100
38,0.15,600,"sd","13:34:45",3464000
38,0.15,100,"sd","13:34:43",3463400
38.05,0.2,2000,"bu","13:34:42",3463300
38,0.15,100,"sd","13:34:32",3461300
38,0.15,100,"sd","13:34:23",3461200
38,0.15,1700,"sd","13:34:16",3461100
38,0.15,100,"sd","13:34:11",3459400
38.05,0.2,9700,"bu","13:34:09",3459300
38.05,0.2,300,"bu","13:34:09",3449600
38,0.15,100,"sd","13:34:00",3449300
38,0.15,600,"sd","13:33:54",3449200
38,0.15,100,"sd","13:33:50",3448600
38,0.15,100,"bu","13:33:40",3448500
37.95,0.1,100,"sd","13:33:40",3448400
37.95,0.1,1700,"sd","13:33:33",3448300
37.95,0.1,100,"sd","13:33:29",3446600
38,0.15,1300,"bu","13:33:26",3446500
38,0.15,700,"bu","13:33:25",3445200
38,0.15,1000,"bu","13:33:24",3444500
38,0.15,100,"bu","13:33:21",3443500
37.95,0.1,100,"sd","13:33:19",3443400
38,0.15,200,"bu","13:33:16",3443300
38,0.15,1800,"bu","13:33:15",3443100
37.95,0.1,100,"sd","13:33:09",3441300
37.95,0.1,100,"sd","13:32:58",3441200
37.95,0.1,1700,"sd","13:32:53",3441100
37.95,0.1,100,"sd","13:32:47",3439400
38,0.15,700,"bu","13:32:44",3439300
38,0.15,800,"bu","13:32:40",3438600
38,0.15,2000,"bu","13:32:38",3437800
38,0.15,10000,"bu","13:32:38",3435800
37.95,0.1,100,"sd","13:32:36",3425800
38,0.15,1000,"bu","13:32:36",3425700
38,0.15,10000,"bu","13:32:35",3424700
38,0.15,1000,"bu","13:32:32",3414700
37.95,0.1,100,"sd","13:32:26",3413700
38,0.15,100,"bu","13:32:21",3413600
38,0.15,5000,"bu","13:32:21",3413500
38,0.15,1500,"bu","13:32:20",3408500
38,0.15,500,"bu","13:32:16",3407000
37.95,0.1,100,"sd","13:32:16",3406500
38,0.15,1000,"bu","13:32:12",3406400
37.95,0.1,1700,"sd","13:32:11",3405400
38,0.15,300,"bu","13:32:10",3403700
37.95,0.1,100,"sd","13:32:05",3403400
37.95,0.1,100,"sd","13:31:55",3403300
37.95,0.1,300,"sd","13:31:51",3403200
37.95,0.1,100,"sd","13:31:44",3402900
37.95,0.1,100,"sd","13:31:33",3402800
38,0.15,400,"bu","13:31:26",3402700
38,0.15,1000,"bu","13:31:23",3402300
37.95,0.1,100,"sd","13:31:23",3401300
38,0.15,700,"bu","13:31:21",3401200
38,0.15,600,"bu","13:31:16",3400500
37.95,0.1,100,"sd","13:31:12",3399900
38,0.15,100,"bu","13:31:11",3399800
37.95,0.1,300,"sd","13:31:10",3399700
37.95,0.1,100,"sd","13:31:01",3399400
38,0.15,1000,"bu","13:30:59",3399300
38,0.15,1000,"bu","13:30:53",3398300
37.95,0.1,100,"sd","13:30:51",3397300
37.95,0.1,1700,"sd","13:30:48",3397200
37.95,0.1,100,"sd","13:30:42",3395500
37.95,0.1,100,"sd","13:30:31",3395400
37.95,0.1,1400,"sd","13:30:27",3395300
37.95,0.1,100,"sd","13:30:21",3393900
37.95,0.1,100,"sd","13:30:10",3393800
37.95,0.1,1700,"sd","13:30:06",3393700
37.95,0.1,100,"sd","13:30:00",3392000
37.95,0.1,100,"sd","13:29:49",3391900
38,0.15,4100,"bu","13:29:48",3391800
37.95,0.1,100,"sd","13:29:38",3387700
37.95,0.1,100,"sd","13:29:28",3387600
38,0.15,1000,"bu","13:29:23",3387500
38,0.15,5000,"bu","13:29:22",3386500
37.95,0.1,100,"sd","13:29:22",3381500
37.95,0.1,100,"sd","13:29:18",3381400
37.95,0.1,100,"sd","13:29:08",3381300
37.95,0.1,2300,"sd","13:29:04",3381200
37.95,0.1,6000,"sd","13:29:02",3378900
37.95,0.1,100,"sd","13:28:57",3372900
37.95,0.1,600,"sd","13:28:53",3372800
37.95,0.1,100,"sd","13:28:47",3372200
37.95,0.1,1700,"sd","13:28:42",3372100
37.95,0.1,100,"sd","13:28:37",3370400
37.95,0.1,100,"sd","13:28:26",3370300
37.95,0.1,100,"sd","13:28:16",3370200
37.95,0.1,100,"sd","13:28:05",3370100
37.95,0.1,1700,"sd","13:28:01",3370000
37.95,0.1,100,"sd","13:27:59",3368300
37.95,0.1,100,"sd","13:27:55",3368200
38,0.15,100,"bu","13:27:50",3368100
37.95,0.1,100,"sd","13:27:44",3368000
37.95,0.1,1100,"sd","13:27:40",3367900
37.95,0.1,100,"sd","13:27:35",3366800
37.95,0.1,100,"sd","13:27:24",3366700
37.95,0.1,1700,"sd","13:27:19",3366600
37.95,0.1,100,"sd","13:27:13",3364900
37.95,0.1,900,"sd","13:27:12",3364800
37.95,0.1,5100,"sd","13:27:11",3363900
37.95,0.1,1000,"sd","13:27:08",3358800
37.95,0.1,100,"sd","13:27:03",3357800
37.95,0.1,100,"sd","13:26:52",3357700
37.95,0.1,100,"sd","13:26:42",3357600
37.95,0.1,1700,"sd","13:26:39",3357500
37.95,0.1,100,"sd","13:26:32",3355800
37.95,0.1,100,"sd","13:26:22",3355700
37.95,0.1,5000,"sd","13:26:11",3355600
37.95,0.1,100,"sd","13:26:11",3350600
37.95,0.1,100,"sd","13:26:01",3350500
37.95,0.1,1700,"sd","13:25:56",3350400
37.95,0.1,100,"sd","13:25:50",3348700
38,0.15,1000,"bu","13:25:46",3348600
38,0.15,1000,"bu","13:25:42",3347600
37.95,0.1,100,"sd","13:25:39",3346600
37.95,0.1,100,"sd","13:25:28",3346500
37.95,0.1,100,"sd","13:25:18",3346400
37.95,0.1,1700,"sd","13:25:16",3346300
37.95,0.1,100,"sd","13:25:07",3344600
37.95,0.1,100,"sd","13:24:57",3344500
37.95,0.1,15000,"sd","13:24:55",3344400
37.95,0.1,500,"sd","13:24:51",3329400
37.95,0.1,100,"sd","13:24:47",3328900
37.95,0.1,1500,"sd","13:24:42",3328800
37.95,0.1,100,"sd","13:24:36",3327300
37.95,0.1,1700,"sd","13:24:34",3327200
37.95,0.1,100,"sd","13:24:29",3325500
37.95,0.1,600,"sd","13:24:25",3325400
37.95,0.1,100,"sd","13:24:14",3324800
37.95,0.1,5500,"sd","13:24:08",3324700
37.95,0.1,400,"sd","13:24:05",3319200
37.95,0.1,100,"sd","13:24:03",3318800
37.95,0.1,500,"sd","13:24:00",3318700
37.95,0.1,100,"sd","13:23:53",3318200
37.95,0.1,1700,"sd","13:23:52",3318100
37.95,0.1,100,"sd","13:23:42",3316400
37.95,0.1,100,"sd","13:23:31",3316300
37.95,0.1,1000,"sd","13:23:28",3316200
37.95,0.1,1300,"bu","13:23:26",3315200
37.95,0.1,1900,"sd","13:23:23",3313900
37.95,0.1,100,"sd","13:23:21",3312000
37.95,0.1,1100,"bu","13:23:12",3311900
37.95,0.1,700,"sd","13:23:10",3310800
37.95,0.1,1500,"sd","13:23:06",3310100
37.95,0.1,100,"sd","13:23:00",3308600
37.95,0.1,500,"sd","13:22:58",3308500
37.95,0.1,2900,"sd","13:22:58",3308000
37.95,0.1,6000,"bu","13:22:55",3305100
37.9,0.05,2500,"sd","13:22:50",3299100
37.9,0.05,100,"sd","13:22:49",3296600
37.9,0.05,100,"sd","13:22:39",3296500
37.9,0.05,100,"sd","13:22:28",3296400
37.95,0.1,700,"bu","13:22:28",3296300
37.95,0.1,1700,"bu","13:22:21",3295600
37.9,0.05,100,"sd","13:22:18",3293900
37.9,0.05,500,"sd","13:22:14",3293800
37.95,0.1,2800,"bu","13:22:14",3293300
37.95,0.1,200,"bu","13:22:11",3290500
37.9,0.05,100,"sd","13:22:10",3290300
37.9,0.05,900,"sd","13:22:06",3290200
37.9,0.05,100,"sd","13:21:57",3289300
37.95,0.1,2000,"bu","13:21:56",3289000
37.9,0.05,1700,"sd","13:21:47",3287000
37.9,0.05,100,"sd","13:21:46",3285300
37.9,0.05,100,"sd","13:21:35",3285200
37.95,0.1,2000,"bu","13:21:35",3285100
37.9,0.05,100,"sd","13:21:25",3283100
37.9,0.05,100,"sd","13:21:15",3283000
37.9,0.05,1700,"sd","13:21:06",3282900
37.9,0.05,100,"sd","13:21:04",3281200
37.9,0.05,100,"sd","13:20:54",3281100
37.95,0.1,300,"bu","13:20:53",3281000
37.9,0.05,100,"sd","13:20:44",3280700
37.9,0.05,100,"sd","13:20:33",3280600
37.95,0.1,1000,"bu","13:20:33",3280500
37.95,0.1,3600,"sd","13:20:28",3279500
37.95,0.1,5000,"sd","13:20:27",3275900
37.95,0.1,9000,"sd","13:20:25",3270900
37.95,0.1,1700,"sd","13:20:24",3261900
37.95,0.1,100,"sd","13:20:23",3260200
37.95,0.1,5000,"sd","13:20:17",3260100
37.95,0.1,5000,"sd","13:20:15",3255100
37.95,0.1,100,"sd","13:20:13",3250100
37.95,0.1,200,"sd","13:20:09",3250000
37.95,0.1,6700,"sd","13:20:04",3249800
37.95,0.1,100,"sd","13:20:02",3243100
37.95,0.1,100,"sd","13:19:57",3243000
37.95,0.1,100,"sd","13:19:52",3242900
37.95,0.1,1700,"sd","13:19:42",3242800
37.95,0.1,100,"sd","13:19:41",3241100
37.95,0.1,200,"sd","13:19:38",3241000
37.95,0.1,100,"sd","13:19:31",3240800
37.95,0.1,100,"sd","13:19:20",3240700
37.95,0.1,100,"sd","13:19:10",3240600
37.95,0.1,500,"sd","13:19:04",3240500
37.95,0.1,1700,"sd","13:19:01",3240000
37.95,0.1,100,"sd","13:18:59",3238300
37.95,0.1,100,"sd","13:18:48",3238200
37.95,0.1,100,"sd","13:18:38",3238100
37.95,0.1,6000,"sd","13:18:33",3238000
37.95,0.1,7500,"sd","13:18:32",3232000
37.95,0.1,100,"sd","13:18:27",3224500
38,0.15,200,"bu","13:18:24",3224400
37.95,0.1,1700,"sd","13:18:20",3224200
37.95,0.1,100,"sd","13:18:16",3222500
38,0.15,300,"bu","13:18:15",3222400
38,0.15,10000,"bu","13:18:09",3222100
37.95,0.1,100,"sd","13:18:06",3212100
37.95,0.1,100,"sd","13:17:55",3212000
37.95,0.1,100,"sd","13:17:44",3211900
37.95,0.1,1800,"sd","13:17:38",3211800
37.95,0.1,100,"sd","13:17:34",3210000
37.95,0.1,100,"sd","13:17:23",3209900
37.95,0.1,100,"sd","13:17:13",3209800
37.95,0.1,100,"sd","13:17:02",3209700
38,0.15,700,"bu","13:16:58",3209600
38,0.15,1000,"sd","13:16:56",3208900
38,0.15,500,"sd","13:16:52",3207900
38,0.15,100,"sd","13:16:51",3207400
38,0.15,1100,"sd","13:16:44",3207300
38,0.15,100,"sd","13:16:40",3206200
38,0.15,200,"bu","13:16:32",3206100
38,0.15,500,"sd","13:16:30",3205900
38,0.15,100,"sd","13:16:30",3205400
38,0.15,100,"sd","13:16:18",3205300
37.95,0.1,900,"sd","13:16:17",3205200
38,0.15,600,"sd","13:16:17",3204300
38,0.15,1800,"sd","13:16:15",3203700
38,0.15,100,"sd","13:16:09",3201900
37.95,0.1,700,"sd","13:16:05",3201800
38,0.15,1300,"sd","13:16:05",3201100
38,0.15,100,"sd","13:15:57",3199800
38,0.15,100,"sd","13:15:47",3199700
38,0.15,2100,"bu","13:15:38",3199600
37.95,0.1,100,"sd","13:15:37",3197500
37.95,0.1,1800,"sd","13:15:34",3197400
37.95,0.1,100,"sd","13:15:26",3195600
37.95,0.1,100,"sd","13:15:15",3195500
38,0.15,10000,"bu","13:15:11",3195400
37.95,0.1,100,"sd","13:15:04",3185400
37.95,0.1,100,"sd","13:14:54",3185300
38,0.15,500,"bu","13:14:47",3185200
37.95,0.1,100,"sd","13:14:44",3184700
37.95,0.1,100,"sd","13:14:43",3184600
37.95,0.1,100,"sd","13:14:33",3184500
37.95,0.1,100,"bu","13:14:25",3184400
37.95,0.1,1900,"sd","13:14:23",3184300
37.95,0.1,300,"sd","13:14:22",3182400
37.95,0.1,100,"sd","13:14:12",3182100
37.95,0.1,1800,"sd","13:14:10",3182000
37.95,0.1,100,"sd","13:14:01",3180200
37.95,0.1,100,"sd","13:13:50",3180100
37.95,0.1,100,"sd","13:13:40",3180000
37.95,0.1,1900,"sd","13:13:29",3179900
37.95,0.1,100,"sd","13:13:19",3178000
38,0.15,3000,"bu","13:13:16",3177900
37.95,0.1,100,"sd","13:13:08",3174900
37.95,0.1,100,"sd","13:12:57",3174800
38,0.15,200,"bu","13:12:55",3174700
38,0.15,1000,"bu","13:12:55",3174500
38,0.15,700,"bu","13:12:53",3173500
38,0.15,700,"sd","13:12:49",3172800
38,0.15,1800,"sd","13:12:47",3172100
38,0.15,100,"sd","13:12:46",3170300
38,0.15,4800,"sd","13:12:44",3170200
38,0.15,2200,"sd","13:12:43",3165400
38,0.15,1500,"sd","13:12:37",3163200
38,0.15,100,"sd","13:12:35",3161700
38,0.15,100,"sd","13:12:24",3161600
38,0.15,2000,"sd","13:12:19",3161500
38,0.15,10000,"sd","13:12:16",3159500
38,0.15,100,"sd","13:12:14",3149500
38,0.15,5700,"sd","13:12:10",3149400
38,0.15,1800,"sd","13:12:06",3143700
38,0.15,10100,"sd","13:12:03",3141900
38,0.15,100,"sd","13:11:52",3131800
38,0.15,10000,"sd","13:11:44",3131700
38,0.15,100,"sd","13:11:42",3121700
38,0.15,100,"sd","13:11:31",3121600
38.05,0.2,700,"bu","13:11:30",3121500
38.05,0.2,10800,"sd","13:11:25",3120800
38.05,0.2,1800,"sd","13:11:24",3110000
38.05,0.2,1200,"sd","13:11:22",3108200
38.05,0.2,100,"sd","13:11:21",3107000
38.05,0.2,700,"sd","13:11:18",3106900
38.05,0.2,100,"sd","13:11:11",3106200
38.05,0.2,100,"sd","13:11:00",3106100
38.1,0.25,1000,"bu","13:10:55",3106000
38.1,0.25,1700,"bu","13:10:50",3105000
38.05,0.2,100,"sd","13:10:49",3103300
38.05,0.2,1800,"sd","13:10:42",3103200
38.05,0.2,100,"sd","13:10:39",3101400
38.05,0.2,100,"sd","13:10:29",3101300
38.05,0.2,600,"sd","13:10:25",3101200
38.05,0.2,100,"sd","13:10:18",3100600
38.05,0.2,100,"sd","13:10:08",3100500
38.05,0.2,1300,"bu","13:10:07",3100400
38.05,0.2,500,"sd","13:10:01",3099100
38.05,0.2,1700,"sd","13:09:59",3098600
38.05,0.2,100,"sd","13:09:57",3096900
38.1,0.25,100,"bu","13:09:47",3096800
38.05,0.2,100,"sd","13:09:46",3096700
38.1,0.25,500,"bu","13:09:45",3096600
38.05,0.2,8100,"sd","13:09:40",3096100
38.05,0.2,100,"sd","13:09:35",3088000
38.05,0.2,700,"sd","13:09:33",3087900
38.05,0.2,100,"sd","13:09:25",3087200
38.05,0.2,1800,"bu","13:09:23",3087100
38.05,0.2,100,"sd","13:09:18",3085300
38.05,0.2,900,"bu","13:09:18",3085200
38.05,0.2,2000,"bu","13:09:17",3084300
38,0.15,100,"sd","13:09:14",3082300
38.05,0.2,1000,"bu","13:09:13",3082200
38.05,0.2,100,"bu","13:09:10",3081200
38,0.15,100,"sd","13:09:04",3081100
38,0.15,100,"sd","13:08:54",3081000
38,0.15,100,"sd","13:08:43",3080900
38,0.15,700,"sd","13:08:41",3080800
38,0.15,1800,"sd","13:08:37",3080100
38,0.15,100,"sd","13:08:32",3078300
38,0.15,500,"sd","13:08:23",3078200
38,0.15,100,"sd","13:08:21",3077700
38,0.15,500,"sd","13:08:16",3077600
38.05,0.2,100,"bu","13:08:14",3077100
38,0.15,100,"sd","13:08:11",3077000
38.05,0.2,2000,"bu","13:08:07",3076900
38,0.15,3000,"sd","13:08:00",3074900
38.05,0.2,100,"bu","13:07:54",3071900
38.05,0.2,600,"bu","13:07:51",3071800
38,0.15,100,"sd","13:07:50",3071200
38.05,0.2,10000,"bu","13:07:49",3071100
38,0.15,600,"sd","13:07:49",3061100
38,0.15,100,"sd","13:07:39",3060500
38.05,0.2,300,"bu","13:07:34",3060400
38.05,0.2,9700,"bu","13:07:33",3060100
38,0.15,100,"sd","13:07:32",3050400
38,0.15,100,"sd","13:07:29",3050300
38.05,0.2,2000,"bu","13:07:25",3050200
38,0.15,100,"sd","13:07:18",3048200
38,0.15,1800,"sd","13:07:15",3048100
38,0.15,100,"sd","13:07:08",3046300
38,0.15,700,"sd","13:06:57",3046200
38,0.15,100,"sd","13:06:56",3045500
38,0.15,100,"sd","13:06:47",3045400
38,0.15,100,"sd","13:06:36",3045300
38,0.15,100,"sd","13:06:33",3045200
38.05,0.2,1000,"bu","13:06:30",3045100
38,0.15,100,"sd","13:06:25",3044100
38,0.15,100,"sd","13:06:22",3044000
38,0.15,100,"sd","13:06:14",3043900
38,0.15,700,"sd","13:06:06",3043800
38,0.15,100,"sd","13:06:04",3043100
38,0.15,100,"sd","13:05:53",3043000
38,0.15,800,"bu","13:05:52",3042900
38,0.15,1000,"sd","13:05:50",3042100
38,0.15,100,"sd","13:05:41",3041100
38,0.15,200,"sd","13:05:38",3041000
38,0.15,1000,"sd","13:05:32",3040800
38,0.15,100,"sd","13:05:31",3039800
38,0.15,100,"sd","13:05:20",3039700
38,0.15,200,"bu","13:05:17",3039600
38,0.15,5000,"bu","13:05:15",3039400
37.95,0.1,1900,"sd","13:05:15",3034400
37.95,0.1,1400,"bu","13:05:03",3032500
37.9,0.05,100,"sd","13:04:59",3031100
37.9,0.05,5000,"sd","13:04:54",3031000
37.95,0.1,1000,"bu","13:04:53",3026000
37.9,0.05,1000,"sd","13:04:51",3025000
37.9,0.05,100,"sd","13:04:49",3024000
37.95,0.1,100,"bu","13:04:45",3023900
37.9,0.05,100,"sd","13:04:38",3023800
37.9,0.05,100,"sd","13:04:28",3023700
37.95,0.1,5900,"sd","13:04:22",3023600
37.95,0.1,900,"sd","13:04:21",3017700
37.95,0.1,100,"sd","13:04:18",3016800
37.95,0.1,100,"sd","13:04:07",3016700
37.95,0.1,1000,"sd","13:04:05",3016600
37.95,0.1,100,"sd","13:03:58",3015600
37.9,0.05,1900,"sd","13:03:47",3015500
37.9,0.05,500,"sd","13:03:42",3013600
37.9,0.05,6500,"sd","13:03:40",3013100
37.9,0.05,100,"sd","13:03:37",3006600
37.9,0.05,100,"sd","13:03:34",3006500
37.9,0.05,200,"sd","13:03:32",3006400
37.9,0.05,100,"sd","13:03:27",3006200
38.05,0.2,1700,"bu","13:03:27",3006100
38,0.15,700,"bu","13:03:27",3004400
38,0.15,10600,"bu","13:03:27",3003700
37.9,0.05,14300,"sd","13:03:20",2993100
37.95,0.1,20000,"sd","13:03:20",2978800
37.95,0.1,300,"sd","13:03:18",2958800
37.95,0.1,100,"sd","13:03:16",2958500
37.95,0.1,100,"sd","13:03:06",2958400
38,0.15,2400,"bu","13:03:05",2958300
37.95,0.1,1800,"sd","13:03:05",2955900
37.95,0.1,100,"sd","13:02:55",2954100
37.95,0.1,100,"sd","13:02:45",2954000
37.95,0.1,100,"sd","13:02:35",2953900
37.95,0.1,300,"sd","13:02:31",2953800
38,0.15,900,"bu","13:02:29",2953500
38,0.15,2000,"bu","13:02:26",2952600
37.95,0.1,100,"sd","13:02:25",2950600
37.95,0.1,1800,"sd","13:02:24",2950500
37.95,0.1,100,"sd","13:02:23",2948700
37.95,0.1,1000,"sd","13:02:16",2948600
37.95,0.1,100,"sd","13:02:14",2947600
37.95,0.1,500,"sd","13:02:08",2947500
37.95,0.1,100,"sd","13:02:03",2947000
37.95,0.1,500,"sd","13:02:01",2946900
37.95,0.1,100,"sd","13:01:53",2946400
37.95,0.1,5000,"sd","13:01:52",2946300
37.95,0.1,400,"sd","13:01:48",2941300
37.95,0.1,500,"sd","13:01:46",2940900
37.95,0.1,100,"sd","13:01:42",2940400
37.95,0.1,1800,"sd","13:01:42",2940300
37.95,0.1,2000,"sd","13:01:36",2938500
37.95,0.1,100,"sd","13:01:34",2936500
38,0.15,100,"bu","13:01:34",2936400
37.95,0.1,100,"sd","13:01:21",2936300
37.95,0.1,100,"sd","13:01:18",2936200
37.95,0.1,8100,"sd","13:01:16",2936100
37.95,0.1,800,"sd","13:01:13",2928000
38,0.15,700,"bu","13:01:13",2927200
37.95,0.1,100,"sd","13:01:10",2926500
37.95,0.1,100,"sd","13:01:00",2926400
37.95,0.1,300,"sd","13:00:58",2926300
38,0.15,3400,"sd","13:00:55",2926000
38,0.15,30000,"sd","13:00:54",2922600
38.05,0.2,700,"bu","13:00:54",2892600
38,0.15,3300,"sd","13:00:52",2891900
38.05,0.2,16700,"sd","13:00:52",2888600
38.05,0.2,1500,"sd","13:00:51",2871900
38.1,0.25,100,"bu","13:00:51",2870400
38.1,0.25,9400,"sd","13:00:50",2870300
38.1,0.25,300,"sd","13:00:49",2860900
38.1,0.25,1100,"sd","13:00:49",2860600
38.1,0.25,400,"sd","13:00:48",2859500
38.1,0.25,1000,"sd","13:00:47",2859100
38.1,0.25,200,"sd","13:00:46",2858100
38.1,0.25,300,"sd","13:00:46",2857900
38.1,0.25,5000,"sd","13:00:43",2857600
38.1,0.25,1300,"sd","13:00:41",2852600
38.1,0.25,2000,"sd","13:00:20",2851300
38.1,0.25,2100,"sd","13:00:14",2849300
38.1,0.25,1000,"sd","13:00:03",2847200
38.15,0.3,100,"bu","13:00:03",2846200
38.1,0.25,200,"sd","13:00:03",2846100
38.1,0.25,1500,"sd","11:29:54",2845900
38.1,0.25,5000,"sd","11:29:49",2844400
38.1,0.25,2500,"sd","11:29:48",2839400
38.1,0.25,1700,"sd","11:29:41",2836900
38.1,0.25,50000,"sd","11:29:40",2835200
38.15,0.3,49500,"sd","11:29:20",2785200
38.15,0.3,9000,"sd","11:29:14",2735700
38.2,0.35,700,"bu","11:29:11",2726700
38.2,0.35,400,"bu","11:29:05",2726000
38.2,0.35,10000,"bu","11:28:53",2725600
38.15,0.3,100,"sd","11:28:52",2715600
38.15,0.3,100,"sd","11:28:41",2715500
38.15,0.3,1000,"sd","11:28:33",2715400
38.15,0.3,100,"sd","11:28:31",2714400
38.2,0.35,700,"bu","11:28:30",2714300
38.2,0.35,900,"bu","11:28:28",2713600
38.2,0.35,100,"sd","11:28:21",2712700
38.2,0.35,3900,"sd","11:28:19",2712600
38.2,0.35,1800,"sd","11:28:14",2708700
38.2,0.35,100,"sd","11:28:11",2706900
38.25,0.4,200,"bu","11:28:04",2706800
38.2,0.35,2000,"sd","11:28:03",2706600
38.25,0.4,400,"bu","11:28:00",2704600
38.2,0.35,100,"sd","11:28:00",2704200
38.2,0.35,30000,"sd","11:27:57",2704100
38.2,0.35,100,"sd","11:27:49",2674100
38.25,0.4,700,"bu","11:27:48",2674000
38.25,0.4,500,"bu","11:27:45",2673300
38.25,0.4,12700,"sd","11:27:43",2672800
38.25,0.4,100,"sd","11:27:38",2660100
38.25,0.4,1800,"sd","11:27:33",2660000
38.25,0.4,100,"sd","11:27:28",2658200
38.3,0.45,300,"bu","11:27:19",2658100
38.25,0.4,100,"sd","11:27:18",2657800
38.25,0.4,100,"sd","11:27:13",2657700
38.25,0.4,100,"sd","11:27:08",2657600
38.25,0.4,10000,"sd","11:27:07",2657500
38.25,0.4,100,"sd","11:26:56",2647500
38.25,0.4,500,"sd","11:26:53",2647400
38.25,0.4,1800,"sd","11:26:51",2646900
38.25,0.4,100,"sd","11:26:46",2645100
38.3,0.45,300,"bu","11:26:38",2645000
38.25,0.4,600,"sd","11:26:36",2644700
38.25,0.4,5400,"bu","11:26:33",2644100
38.2,0.35,30000,"sd","11:26:30",2638700
38.2,0.35,1000,"sd","11:26:27",2608700
38.2,0.35,20100,"sd","11:26:25",2607700
38.2,0.35,100,"sd","11:26:14",2587600
38.25,0.4,34600,"sd","11:26:11",2587500
38.25,0.4,1800,"sd","11:26:09",2552900
38.25,0.4,100,"sd","11:26:04",2551100
38.3,0.45,900,"bu","11:26:03",2551000
38.3,0.45,400,"bu","11:25:57",2550100
38.25,0.4,100,"sd","11:25:54",2549700
38.25,0.4,1000,"sd","11:25:50",2549600
38.25,0.4,8000,"sd","11:25:47",2548600
38.25,0.4,100,"sd","11:25:43",2540600
38.25,0.4,1000,"sd","11:25:42",2540500
38.25,0.4,10000,"sd","11:25:39",2539500
38.25,0.4,100,"sd","11:25:33",2529500
38.25,0.4,2000,"sd","11:25:28",2529400
38.25,0.4,200,"sd","11:25:24",2527400
38.25,0.4,100,"sd","11:25:22",2527200
38.25,0.4,20000,"sd","11:25:17",2527100
38.3,0.45,300,"bu","11:25:16",2507100
38.25,0.4,100,"sd","11:25:12",2506800
38.25,0.4,100,"sd","11:25:01",2506700
38.25,0.4,100,"sd","11:24:51",2506600
38.25,0.4,1800,"sd","11:24:46",2506500
38.25,0.4,100,"sd","11:24:40",2504700
38.3,0.45,400,"bu","11:24:36",2504600
38.25,0.4,100,"sd","11:24:30",2504200
38.3,0.45,900,"bu","11:24:27",2504100
38.3,0.45,900,"bu","11:24:23",2503200
38.25,0.4,100,"sd","11:24:19",2502300
38.25,0.4,100,"sd","11:24:09",2502200
38.25,0.4,1800,"sd","11:24:05",2502100
38.25,0.4,100,"sd","11:23:58",2500300
38.3,0.45,300,"bu","11:23:55",2500200
38.3,0.45,900,"bu","11:23:53",2499900
38.25,0.4,100,"sd","11:23:47",2499000
38.25,0.4,100,"sd","11:23:36",2498900
38.25,0.4,100,"sd","11:23:26",2498800
38.25,0.4,1800,"sd","11:23:23",2498700
38.3,0.45,900,"bu","11:23:23",2496900
38.25,0.4,100,"sd","11:23:15",2496000
38.3,0.45,900,"bu","11:23:15",2495900
38.3,0.45,400,"bu","11:23:14",2495000
38.25,0.4,100,"sd","11:23:05",2494600
38.25,0.4,100,"sd","11:22:56",2494500
38.25,0.4,100,"sd","11:22:55",2494400
38.3,0.45,900,"bu","11:22:53",2494300
38.25,0.4,100,"sd","11:22:45",2493400
38.25,0.4,1800,"sd","11:22:42",2493300
38.25,0.4,100,"sd","11:22:34",2491500
38.3,0.45,300,"bu","11:22:33",2491400
38.25,0.4,100,"sd","11:22:23",2491100
38.3,0.45,900,"bu","11:22:23",2491000
38.25,0.4,200,"sd","11:22:13",2490100
38.25,0.4,100,"sd","11:22:13",2489900
38.25,0.4,100,"sd","11:22:03",2489800
38.3,0.45,900,"bu","11:22:03",2489700
38.3,0.45,10000,"bu","11:21:58",2488800
38.25,0.4,40000,"sd","11:21:53",2478800
38.3,0.45,900,"bu","11:21:53",2438800
38.25,0.4,100,"sd","11:21:52",2437900
38.3,0.45,400,"bu","11:21:52",2437800
38.25,0.4,100,"sd","11:21:43",2437400
38.25,0.4,100,"sd","11:21:32",2437300
38.3,0.45,1600,"bu","11:21:32",2437200
38.3,0.45,800,"bu","11:21:31",2435600
38.3,0.45,900,"bu","11:21:23",2434800
38.25,0.4,100,"sd","11:21:21",2433900
38.3,0.45,800,"bu","11:21:19",2433800
38.3,0.45,900,"bu","11:21:14",2433000
38.3,0.45,300,"bu","11:21:11",2432100
38.25,0.4,100,"sd","11:21:11",2431800
38.25,0.4,100,"sd","11:21:00",2431700
38.3,0.45,700,"bu","11:20:58",2431600
38.3,0.45,900,"bu","11:20:53",2430900
38.25,0.4,100,"sd","11:20:49",2430000
38.3,0.45,10000,"bu","11:20:38",2429900
38.25,0.4,100,"sd","11:20:38",2419900
38.3,0.45,400,"bu","11:20:30",2419800
38.25,0.4,200,"sd","11:20:27",2419400
38.3,0.45,900,"bu","11:20:26",2419200
38.3,0.45,900,"bu","11:20:22",2418300
38.25,0.4,200,"sd","11:20:22",2417400
38.25,0.4,200,"sd","11:20:17",2417200
38.25,0.4,100,"sd","11:20:07",2417000
38.25,0.4,100,"sd","11:19:56",2416900
38.3,0.45,900,"bu","11:19:53",2416800
38.3,0.45,300,"bu","11:19:49",2415900
38.25,0.4,100,"sd","11:19:45",2415600
38.25,0.4,1100,"sd","11:19:35",2415500
38.25,0.4,100,"sd","11:19:24",2414400
38.3,0.45,900,"bu","11:19:23",2414300
38.25,0.4,100,"sd","11:19:14",2413400
38.3,0.45,400,"bu","11:19:09",2413300
38.25,0.4,100,"sd","11:19:04",2412900
38.3,0.45,700,"bu","11:18:54",2412800
38.25,0.4,100,"sd","11:18:53",2412100
38.3,0.45,900,"bu","11:18:53",2412000
38.25,0.4,500,"sd","11:18:51",2411100
38.25,0.4,2000,"sd","11:18:50",2410600
38.25,0.4,100,"sd","11:18:43",2408600
38.25,0.4,10000,"sd","11:18:40",2408500
38.25,0.4,100,"sd","11:18:32",2398500
38.3,0.45,10000,"bu","11:18:31",2398400
38.3,0.45,300,"bu","11:18:28",2388400
38.3,0.45,1000,"bu","11:18:26",2388100
38.3,0.45,900,"bu","11:18:23",2387100
38.25,0.4,100,"sd","11:18:23",2386200
38.25,0.4,100,"sd","11:18:12",2386100
38.25,0.4,100,"sd","11:18:02",2386000
38.3,0.45,900,"bu","11:17:53",2385900
38.25,0.4,100,"sd","11:17:52",2385000
38.3,0.45,400,"bu","11:17:47",2384900
38.25,0.4,100,"sd","11:17:42",2384500
38.25,0.4,100,"sd","11:17:31",2384400
38.3,0.45,900,"bu","11:17:22",2384300
38.25,0.4,100,"sd","11:17:21",2383400
38.25,0.4,10000,"sd","11:17:17",2383300
38.25,0.4,100,"sd","11:17:10",2373300
38.3,0.45,300,"bu","11:17:06",2373200
38.25,0.4,100,"sd","11:16:59",2372900
38.25,0.4,2000,"sd","11:16:57",2372800
38.3,0.45,900,"bu","11:16:52",2370800
38.25,0.4,100,"sd","11:16:48",2369900
38.25,0.4,10000,"sd","11:16:40",2369800
38.25,0.4,100,"sd","11:16:38",2359800
38.25,0.4,100,"sd","11:16:27",2359700
38.3,0.45,900,"bu","11:16:26",2359600
38.25,0.4,10000,"sd","11:16:25",2358700
38.3,0.45,400,"bu","11:16:25",2348700
38.3,0.45,900,"bu","11:16:22",2348300
38.25,0.4,1000,"sd","11:16:18",2347400
38.25,0.4,100,"sd","11:16:17",2346400
38.25,0.4,100,"sd","11:16:06",2346300
38.25,0.4,100,"sd","11:15:56",2346200
38.3,0.45,900,"bu","11:15:52",2346100
38.25,0.4,100,"sd","11:15:46",2345200
38.3,0.45,300,"bu","11:15:44",2345100
38.25,0.4,5000,"sd","11:15:43",2344800
38.25,0.4,100,"sd","11:15:35",2339800
38.25,0.4,100,"sd","11:15:25",2339700
38.3,0.45,900,"bu","11:15:22",2339600
38.25,0.4,100,"sd","11:15:13",2338700
38.3,0.45,400,"bu","11:15:03",2337700
38.25,0.4,100,"sd","11:15:03",2337300
38.25,0.4,100,"sd","11:14:53",2337200
38.3,0.45,900,"bu","11:14:52",2337100
38.3,0.45,900,"bu","11:14:50",2336200
38.3,0.45,700,"bu","11:14:48",2335300
38.3,0.45,10000,"bu","11:14:47",2334600
38.25,0.4,100,"sd","11:14:42",2324600
38.25,0.4,100,"sd","11:14:32",2324500
38.25,0.4,1800,"sd","11:14:23",2324400
38.25,0.4,100,"sd","11:14:22",2322600
38.3,0.45,1200,"bu","11:14:22",2322500
38.25,0.4,100,"sd","11:14:12",2321300
38.3,0.45,800,"bu","11:14:07",2321200
38.3,0.45,900,"bu","11:14:01",2320400
38.25,0.4,100,"sd","11:14:01",2319500
38.3,0.45,900,"bu","11:13:52",2319400
38.25,0.4,100,"sd","11:13:50",2318500
38.3,0.45,400,"bu","11:13:42",2318400
38.25,0.4,1800,"sd","11:13:41",2318000
38.25,0.4,100,"sd","11:13:39",2316200
38.25,0.4,100,"sd","11:13:28",2316100
38.3,0.45,800,"bu","11:13:25",2316000
38.3,0.45,900,"bu","11:13:22",2315200
38.25,0.4,100,"sd","11:13:18",2314300
38.25,0.4,100,"sd","11:13:07",2314200
38.25,0.4,1000,"sd","11:13:03",2314100
38.3,0.45,300,"bu","11:13:01",2313100
38.25,0.4,1800,"sd","11:13:00",2312800
38.25,0.4,100,"sd","11:12:56",2311000
38.3,0.45,900,"bu","11:12:52",2310900
38.25,0.4,100,"sd","11:12:47",2310000
38.25,0.4,1600,"sd","11:12:36",2309900
38.25,0.4,100,"sd","11:12:25",2308300
38.3,0.45,900,"bu","11:12:25",2308200
38.3,0.45,900,"bu","11:12:22",2307300
38.3,0.45,400,"bu","11:12:20",2306400
38.25,0.4,1800,"sd","11:12:18",2306000
38.25,0.4,100,"sd","11:12:15",2304200
38.25,0.4,100,"sd","11:12:04",2304100
38.25,0.4,100,"sd","11:11:53",2304000
38.3,0.45,900,"bu","11:11:52",2303900
38.3,0.45,900,"sd","11:11:44",2303000
38.3,0.45,100,"sd","11:11:43",2302100
38.35,0.5,300,"bu","11:11:39",2302000
38.3,0.45,1800,"sd","11:11:36",2301700
38.3,0.45,100,"sd","11:11:31",2299900
38.25,0.4,1900,"sd","11:11:25",2299800
38.3,0.45,8100,"sd","11:11:25",2297900
38.35,0.5,900,"bu","11:11:22",2289800
38.3,0.45,100,"sd","11:11:21",2288900
38.3,0.45,1000,"sd","11:11:19",2288800
38.3,0.45,41600,"bu","11:11:18",2287800
38.25,0.4,100,"sd","11:11:11",2246200
38.25,0.4,100,"sd","11:11:00",2246100
38.3,0.45,400,"bu","11:10:58",2246000
38.3,0.45,900,"bu","11:10:52",2245600
38.25,0.4,100,"sd","11:10:49",2244700
38.25,0.4,100,"sd","11:10:39",2244600
38.25,0.4,100,"sd","11:10:29",2244500
38.3,0.45,10000,"bu","11:10:28",2244400
38.35,0.5,1000,"bu","11:10:24",2234400
38.35,0.5,900,"bu","11:10:21",2233400
38.25,0.4,600,"sd","11:10:20",2232500
38.3,0.45,100,"sd","11:10:20",2231900
38.3,0.45,100,"sd","11:10:19",2231800
38.3,0.45,100,"bu","11:10:17",2231700
38.3,0.45,29400,"bu","11:10:14",2231600
38.25,0.4,1800,"sd","11:10:13",2202200
38.25,0.4,100,"sd","11:10:09",2200400
38.25,0.4,100,"sd","11:09:58",2200300
38.25,0.4,1000,"sd","11:09:57",2200200
38.3,0.45,900,"bu","11:09:52",2199200
38.25,0.4,100,"sd","11:09:47",2198300
38.3,0.45,1000,"sd","11:09:45",2198200
38.3,0.45,10000,"sd","11:09:44",2197200
38.3,0.45,100,"sd","11:09:36",2187200
38.35,0.5,400,"bu","11:09:36",2187100
38.3,0.45,3800,"sd","11:09:32",2186700
38.3,0.45,100,"sd","11:09:26",2182900
38.3,0.45,29400,"bu","11:09:23",2182800
38.3,0.45,900,"bu","11:09:21",2153400
38.25,0.4,100,"sd","11:09:15",2152500
38.25,0.4,100,"sd","11:09:06",2152400
38.25,0.4,200,"sd","11:09:00",2152300
38.3,0.45,7300,"bu","11:08:56",2152100
38.25,0.4,100,"sd","11:08:55",2144800
38.3,0.45,100,"bu","11:08:55",2144400
38.3,0.45,900,"bu","11:08:51",2144300
38.25,0.4,1800,"sd","11:08:50",2143400
38.25,0.4,100,"sd","11:08:44",2141600
38.3,0.45,2000,"bu","11:08:44",2141500
38.25,0.4,100,"sd","11:08:34",2139500
38.3,0.45,300,"bu","11:08:32",2139400
38.3,0.45,900,"bu","11:08:23",2139100
38.25,0.4,100,"sd","11:08:23",2138200
38.3,0.45,900,"bu","11:08:22",2138100
38.3,0.45,400,"bu","11:08:14",2137200
38.25,0.4,100,"sd","11:08:13",2136800
38.25,0.4,1800,"sd","11:08:09",2136700
38.25,0.4,100,"sd","11:08:03",2134900
38.25,0.4,100,"sd","11:07:58",2134800
38.25,0.4,100,"sd","11:07:52",2134700
38.3,0.45,900,"bu","11:07:52",2134600
38.25,0.4,100,"sd","11:07:42",2133700
38.3,0.45,1000,"bu","11:07:35",2133600
38.3,0.45,300,"bu","11:07:34",2132600
38.25,0.4,100,"sd","11:07:31",2132300
38.3,0.45,900,"bu","11:07:21",2132200
38.25,0.4,100,"sd","11:07:21",2131300
38.3,0.45,29000,"sd","11:07:20",2131200
38.3,0.45,20000,"sd","11:07:19",2102200
38.3,0.45,100,"sd","11:07:11",2082200
38.3,0.45,100,"sd","11:07:01",2082100
38.35,0.5,400,"bu","11:06:53",2082000
38.35,0.5,900,"bu","11:06:51",2081600
38.3,0.45,100,"sd","11:06:51",2080700
38.35,0.5,900,"bu","11:06:47",2080600
38.35,0.5,200,"bu","11:06:40",2079700
38.3,0.45,100,"sd","11:06:39",2079500
38.3,0.45,100,"sd","11:06:29",2079400
38.35,0.5,1000,"bu","11:06:23",2079300
38.35,0.5,900,"bu","11:06:21",2078300
38.3,0.45,100,"sd","11:06:18",2077400
38.35,0.5,300,"bu","11:06:12",2077300
38.3,0.45,100,"sd","11:06:08",2077000
38.3,0.45,1800,"sd","11:06:04",2076900
38.3,0.45,100,"sd","11:05:57",2075100
38.35,0.5,800,"bu","11:05:53",2075000
38.35,0.5,900,"bu","11:05:52",2074200
38.3,0.45,100,"sd","11:05:46",2073300
38.35,0.5,900,"bu","11:05:35",2073200
38.35,0.5,400,"bu","11:05:31",2072200
38.3,0.45,2000,"sd","11:05:28",2071800
38.3,0.45,200,"sd","11:05:25",2069800
38.35,0.5,900,"bu","11:05:21",2069600
38.3,0.45,500,"sd","11:05:15",2068700
38.3,0.45,100,"sd","11:05:14",2068200
38.35,0.5,5000,"bu","11:05:14",2068100
38.3,0.45,300,"bu","11:05:14",2063100
38.3,0.45,100,"bu","11:05:13",2062800
38.25,0.4,100,"sd","11:05:03",2062700
38.25,0.4,200,"sd","11:04:57",2062600
38.35,0.5,5000,"bu","11:04:53",2062400
38.25,0.4,100,"sd","11:04:53",2057400
38.35,0.5,200,"bu","11:04:51",2057300
38.3,0.45,700,"bu","11:04:51",2057100
38.3,0.45,2400,"sd","11:04:50",2056400
38.3,0.45,100,"sd","11:04:42",2054000
38.3,0.45,1800,"sd","11:04:41",2053900
38.3,0.45,100,"sd","11:04:32",2052100
38.3,0.45,100,"sd","11:04:31",2052000
38.35,0.5,800,"bu","11:04:31",2051900
38.3,0.45,300,"sd","11:04:30",2051100
38.3,0.45,100,"sd","11:04:21",2050800
38.35,0.5,900,"bu","11:04:21",2050700
38.35,0.5,5000,"bu","11:04:16",2049800
38.3,0.45,5000,"sd","11:04:16",2044800
38.3,0.45,100,"sd","11:04:11",2039800
38.35,0.5,400,"bu","11:04:09",2039700
38.3,0.45,1600,"sd","11:04:05",2039300
38.3,0.45,100,"sd","11:04:01",2037700
38.35,0.5,900,"bu","11:03:58",2037600
38.35,0.5,900,"bu","11:03:51",2036700
38.3,0.45,200,"sd","11:03:50",2035800
38.35,0.5,800,"bu","11:03:50",2035600
38.35,0.5,5000,"bu","11:03:42",2034800
38.3,0.45,100,"sd","11:03:40",2029800
38.3,0.45,5000,"sd","11:03:38",2029700
38.3,0.45,1000,"sd","11:03:35",2024700
38.3,0.45,100,"sd","11:03:34",2023700
38.3,0.45,30400,"bu","11:03:32",2023600
38.25,0.4,100,"sd","11:03:29",1993200
38.3,0.45,300,"bu","11:03:28",1993100
38.3,0.45,900,"bu","11:03:21",1992800
38.25,0.4,100,"sd","11:03:18",1991900
38.3,0.45,900,"bu","11:03:10",1991800
38.3,0.45,800,"bu","11:03:09",1990900
38.25,0.4,100,"sd","11:03:08",1990100
38.3,0.45,500,"bu","11:03:02",1990000
38.25,0.4,100,"sd","11:02:58",1989500
38.3,0.45,100,"bu","11:02:56",1989400
38.3,0.45,500,"bu","11:02:55",1989300
38.3,0.45,900,"bu","11:02:51",1988800
38.25,0.4,100,"sd","11:02:47",1987900
38.3,0.45,400,"bu","11:02:47",1987800
38.3,0.45,2900,"bu","11:02:46",1987400
38.3,0.45,700,"bu","11:02:43",1984500
38.25,0.4,100,"sd","11:02:37",1983800
38.3,0.45,5000,"bu","11:02:31",1983700
38.25,0.4,100,"sd","11:02:26",1978700
38.3,0.45,1000,"bu","11:02:22",1978600
38.3,0.45,900,"bu","11:02:21",1977600
38.25,0.4,100,"sd","11:02:16",1976700
38.3,0.45,5000,"bu","11:02:08",1976600
38.3,0.45,300,"bu","11:02:07",1971600
38.25,0.4,100,"sd","11:02:05",1971300
38.25,0.4,100,"sd","11:01:55",1971200
38.3,0.45,900,"bu","11:01:51",1971100
38.25,0.4,100,"sd","11:01:45",1970200
38.25,0.4,100,"sd","11:01:33",1970100
38.3,0.45,400,"bu","11:01:26",1970000
38.25,0.4,100,"sd","11:01:23",1969600
38.3,0.45,900,"bu","11:01:21",1969500
38.25,0.4,1800,"sd","11:01:13",1968600
38.25,0.4,100,"sd","11:01:12",1966800
38.25,0.4,100,"sd","11:01:02",1966700
38.3,0.45,1900,"bu","11:00:51",1966600
38.25,0.4,100,"sd","11:00:51",1964700
38.3,0.45,1000,"bu","11:00:46",1964600
38.3,0.45,300,"bu","11:00:45",1963600
38.25,0.4,100,"sd","11:00:41",1963300
38.25,0.4,1800,"sd","11:00:31",1963200
38.25,0.4,100,"sd","11:00:30",1961400
38.25,0.4,200,"sd","11:00:23",1961300
38.3,0.45,900,"bu","11:00:22",1961100
38.3,0.45,900,"bu","11:00:21",1960200
38.25,0.4,100,"sd","11:00:19",1959300
38.25,0.4,100,"sd","11:00:09",1959200
38.3,0.45,400,"bu","11:00:04",1959100
38.25,0.4,100,"sd","10:59:59",1958700
38.3,0.45,900,"bu","10:59:57",1958600
38.3,0.45,900,"bu","10:59:51",1957700
38.25,0.4,1800,"sd","10:59:50",1956800
38.25,0.4,100,"sd","10:59:49",1955000
38.25,0.4,100,"sd","10:59:39",1954900
38.25,0.4,100,"sd","10:59:28",1954800
38.3,0.45,300,"bu","10:59:23",1954700
38.25,0.4,100,"sd","10:59:22",1954400
38.3,0.45,900,"bu","10:59:20",1954300
38.25,0.4,100,"sd","10:59:18",1953400
38.25,0.4,1800,"sd","10:59:08",1953300
38.25,0.4,100,"sd","10:59:07",1951500
38.25,0.4,1700,"sd","10:59:06",1951400
38.25,0.4,100,"sd","10:58:57",1949700
38.25,0.4,30000,"sd","10:58:54",1949600
38.3,0.45,900,"bu","10:58:50",1919600
38.25,0.4,100,"sd","10:58:46",1918700
38.3,0.45,900,"bu","10:58:45",1918600
38.3,0.45,400,"bu","10:58:42",1917700
38.25,0.4,10100,"sd","10:58:35",1917300
38.25,0.4,1800,"sd","10:58:26",1907200
38.25,0.4,100,"sd","10:58:24",1905400
38.3,0.45,1000,"bu","10:58:21",1905300
38.3,0.45,900,"bu","10:58:20",1904300
38.25,0.4,100,"sd","10:58:13",1903400
38.25,0.4,500,"sd","10:58:09",1903300
38.25,0.4,100,"sd","10:58:03",1902800
38.3,0.45,300,"bu","10:58:01",1902700
38.25,0.4,100,"sd","10:57:52",1902400
38.3,0.45,900,"bu","10:57:50",1902300
38.25,0.4,1800,"sd","10:57:45",1901400
38.25,0.4,100,"sd","10:57:41",1899600
38.25,0.4,300,"sd","10:57:35",1899500
38.25,0.4,100,"sd","10:57:31",1899200
38.25,0.4,100,"sd","10:57:21",1899100
38.3,0.45,900,"bu","10:57:21",1899000
38.3,0.45,400,"bu","10:57:20",1898100
38.25,0.4,4100,"sd","10:57:10",1897700
38.3,0.45,2900,"bu","10:57:10",1893600
38.3,0.45,100,"bu","10:57:04",1890700
38.25,0.4,1800,"sd","10:57:03",1890600
38.25,0.4,100,"sd","10:57:00",1888800
38.25,0.4,20000,"sd","10:56:57",1888700
38.3,0.45,100,"bu","10:56:54",1868700
38.3,0.45,900,"bu","10:56:51",1868600
38.25,0.4,100,"sd","10:56:49",1867700
38.3,0.45,1000,"bu","10:56:45",1867600
38.3,0.45,300,"bu","10:56:40",1866600
38.25,0.4,100,"sd","10:56:39",1866300
38.25,0.4,100,"sd","10:56:29",1866200
38.3,0.45,900,"bu","10:56:21",1866100
38.3,0.45,900,"bu","10:56:20",1865200
38.25,0.4,100,"sd","10:56:18",1864300
38.25,0.4,100,"sd","10:56:08",1864200
38.3,0.45,300,"bu","10:55:59",1864100
38.3,0.45,900,"bu","10:55:58",1863800
38.25,0.4,100,"sd","10:55:57",1862900
38.3,0.45,900,"bu","10:55:50",1862800
38.25,0.4,200,"sd","10:55:48",1861900
38.25,0.4,100,"sd","10:55:46",1861700
38.25,0.4,1800,"sd","10:55:40",1861600
38.25,0.4,100,"sd","10:55:36",1859800
38.25,0.4,500,"sd","10:55:35",1859700
38.25,0.4,100,"sd","10:55:26",1859200
38.3,0.45,900,"bu","10:55:20",1859100
38.3,0.45,400,"bu","10:55:18",1858200
38.25,0.4,100,"sd","10:55:15",1857800
38.25,0.4,100,"sd","10:55:04",1857700
38.25,0.4,1800,"sd","10:54:59",1857600
38.25,0.4,100,"sd","10:54:54",1855800
38.3,0.45,900,"bu","10:54:50",1855700
38.25,0.4,100,"sd","10:54:44",1854800
38.3,0.45,300,"bu","10:54:37",1854700
38.25,0.4,100,"sd","10:54:33",1854400
38.25,0.4,1000,"sd","10:54:28",1854300
38.25,0.4,100,"sd","10:54:22",1853300
38.3,0.45,900,"bu","10:54:20",1853200
38.25,0.4,1800,"sd","10:54:17",1852300
38.25,0.4,100,"sd","10:54:12",1850500
38.25,0.4,100,"sd","10:54:01",1850400
38.3,0.45,900,"bu","10:53:56",1850300
38.3,0.45,400,"bu","10:53:56",1849400
38.25,0.4,100,"sd","10:53:50",1849000
38.3,0.45,900,"bu","10:53:50",1848900
38.25,0.4,100,"sd","10:53:39",1848000
38.25,0.4,1800,"sd","10:53:35",1847900
38.25,0.4,100,"sd","10:53:29",1846100
38.3,0.45,100,"bu","10:53:26",1846000
38.3,0.45,900,"bu","10:53:20",1845900
38.25,0.4,100,"sd","10:53:19",1845000
38.3,0.45,300,"bu","10:53:15",1844900
38.3,0.45,500,"bu","10:53:10",1844600
38.25,0.4,100,"sd","10:53:09",1844100
38.3,0.45,1000,"bu","10:53:09",1844000
38.25,0.4,100,"sd","10:52:58",1843000
38.3,0.45,800,"bu","10:52:53",1842900
38.3,0.45,900,"bu","10:52:50",1842100
38.25,0.4,100,"sd","10:52:48",1841200
38.25,0.4,100,"sd","10:52:38",1841100
38.3,0.45,400,"bu","10:52:34",1841000
38.25,0.4,100,"sd","10:52:27",1840600
38.3,0.45,900,"bu","10:52:20",1840500
38.25,0.4,100,"sd","10:52:16",1839600
38.25,0.4,1800,"sd","10:52:12",1839500
38.25,0.4,100,"sd","10:52:06",1837700
38.25,0.4,300,"sd","10:52:03",1837600
38.25,0.4,100,"sd","10:51:55",1837300
38.3,0.45,300,"bu","10:51:53",1837200
38.3,0.45,900,"bu","10:51:50",1836900
38.25,0.4,100,"sd","10:51:47",1836000
38.25,0.4,100,"sd","10:51:45",1835900
38.25,0.4,100,"sd","10:51:34",1835800
38.25,0.4,1800,"sd","10:51:31",1835700
38.25,0.4,100,"sd","10:51:24",1833900
38.3,0.45,900,"bu","10:51:20",1833800
38.25,0.4,100,"sd","10:51:14",1832900
38.3,0.45,400,"bu","10:51:12",1832800
38.3,0.45,1000,"bu","10:51:11",1832400
38.25,0.4,100,"sd","10:51:03",1831400
38.25,0.4,1700,"sd","10:51:02",1831300
38.25,0.4,100,"sd","10:50:53",1829600
38.3,0.45,900,"bu","10:50:50",1829500
38.25,0.4,1800,"sd","10:50:49",1828600
38.25,0.4,100,"sd","10:50:41",1826800
38.3,0.45,300,"bu","10:50:32",1826700
38.25,0.4,100,"sd","10:50:31",1826400
38.25,0.4,100,"sd","10:50:20",1826300
38.3,0.45,900,"bu","10:50:20",1826200
38.25,0.4,100,"sd","10:50:10",1825300
38.25,0.4,1800,"sd","10:50:09",1825200
38.25,0.4,100,"sd","10:49:59",1823400
38.3,0.45,1000,"bu","10:49:55",1823300
38.3,0.45,400,"bu","10:49:51",1822300
38.3,0.45,900,"bu","10:49:50",1821900
38.25,0.4,100,"sd","10:49:48",1821000
38.25,0.4,100,"sd","10:49:38",1820900
38.3,0.45,1000,"bu","10:49:33",1820800
38.25,0.4,100,"sd","10:49:28",1819800
38.3,0.45,1000,"bu","10:49:28",1819700
38.3,0.45,800,"bu","10:49:27",1818700
38.25,0.4,1800,"sd","10:49:27",1817900
38.25,0.4,1800,"sd","10:49:26",1816100
38.25,0.4,1800,"sd","10:49:26",1814300
38.3,0.45,900,"bu","10:49:19",1812500
38.25,0.4,100,"sd","10:49:17",1811600
38.3,0.45,300,"bu","10:49:10",1811500
38.25,0.4,100,"sd","10:49:06",1811200
38.25,0.4,100,"sd","10:48:56",1811100
38.3,0.45,900,"bu","10:48:50",1811000
38.25,0.4,100,"sd","10:48:45",1810100
38.25,0.4,1800,"sd","10:48:44",1810000
38.25,0.4,100,"sd","10:48:36",1808200
38.3,0.45,400,"bu","10:48:29",1808100
38.25,0.4,100,"sd","10:48:24",1807700
38.3,0.45,900,"bu","10:48:20",1807600
38.25,0.4,100,"sd","10:48:13",1806700
38.25,0.4,1800,"sd","10:48:03",1806600
38.25,0.4,100,"sd","10:48:02",1804800
38.25,0.4,100,"sd","10:47:52",1804700
38.3,0.45,900,"bu","10:47:50",1804600
38.3,0.45,300,"bu","10:47:48",1803700
38.25,0.4,3000,"sd","10:47:48",1803400
38.25,0.4,100,"sd","10:47:41",1800400
38.25,0.4,100,"sd","10:47:31",1800300
38.25,0.4,1800,"sd","10:47:21",1800200
38.25,0.4,100,"sd","10:47:20",1798400
38.3,0.45,900,"bu","10:47:20",1798300
38.25,0.4,100,"sd","10:47:09",1797400
38.3,0.45,900,"bu","10:47:07",1797300
38.3,0.45,400,"bu","10:47:07",1796400
38.25,0.4,5000,"sd","10:47:06",1796000
38.25,0.4,100,"sd","10:46:59",1791000
38.25,0.4,10000,"sd","10:46:51",1790900
38.3,0.45,900,"bu","10:46:49",1780900
38.25,0.4,100,"sd","10:46:48",1780000
38.25,0.4,100,"sd","10:46:47",1779900
38.25,0.4,1800,"sd","10:46:40",1779800
38.25,0.4,100,"sd","10:46:37",1778000
38.25,0.4,1000,"sd","10:46:30",1777900
38.25,0.4,100,"sd","10:46:26",1776900
38.3,0.45,900,"bu","10:46:19",1776500
38.25,0.4,100,"sd","10:46:16",1775600
38.25,0.4,100,"sd","10:46:06",1775500
38.25,0.4,1000,"sd","10:46:05",1775400
38.3,0.45,100,"bu","10:46:02",1774400
38.25,0.4,1800,"sd","10:45:58",1774300
38.25,0.4,100,"sd","10:45:56",1772500
38.3,0.45,1000,"bu","10:45:54",1772400
38.3,0.45,900,"bu","10:45:49",1771400
38.3,0.45,100,"bu","10:45:47",1770500
38.25,0.4,100,"sd","10:45:45",1770400
38.25,0.4,100,"sd","10:45:34",1769900
38.3,0.45,2000,"bu","10:45:33",1769800
38.3,0.45,900,"bu","10:45:31",1767800
38.3,0.45,100,"bu","10:45:29",1766900
38.25,0.4,100,"sd","10:45:23",1766800
38.3,0.45,800,"bu","10:45:21",1766700
38.3,0.45,900,"bu","10:45:19",1765900
38.25,0.4,1800,"sd","10:45:17",1765000
38.25,0.4,100,"sd","10:45:13",1763200
38.3,0.45,100,"bu","10:45:08",1763100
38.3,0.45,900,"bu","10:45:06",1763000
38.3,0.45,300,"bu","10:45:05",1762100
38.25,0.4,100,"sd","10:45:02",1761800
38.25,0.4,100,"sd","10:44:51",1761700
38.3,0.45,800,"bu","10:44:49",1761600
38.25,0.4,100,"sd","10:44:41",1760800
38.3,0.45,100,"bu","10:44:40",1760700
38.3,0.45,100,"bu","10:44:39",1760600
38.25,0.4,1800,"sd","10:44:35",1760500
38.25,0.4,100,"sd","10:44:30",1758700
38.3,0.45,400,"bu","10:44:24",1758600
38.3,0.45,800,"bu","10:44:20",1758200
38.25,0.4,100,"sd","10:44:19",1757400
38.3,0.45,900,"bu","10:44:19",1757300
38.3,0.45,4900,"sd","10:44:10",1756400
38.35,0.5,1200,"bu","10:44:10",1751500
38.3,0.45,300,"sd","10:44:08",1750300
38.3,0.45,10000,"sd","10:44:07",1750000
38.3,0.45,100,"sd","10:43:58",1740000
38.3,0.45,500,"sd","10:43:56",1739900
38.35,0.5,900,"bu","10:43:54",1739400
38.35,0.5,800,"bu","10:43:49",1738500
38.3,0.45,100,"sd","10:43:47",1737700
38.3,0.45,2000,"sd","10:43:45",1737600
38.35,0.5,300,"bu","10:43:43",1735600
38.3,0.45,100,"sd","10:43:43",1735300
38.3,0.45,400,"sd","10:43:40",1735200
38.3,0.45,500,"sd","10:43:37",1734800
38.3,0.45,100,"sd","10:43:37",1734300
38.3,0.45,500,"sd","10:43:34",1734200
38.35,0.5,1000,"bu","10:43:34",1733700
38.3,0.45,20100,"sd","10:43:32",1732700
38.3,0.45,5000,"sd","10:43:31",1712600
38.35,0.5,1000,"bu","10:43:30",1707600
38.35,0.5,200,"bu","10:43:30",1706600
38.3,0.45,11800,"sd","10:43:27",1706400
38.3,0.45,100,"sd","10:43:26",1694600
38.35,0.5,800,"bu","10:43:20",1694500
38.3,0.45,100,"sd","10:43:16",1693700
38.3,0.45,1800,"sd","10:43:12",1693600
38.3,0.45,2000,"sd","10:43:10",1691800
38.3,0.45,100,"sd","10:43:08",1689800
38.3,0.45,100,"sd","10:43:06",1689700
38.35,0.5,1100,"bu","10:43:04",1689600
38.35,0.5,400,"bu","10:43:02",1688500
38.3,0.45,500,"sd","10:42:59",1688100
38.3,0.45,100,"sd","10:42:55",1687600
38.35,0.5,800,"bu","10:42:49",1687500
38.3,0.45,100,"sd","10:42:44",1686700
38.3,0.45,100,"sd","10:42:34",1686600
38.3,0.45,1800,"sd","10:42:30",1686500
38.3,0.45,1000,"sd","10:42:26",1684700
38.35,0.5,500,"bu","10:42:26",1683700
38.3,0.45,100,"sd","10:42:23",1683200
38.35,0.5,300,"bu","10:42:21",1683100
38.3,0.45,20000,"sd","10:42:20",1682800
38.35,0.5,800,"bu","10:42:19",1662800
38.3,0.45,100,"sd","10:42:12",1662000
38.3,0.45,200,"sd","10:42:05",1661900
38.3,0.45,100,"sd","10:42:01",1661700
38.3,0.45,100,"sd","10:41:50",1661600
38.35,0.5,800,"bu","10:41:49",1661500
38.35,0.5,400,"bu","10:41:40",1660700
38.3,0.45,100,"sd","10:41:40",1660300
38.3,0.45,100,"sd","10:41:29",1660200
38.3,0.45,500,"sd","10:41:20",1660100
38.35,0.5,800,"bu","10:41:19",1659600
38.3,0.45,100,"sd","10:41:18",1658800
38.35,0.5,800,"bu","10:41:14",1658700
38.35,0.5,100,"bu","10:41:10",1657900
38.3,0.45,100,"sd","10:41:07",1657800
38.35,0.5,900,"bu","10:41:06",1657700
38.35,0.5,300,"bu","10:40:59",1656800
38.3,0.45,100,"sd","10:40:57",1656500
38.35,0.5,800,"bu","10:40:49",1656400
38.3,0.45,300,"sd","10:40:46",1655600
38.3,0.45,100,"sd","10:40:35",1655300
38.35,0.5,800,"bu","10:40:33",1655200
38.35,0.5,1000,"bu","10:40:27",1654400
38.3,0.45,1800,"sd","10:40:26",1653400
38.3,0.45,100,"sd","10:40:25",1651600
38.35,0.5,800,"bu","10:40:19",1651500
38.35,0.5,400,"bu","10:40:18",1650700
38.3,0.45,100,"sd","10:40:14",1650300
38.35,0.5,8300,"sd","10:40:11",1650200
38.35,0.5,1000,"sd","10:40:09",1641900
38.35,0.5,100,"sd","10:40:04",1640900
38.35,0.5,100,"sd","10:39:53",1640800
38.4,0.55,900,"bu","10:39:53",1640700
38.4,0.55,800,"bu","10:39:52",1639800
38.4,0.55,800,"bu","10:39:49",1639000
38.35,0.5,1800,"sd","10:39:44",1638200
38.35,0.5,100,"sd","10:39:43",1636400
38.4,0.55,300,"bu","10:39:37",1636300
38.35,0.5,100,"sd","10:39:32",1636000
38.35,0.5,100,"sd","10:39:22",1635900
38.35,0.5,300,"sd","10:39:21",1635800
38.4,0.55,800,"bu","10:39:19",1635500
38.35,0.5,200,"sd","10:39:17",1634700
38.35,0.5,100,"sd","10:39:17",1634500
38.35,0.5,100,"sd","10:39:03",1634400
38.4,0.55,200,"bu","10:38:59",1634300
38.35,0.5,200,"bu","10:38:57",1634100
38.35,0.5,2800,"sd","10:38:52",1633900
38.4,0.55,800,"bu","10:38:49",1631100
38.35,0.5,100,"sd","10:38:47",1630300
38.35,0.5,10000,"bu","10:38:38",1630200
38.3,0.45,100,"sd","10:38:31",1620200
38.4,0.55,200,"bu","10:38:31",1620100
38.35,0.5,2200,"bu","10:38:31",1619900
38.35,0.5,800,"bu","10:38:30",1617700
38.4,0.55,6300,"bu","10:38:20",1616900
38.35,0.5,3700,"bu","10:38:20",1610600
38.35,0.5,4700,"sd","10:38:19",1606900
38.4,0.55,800,"bu","10:38:19",1602200
38.35,0.5,100,"sd","10:38:16",1601400
38.4,0.55,300,"bu","10:38:16",1601300
38.35,0.5,100,"bu","10:38:13",1601000
38.4,0.55,6600,"bu","10:38:09",1600900
38.35,0.5,3400,"bu","10:38:09",1594300
38.35,0.5,500,"bu","10:38:07",1590900
38.3,0.45,100,"sd","10:38:01",1590400
38.35,0.5,6100,"sd","10:37:56",1590300
38.35,0.5,300,"sd","10:37:50",1584200
38.4,0.55,800,"bu","10:37:49",1583900
38.35,0.5,100,"sd","10:37:46",1583100
38.35,0.5,400,"sd","10:37:46",1583000
38.35,0.5,3400,"sd","10:37:42",1582600
38.35,0.5,3000,"sd","10:37:41",1579200
38.35,0.5,1800,"sd","10:37:39",1576200
38.4,0.55,1000,"bu","10:37:39",1574400
38.35,0.5,100,"sd","10:37:35",1573400
38.4,0.55,400,"bu","10:37:35",1573300
38.35,0.5,100,"sd","10:37:31",1572900
38.35,0.5,100,"sd","10:37:26",1572800
38.35,0.5,5500,"sd","10:37:19",1572700
38.4,0.55,800,"bu","10:37:19",1567200
38.35,0.5,3000,"sd","10:37:18",1566400
38.35,0.5,100,"sd","10:37:16",1563400
38.35,0.5,200,"sd","10:37:12",1563300
38.35,0.5,13900,"bu","10:37:06",1563100
38.3,0.45,100,"sd","10:37:01",1549200
38.35,0.5,1000,"bu","10:36:56",1549100
38.35,0.5,300,"bu","10:36:54",1548100
38.35,0.5,800,"bu","10:36:49",1547800
38.3,0.45,100,"sd","10:36:46",1547000
38.35,0.5,3900,"bu","10:36:45",1546900
38.35,0.5,1000,"bu","10:36:40",1543000
38.35,0.5,36800,"bu","10:36:38",1542000
38.3,0.45,100,"sd","10:36:31",1505200
38.35,0.5,100,"bu","10:36:28",1505100
38.35,0.5,800,"bu","10:36:26",1505000
38.35,0.5,100,"bu","10:36:22",1504200
38.35,0.5,800,"bu","10:36:19",1504100
38.3,0.45,3500,"sd","10:36:15",1503300
38.35,0.5,400,"bu","10:36:13",1499800
38.3,0.45,100,"sd","10:36:01",1499400
38.35,0.5,8900,"sd","10:35:57",1499300
38.4,0.55,900,"bu","10:35:52",1490400
38.4,0.55,800,"bu","10:35:48",1489500
38.4,0.55,500,"bu","10:35:46",1488700
38.35,0.5,100,"sd","10:35:45",1488200
38.4,0.55,1000,"bu","10:35:45",1488100
38.35,0.5,300,"sd","10:35:41",1487100
38.35,0.5,3000,"sd","10:35:40",1486800
38.4,0.55,700,"bu","10:35:40",1483800
38.4,0.55,300,"bu","10:35:32",1483100
38.35,0.5,100,"sd","10:35:30",1482800
38.4,0.55,200,"bu","10:35:29",1482700
38.4,0.55,1100,"bu","10:35:28",1482500
38.4,0.55,800,"bu","10:35:19",1481400
38.35,0.5,100,"sd","10:35:15",1480600
38.35,0.5,3000,"sd","10:35:14",1480500
38.35,0.5,1200,"sd","10:35:13",1477500
38.35,0.5,10000,"sd","10:35:11",1476300
38.35,0.5,100,"sd","10:35:00",1466300
38.35,0.5,4100,"bu","10:34:53",1466200
38.35,0.5,8000,"bu","10:34:52",1462100
38.35,0.5,400,"bu","10:34:51",1454100
38.35,0.5,2000,"bu","10:34:50",1453700
38.35,0.5,800,"bu","10:34:48",1451700
38.35,0.5,1700,"bu","10:34:47",1450900
38.3,0.45,100,"sd","10:34:45",1449200
38.3,0.45,3000,"sd","10:34:43",1449100
38.35,0.5,900,"bu","10:34:40",1446100
38.35,0.5,500,"bu","10:34:35",1445200
38.35,0.5,500,"bu","10:34:34",1444700
38.35,0.5,2900,"bu","10:34:33",1444200
38.35,0.5,1000,"bu","10:34:32",1441300
38.35,0.5,4500,"bu","10:34:32",1440300
38.3,0.45,100,"sd","10:34:30",1435800
38.3,0.45,10000,"sd","10:34:28",1435700
38.35,0.5,800,"bu","10:34:23",1425700
38.35,0.5,800,"bu","10:34:19",1424900
38.35,0.5,900,"bu","10:34:17",1424100
38.35,0.5,1000,"bu","10:34:15",1423200
38.3,0.45,400,"sd","10:34:15",1422200
38.35,0.5,300,"bu","10:34:10",1421800
38.3,0.45,100,"sd","10:34:00",1421500
38.3,0.45,3500,"bu","10:33:56",1421400
38.3,0.45,1000,"bu","10:33:53",1417900
38.3,0.45,50000,"bu","10:33:52",1416900
38.3,0.45,800,"bu","10:33:48",1366900
38.25,0.4,100,"sd","10:33:45",1366100
38.3,0.45,1000,"bu","10:33:42",1366000
38.25,0.4,100,"sd","10:33:34",1365000
38.25,0.4,300,"sd","10:33:33",1364900
38.3,0.45,900,"bu","10:33:30",1364600
38.25,0.4,100,"sd","10:33:30",1363700
38.3,0.45,900,"bu","10:33:28",1363600
38.3,0.45,800,"bu","10:33:18",1362700
38.25,0.4,100,"sd","10:33:15",1361900
38.3,0.45,900,"bu","10:33:03",1361800
38.3,0.45,1000,"bu","10:33:01",1360900
38.25,0.4,100,"sd","10:33:00",1359900
38.3,0.45,300,"bu","10:32:49",1359800
38.3,0.45,800,"bu","10:32:48",1359500
38.25,0.4,1800,"sd","10:32:48",1358700
38.25,0.4,100,"sd","10:32:44",1356900
38.25,0.4,100,"sd","10:32:29",1356800
38.25,0.4,1700,"bu","10:32:21",1356700
38.25,0.4,800,"bu","10:32:20",1355000
38.25,0.4,800,"bu","10:32:18",1354200
38.25,0.4,200,"bu","10:32:17",1353400
38.25,0.4,900,"bu","10:32:15",1353200
38.25,0.4,8000,"bu","10:32:15",1352300
38.2,0.35,100,"sd","10:32:14",1344300
38.25,0.4,1500,"bu","10:32:09",1344200
38.25,0.4,400,"bu","10:32:08",1342700
38.25,0.4,5000,"bu","10:32:06",1342300
38.2,0.35,100,"sd","10:31:59",1337300
38.25,0.4,2500,"bu","10:31:59",1337200
38.25,0.4,900,"bu","10:31:52",1334700
38.25,0.4,800,"bu","10:31:48",1333800
38.2,0.35,1000,"sd","10:31:48",1333000
38.2,0.35,3000,"sd","10:31:46",1332000
38.2,0.35,100,"sd","10:31:44",1329000
38.25,0.4,100,"bu","10:31:43",1328900
38.2,0.35,100,"sd","10:31:30",1328800
38.2,0.35,3000,"sd","10:31:28",1328700
38.25,0.4,1800,"bu","10:31:27",1325700
38.25,0.4,1000,"bu","10:31:21",1323900
38.2,0.35,300,"sd","10:31:20",1322900
38.25,0.4,800,"bu","10:31:18",1322600
38.2,0.35,100,"sd","10:31:15",1321800
38.2,0.35,100,"sd","10:31:14",1321700
38.2,0.35,100,"sd","10:30:59",1321600
38.25,0.4,800,"bu","10:30:58",1321500
38.25,0.4,2000,"bu","10:30:49",1320700
38.25,0.4,800,"bu","10:30:48",1318700
38.25,0.4,400,"bu","10:30:46",1317900
38.2,0.35,100,"sd","10:30:44",1317500
38.2,0.35,1800,"sd","10:30:43",1317400
38.2,0.35,200,"sd","10:30:42",1315600
38.2,0.35,300,"sd","10:30:39",1315400
38.25,0.4,10000,"bu","10:30:35",1315100
38.2,0.35,100,"sd","10:30:29",1305100
38.25,0.4,800,"bu","10:30:18",1305000
38.2,0.35,100,"sd","10:30:14",1304200
38.25,0.4,10000,"bu","10:30:12",1304100
38.25,0.4,300,"bu","10:30:11",1294100
38.25,0.4,300,"bu","10:30:05",1293800
38.2,0.35,1800,"sd","10:30:02",1293500
38.2,0.35,200,"sd","10:29:59",1291700
38.25,0.4,1000,"bu","10:29:51",1291500
38.25,0.4,800,"bu","10:29:48",1290500
38.2,0.35,100,"sd","10:29:44",1289700
38.25,0.4,1500,"bu","10:29:44",1289600
38.2,0.35,300,"sd","10:29:39",1288100
38.2,0.35,100,"sd","10:29:29",1287800
38.2,0.35,300,"sd","10:29:26",1287700
38.25,0.4,400,"bu","10:29:24",1287400
38.2,0.35,1800,"sd","10:29:20",1287000
38.2,0.35,100,"sd","10:29:18",1285200
38.25,0.4,800,"bu","10:29:18",1285100
38.2,0.35,100,"sd","10:29:14",1284300
38.2,0.35,4300,"bu","10:29:09",1284200
38.2,0.35,5700,"sd","10:29:06",1279900
38.2,0.35,100,"sd","10:28:59",1274200
38.2,0.35,500,"sd","10:28:56",1274100
38.2,0.35,5500,"sd","10:28:52",1273600
38.25,0.4,800,"bu","10:28:48",1268100
38.2,0.35,14800,"sd","10:28:48",1267300
38.2,0.35,25200,"sd","10:28:47",1252500
38.2,0.35,100,"sd","10:28:43",1227300
38.25,0.4,300,"bu","10:28:43",1227200
38.2,0.35,1800,"sd","10:28:39",1226900
38.2,0.35,100,"sd","10:28:29",1225100
38.25,0.4,2600,"sd","10:28:27",1225000
38.25,0.4,20000,"sd","10:28:21",1222400
38.3,0.45,800,"bu","10:28:18",1202400
38.25,0.4,40000,"sd","10:28:16",1201600
38.25,0.4,100,"sd","10:28:14",1161600
38.3,0.45,800,"bu","10:28:13",1161500
38.3,0.45,400,"bu","10:28:03",1160700
38.25,0.4,100,"sd","10:27:58",1160300
38.3,0.45,500,"bu","10:27:56",1160200
38.3,0.45,900,"bu","10:27:50",1159700
38.3,0.45,800,"bu","10:27:48",1158800
38.3,0.45,100,"bu","10:27:43",1158000
38.25,0.4,100,"sd","10:27:43",1157900
38.3,0.45,800,"bu","10:27:33",1157800
38.3,0.45,800,"bu","10:27:32",1157000
38.3,0.45,2000,"bu","10:27:29",1156200
38.25,0.4,100,"sd","10:27:28",1154200
38.3,0.45,1000,"bu","10:27:26",1154100
38.3,0.45,300,"bu","10:27:22",1153100
38.3,0.45,900,"bu","10:27:19",1152800
38.25,0.4,100,"sd","10:27:19",1151900
38.25,0.4,1800,"sd","10:27:16",1151800
38.25,0.4,1000,"sd","10:27:16",1150000
38.25,0.4,100,"sd","10:27:14",1149000
38.25,0.4,100,"sd","10:26:58",1148900
38.25,0.4,100,"sd","10:26:43",1148800
38.3,0.45,400,"bu","10:26:41",1148700
38.3,0.45,1700,"bu","10:26:39",1148300
38.25,0.4,1800,"sd","10:26:34",1146600
38.25,0.4,100,"sd","10:26:28",1144800
38.3,0.45,200,"bu","10:26:17",1144700
38.25,0.4,100,"sd","10:26:13",1144500
38.3,0.45,800,"bu","10:26:10",1144400
38.3,0.45,1000,"bu","10:26:07",1143600
38.3,0.45,30000,"bu","10:26:04",1142600
38.3,0.45,300,"bu","10:26:00",1112600
38.25,0.4,100,"sd","10:25:58",1112300
38.25,0.4,1000,"sd","10:25:54",1112200
38.25,0.4,1800,"sd","10:25:52",1111200
38.25,0.4,100,"sd","10:25:43",1109400
38.35,0.5,47300,"bu","10:25:38",1109300
38.3,0.45,2700,"bu","10:25:38",1062000
38.25,0.4,100,"sd","10:25:28",1059300
38.3,0.45,900,"bu","10:25:26",1059200
38.3,0.45,400,"bu","10:25:19",1058300
38.25,0.4,100,"sd","10:25:13",1057900
38.3,0.45,4800,"sd","10:25:05",1057800
38.3,0.45,100,"sd","10:24:58",1053000
38.3,0.45,1000,"sd","10:24:57",1052900
38.3,0.45,1400,"sd","10:24:52",1051900
38.3,0.45,1500,"sd","10:24:52",1050500
38.3,0.45,1000,"sd","10:24:51",1049000
38.3,0.45,200,"sd","10:24:48",1048000
38.3,0.45,1000,"sd","10:24:44",1047800
38.3,0.45,100,"sd","10:24:43",1046800
38.35,0.5,1000,"bu","10:24:38",1046700
38.35,0.5,200,"bu","10:24:28",1045700
38.3,0.45,100,"sd","10:24:28",1045500
38.3,0.45,5900,"bu","10:24:13",1045400
38.25,0.4,100,"sd","10:24:13",1039500
38.3,0.45,1000,"bu","10:24:10",1039400
38.3,0.45,100,"bu","10:24:08",1038400
38.25,0.4,200,"sd","10:23:58",1038300
38.3,0.45,500,"bu","10:23:56",1038100
38.3,0.45,900,"bu","10:23:50",1037600
38.3,0.45,900,"bu","10:23:48",1036700
38.3,0.45,3100,"sd","10:23:42",1035800
38.35,0.5,3600,"bu","10:23:40",1032700
38.3,0.45,26400,"bu","10:23:40",1029100
38.3,0.45,8900,"sd","10:23:35",1002700
38.3,0.45,300,"sd","10:23:35",993800
38.35,0.5,500,"bu","10:23:32",993500
38.35,0.5,400,"bu","10:23:30",993000
38.3,0.45,100,"sd","10:23:28",992600
38.35,0.5,1800,"bu","10:23:25",992500
38.35,0.5,500,"bu","10:23:15",990700
38.3,0.45,100,"sd","10:23:13",990200
38.35,0.5,200,"bu","10:23:10",990100
38.35,0.5,1000,"bu","10:23:09",989900
38.35,0.5,300,"sd","10:23:05",988900
38.35,0.5,700,"bu","10:23:02",988600
38.3,0.45,100,"sd","10:22:58",987900
38.35,0.5,900,"bu","10:22:55",987800
38.35,0.5,3000,"bu","10:22:53",986900
38.35,0.5,800,"bu","10:22:44",983900
38.3,0.45,100,"sd","10:22:43",983100
38.35,0.5,900,"bu","10:22:38",983000
38.35,0.5,1800,"bu","10:22:37",982100
38.35,0.5,100,"bu","10:22:32",980300
38.35,0.5,2100,"bu","10:22:29",980200
38.3,0.45,100,"sd","10:22:28",978100
38.35,0.5,300,"bu","10:22:25",978000
38.35,0.5,200,"bu","10:22:16",977700
38.35,0.5,1000,"bu","10:22:14",977500
38.4,0.55,900,"bu","10:22:14",976500
38.3,0.45,100,"sd","10:22:14",975600
38.4,0.55,22700,"bu","10:22:09",975500
38.35,0.5,1000,"bu","10:22:09",952800
38.3,0.45,10100,"sd","10:22:04",951800
38.35,0.5,300,"bu","10:22:03",941700
38.35,0.5,900,"bu","10:22:03",941400
38.35,0.5,300,"bu","10:22:00",940500
38.35,0.5,20000,"bu","10:21:59",940200
38.3,0.45,100,"sd","10:21:58",920200
38.3,0.45,100,"sd","10:21:44",920100
38.3,0.45,1800,"sd","10:21:43",920000
38.3,0.45,100,"sd","10:21:40",918200
38.3,0.45,10600,"bu","10:21:37",918100
38.3,0.45,1000,"bu","10:21:36",907500
38.3,0.45,300,"bu","10:21:35",906500
38.3,0.45,10000,"bu","10:21:34",906200
38.3,0.45,5000,"bu","10:21:33",896200
38.3,0.45,1600,"bu","10:21:32",891200
38.3,0.45,1000,"bu","10:21:29",889600
38.25,0.4,100,"sd","10:21:28",888600
38.25,0.4,500,"sd","10:21:26",888500
38.3,0.45,1000,"bu","10:21:26",888000
38.3,0.45,900,"bu","10:21:25",887000
38.3,0.45,800,"bu","10:21:22",886100
38.3,0.45,6000,"bu","10:21:16",885300
38.25,0.4,100,"sd","10:21:14",879300
38.25,0.4,100,"sd","10:21:13",879200
38.3,0.45,200,"bu","10:21:02",879100
38.25,0.4,1800,"sd","10:21:01",878900
38.25,0.4,100,"sd","10:20:58",877100
38.3,0.45,500,"bu","10:20:56",877000
38.25,0.4,5700,"bu","10:20:46",876500
38.25,0.4,10000,"bu","10:20:46",870800
38.2,0.35,100,"sd","10:20:43",860800
38.25,0.4,800,"bu","10:20:41",860700
38.25,0.4,1000,"bu","10:20:37",859900
38.25,0.4,2700,"bu","10:20:31",858900
38.25,0.4,400,"bu","10:20:30",856200
38.2,0.35,100,"sd","10:20:28",855800
38.25,0.4,8000,"bu","10:20:25",855700
38.2,0.35,1800,"sd","10:20:21",847700
38.2,0.35,100,"sd","10:20:13",845900
38.2,0.35,100,"sd","10:20:13",845800
38.2,0.35,100,"sd","10:19:58",845700
38.2,0.35,2000,"sd","10:19:46",845600
38.2,0.35,100,"sd","10:19:43",843600
38.2,0.35,100,"sd","10:19:40",843500
38.2,0.35,1800,"sd","10:19:38",843400
38.2,0.35,100,"sd","10:19:29",841600
38.2,0.35,3000,"sd","10:19:19",841500
38.2,0.35,5700,"bu","10:19:16",838500
38.15,0.3,1100,"sd","10:19:13",832800
38.2,0.35,800,"bu","10:19:09",831700
38.15,0.3,100,"sd","10:19:04",830900
38.2,0.35,1000,"bu","10:19:02",830800
38.2,0.35,1300,"bu","10:19:00",829800
38.15,0.3,1800,"sd","10:18:57",828500
38.15,0.3,500,"sd","10:18:54",826700
38.2,0.35,1800,"bu","10:18:49",826200
38.2,0.35,1000,"bu","10:18:45",824400
38.15,0.3,100,"sd","10:18:43",823400
38.2,0.35,2000,"sd","10:18:40",823300
38.2,0.35,8000,"bu","10:18:39",821300
38.15,0.3,10000,"sd","10:18:37",813300
38.2,0.35,900,"bu","10:18:36",803300
38.2,0.35,200,"bu","10:18:33",802400
38.2,0.35,3100,"bu","10:18:30",802200
38.15,0.3,100,"sd","10:18:28",799100
38.15,0.3,1800,"sd","10:18:15",799000
38.15,0.3,100,"sd","10:18:14",797200
38.2,0.35,1000,"bu","10:18:13",797100
38.2,0.35,900,"bu","10:18:12",796100
38.2,0.35,2900,"sd","10:18:12",795200
38.2,0.35,1300,"bu","10:18:02",790800
38.2,0.35,5000,"bu","10:17:59",789500
38.15,0.3,100,"sd","10:17:58",784500
38.2,0.35,6800,"sd","10:17:50",784400
38.2,0.35,2400,"sd","10:17:50",777600
38.25,0.4,100,"bu","10:17:49",775200
38.2,0.35,100,"sd","10:17:44",775100
38.25,0.4,200,"bu","10:17:42",775000
38.2,0.35,1800,"sd","10:17:34",774800
38.2,0.35,47000,"bu","10:17:33",773000
38.2,0.35,100,"bu","10:17:32",726000
38.2,0.35,1400,"bu","10:17:30",725900
38.15,0.3,100,"sd","10:17:29",724500
38.2,0.35,300,"bu","10:17:26",724400
38.2,0.35,100,"bu","10:17:25",724100
38.15,0.3,9900,"bu","10:17:23",724000
38.15,0.3,4000,"bu","10:17:21",714100
38.15,0.3,2000,"bu","10:17:19",710100
38.15,0.3,1700,"bu","10:17:18",708100
38.15,0.3,3100,"bu","10:17:15",706400
38.1,0.25,100,"sd","10:17:14",703300
38.1,0.25,100,"sd","10:16:59",703200
38.1,0.25,1800,"bu","10:16:58",703100
38.1,0.25,5200,"bu","10:16:57",693200
38.1,0.25,1000,"bu","10:16:56",688000
38.1,0.25,900,"bu","10:16:54",687000
38.1,0.25,2000,"bu","10:16:51",686100
38.1,0.25,4800,"bu","10:16:47",684100
38.05,0.2,100,"sd","10:16:44",679300
38.05,0.2,1800,"bu","10:16:33",679200
38.05,0.2,21200,"bu","10:16:32",677400
38.05,0.2,900,"bu","10:16:30",656200
38,0.15,100,"sd","10:16:29",655300
38.05,0.2,3000,"bu","10:16:24",655200
38.05,0.2,300,"bu","10:16:18",652200
38.05,0.2,1000,"bu","10:16:17",651900
38.05,0.2,400,"bu","10:16:15",650900
38,0.15,100,"sd","10:16:14",650500
38.05,0.2,900,"bu","10:16:12",650400
38.05,0.2,2000,"bu","10:16:12",649500
38.05,0.2,1000,"bu","10:16:08",647500
38.05,0.2,500,"bu","10:16:05",646500
38.05,0.2,300,"bu","10:16:00",646000
38,0.15,100,"sd","10:15:59",645700
38,0.15,100,"sd","10:15:58",645600
38,0.15,100,"sd","10:15:44",645500
38.05,0.2,3000,"bu","10:15:40",645400
38,0.15,100,"sd","10:15:29",642400
38.05,0.2,1000,"bu","10:15:24",642300
38.05,0.2,600,"bu","10:15:19",641300
38,0.15,100,"sd","10:15:14",640700
38,0.15,100,"sd","10:14:59",640600
38,0.15,1800,"sd","10:14:47",640500
38,0.15,100,"sd","10:14:44",638700
38.05,0.2,900,"bu","10:14:35",638600
38.05,0.2,400,"bu","10:14:30",637700
38,0.15,100,"sd","10:14:29",637300
38,0.15,100,"sd","10:14:14",637200
38,0.15,1800,"sd","10:14:06",637100
38,0.15,100,"sd","10:14:00",635300
38,0.15,100,"sd","10:13:58",635200
38,0.15,100,"sd","10:13:45",635100
38,0.15,200,"bu","10:13:39",635000
37.95,0.1,100,"sd","10:13:29",634800
38,0.15,100,"sd","10:13:28",634700
38,0.15,1800,"sd","10:13:24",634600
38,0.15,100,"sd","10:13:15",632800
38,0.15,1000,"sd","10:13:09",632700
38,0.15,100,"sd","10:13:00",631700
38.05,0.2,900,"bu","10:12:59",631600
38.05,0.2,100,"bu","10:12:58",630700
38,0.15,500,"bu","10:12:49",630600
37.95,0.1,100,"sd","10:12:44",630100
37.95,0.1,1800,"sd","10:12:43",630000
37.95,0.1,100,"sd","10:12:41",628200
38,0.15,1000,"bu","10:12:40",628100
38,0.15,1000,"bu","10:12:35",627100
38,0.15,1000,"bu","10:12:34",626100
38,0.15,1000,"bu","10:12:30",625100
37.95,0.1,100,"sd","10:12:29",624100
38,0.15,200,"bu","10:12:27",624000
38,0.15,2000,"bu","10:12:26",623800
38,0.15,100,"bu","10:12:18",621800
37.95,0.1,100,"sd","10:12:15",621700
38,0.15,900,"bu","10:12:12",621600
38,0.15,700,"bu","10:12:10",620700
38,0.15,1500,"bu","10:12:02",620000
37.95,0.1,1800,"sd","10:12:01",618500
37.95,0.1,100,"sd","10:12:00",616700
38,0.15,3000,"bu","10:11:57",616600
38,0.15,2000,"bu","10:11:54",613600
37.95,0.1,100,"sd","10:11:45",611600
38,0.15,1700,"bu","10:11:45",611500
38,0.15,1000,"bu","10:11:40",609800
37.95,0.1,100,"sd","10:11:30",608800
38,0.15,700,"bu","10:11:24",608700
38,0.15,300,"bu","10:11:23",608000
38,0.15,1900,"bu","10:11:16",607700
37.95,0.1,100,"sd","10:11:15",605800
38,0.15,4000,"sd","10:11:09",605700
38,0.15,100,"sd","10:11:00",601700
38,0.15,100,"sd","10:10:57",601600
38,0.15,500,"sd","10:10:47",601500
38,0.15,100,"sd","10:10:45",601000
38,0.15,1800,"sd","10:10:38",600900
38,0.15,100,"sd","10:10:31",599100
38,0.15,6100,"bu","10:10:26",599000
38,0.15,3900,"sd","10:10:26",592900
38,0.15,200,"sd","10:10:25",589000
38,0.15,100,"sd","10:10:16",588800
38,0.15,5000,"sd","10:10:03",588700
38,0.15,100,"sd","10:10:00",583700
38,0.15,10000,"sd","10:09:59",583600
38,0.15,1800,"sd","10:09:56",573600
38,0.15,100,"sd","10:09:46",571800
38,0.15,100,"sd","10:09:30",571700
38.05,0.2,2400,"bu","10:09:26",571600
38,0.15,100,"sd","10:09:16",569200
38,0.15,1800,"sd","10:09:15",569100
38,0.15,1000,"sd","10:09:03",567300
38,0.15,100,"sd","10:09:01",566300
38,0.15,100,"sd","10:08:51",566200
38,0.15,100,"sd","10:08:46",566100
38,0.15,1800,"sd","10:08:33",566000
38,0.15,100,"sd","10:08:31",564200
38,0.15,100,"sd","10:08:28",564100
38,0.15,100,"sd","10:08:23",564000
38,0.15,100,"sd","10:08:16",563900
38,0.15,8000,"bu","10:08:10",563800
37.95,0.1,100,"sd","10:08:01",555800
38,0.15,900,"bu","10:07:46",555700
37.95,0.1,100,"sd","10:07:46",554800
38,0.15,500,"bu","10:07:38",554700
37.95,0.1,100,"sd","10:07:31",554200
38,0.15,1000,"bu","10:07:27",554100
38,0.15,1000,"bu","10:07:23",553100
38,0.15,10400,"sd","10:07:17",552100
38,0.15,1800,"sd","10:07:10",541700
38,0.15,100,"sd","10:07:05",539900
38,0.15,100,"sd","10:07:01",539800
38,0.15,2000,"sd","10:06:59",539700
38,0.15,100,"sd","10:06:47",537700
38,0.15,100,"sd","10:06:32",537600
38,0.15,1800,"sd","10:06:28",537500
38,0.15,100,"sd","10:06:17",535700
38,0.15,12000,"sd","10:06:16",535600
38,0.15,100,"sd","10:06:02",523600
38,0.15,500,"sd","10:05:49",523500
38,0.15,1900,"sd","10:05:47",523000
38,0.15,900,"sd","10:05:44",521100
38,0.15,2000,"sd","10:05:38",520200
38,0.15,100,"sd","10:05:32",518200
38,0.15,100,"sd","10:05:17",518100
38.05,0.2,2000,"bu","10:05:09",518000
38,0.15,1800,"sd","10:05:05",516000
38,0.15,100,"sd","10:05:02",514200
38.05,0.2,900,"bu","10:04:57",514100
38.05,0.2,3000,"bu","10:04:49",513200
38,0.15,100,"sd","10:04:48",510200
38,0.15,100,"sd","10:04:33",510100
38.05,0.2,4200,"sd","10:04:29",510000
38.05,0.2,1800,"sd","10:04:24",505800
38.05,0.2,24000,"bu","10:04:18",504000
38,0.15,100,"sd","10:04:18",480000
38.05,0.2,900,"bu","10:04:10",479900
38.05,0.2,100,"sd","10:04:04",479000
38.05,0.2,100,"sd","10:04:03",478900
38,0.15,1800,"sd","10:03:53",478800
38.05,0.2,6200,"sd","10:03:53",477000
38.1,0.25,1000,"bu","10:03:51",470800
38.05,0.2,100,"sd","10:03:48",469800
38.1,0.25,900,"bu","10:03:46",469700
38.1,0.25,900,"sd","10:03:36",468800
38.1,0.25,100,"sd","10:03:33",467900
38.1,0.25,700,"sd","10:03:22",467800
38.1,0.25,600,"sd","10:03:20",467100
38.1,0.25,100,"sd","10:03:18",466500
38.15,0.3,12000,"sd","10:03:06",466400
38.15,0.3,100,"sd","10:03:03",454400
38.2,0.35,900,"bu","10:02:57",454300
38.2,0.35,700,"bu","10:02:55",453400
38.2,0.35,13300,"sd","10:02:51",452700
38.2,0.35,1000,"sd","10:02:50",439400
38.2,0.35,100,"sd","10:02:49",438400
38.2,0.35,1800,"sd","10:02:46",438300
38.2,0.35,6700,"sd","10:02:38",436500
38.2,0.35,17300,"sd","10:02:37",429800
38.2,0.35,100,"sd","10:02:36",412500
38.2,0.35,100,"sd","10:02:34",412400
38.2,0.35,100,"sd","10:02:19",412300
38.25,0.4,400,"sd","10:02:17",412200
38.25,0.4,500,"sd","10:02:13",411800
38.25,0.4,1000,"bu","10:02:08",411300
38.2,0.35,100,"sd","10:02:04",410300
38.2,0.35,100,"sd","10:01:49",410200
38.2,0.35,1800,"sd","10:01:39",410100
38.2,0.35,100,"sd","10:01:34",408300
38.2,0.35,100,"sd","10:01:31",408200
38.2,0.35,100,"sd","10:01:19",408100
38.3,0.45,1200,"bu","10:01:18",408000
38.3,0.45,1000,"bu","10:01:10",406800
38.2,0.35,100,"sd","10:01:04",405800
38.3,0.45,400,"sd","10:01:01",405700
38.3,0.45,300,"sd","10:00:57",405300
38.3,0.45,300,"bu","10:00:56",405000
38.3,0.45,1500,"sd","10:00:56",404700
38.3,0.45,400,"sd","10:00:55",403200
38.3,0.45,200,"sd","10:00:55",402800
38.3,0.45,5900,"bu","10:00:51",402600
38.2,0.35,100,"sd","10:00:50",396700
38.2,0.35,200,"sd","10:00:46",396600
38.3,0.45,600,"bu","10:00:45",396400
38.2,0.35,100,"sd","10:00:35",395800
38.3,0.45,4800,"bu","10:00:32",395700
38.3,0.45,2200,"bu","10:00:29",390900
38.3,0.45,7800,"bu","10:00:26",388700
38.25,0.4,2200,"bu","10:00:26",380900
38.2,0.35,100,"sd","10:00:20",378700
38.2,0.35,1800,"sd","10:00:14",378600
38.2,0.35,1000,"sd","10:00:12",376800
38.2,0.35,41500,"bu","10:00:06",375800
38.15,0.3,100,"sd","10:00:05",334300
38.2,0.35,5000,"bu","10:00:04",334200
38.2,0.35,10000,"bu","10:00:02",329200
38.2,0.35,1000,"bu","09:59:57",319200
38.2,0.35,200,"bu","09:59:57",318200
38.15,0.3,100,"sd","09:59:50",318000
38.2,0.35,900,"bu","09:59:44",317900
38.2,0.35,200,"bu","09:59:42",317000
38.15,0.3,100,"bu","09:59:42",316800
38.15,0.3,2900,"sd","09:59:38",316700
38.15,0.3,600,"bu","09:59:36",313800
38.1,0.25,100,"sd","09:59:35",313200
38.1,0.25,1800,"sd","09:59:33",313100
38.1,0.25,8000,"bu","09:59:25",311300
38.1,0.25,5000,"bu","09:59:24",303300
38.1,0.25,300,"bu","09:59:21",298300
38.05,0.2,100,"sd","09:59:20",298000
38.1,0.25,900,"bu","09:59:20",297900
38.1,0.25,4200,"bu","09:59:19",297000
38.1,0.25,100,"bu","09:59:12",292800
38.1,0.25,100,"bu","09:59:09",292700
38.05,0.2,100,"sd","09:59:06",292600
38,0.15,2100,"sd","09:58:54",292500
38.1,0.25,9500,"bu","09:58:52",290400
38.05,0.2,10500,"bu","09:58:52",280900
38,0.15,1900,"sd","09:58:51",270400
38,0.15,100,"sd","09:58:36",268500
38,0.15,15500,"bu","09:58:33",268400
38,0.15,2000,"bu","09:58:32",252900
38,0.15,4000,"bu","09:58:26",250900
37.95,0.1,100,"sd","09:58:21",246900
38,0.15,1000,"bu","09:58:18",246800
38,0.15,300,"bu","09:58:16",245800
37.95,0.1,1800,"sd","09:58:09",245500
38,0.15,2900,"bu","09:58:09",243700
37.95,0.1,100,"sd","09:58:06",240800
38,0.15,7200,"bu","09:57:59",240700
37.95,0.1,900,"bu","09:57:54",233500
37.9,0.05,100,"sd","09:57:51",232600
37.95,0.1,9100,"sd","09:57:50",232500
38,0.15,2000,"bu","09:57:50",223400
38,0.15,2000,"bu","09:57:49",221400
37.95,0.1,100,"sd","09:57:37",219400
38,0.15,2000,"bu","09:57:29",219300
37.95,0.1,1800,"sd","09:57:28",217300
37.95,0.1,100,"sd","09:57:22",215500
38,0.15,4500,"bu","09:57:19",215400
37.95,0.1,100,"sd","09:57:07",200900
37.95,0.1,100,"sd","09:56:52",200800
38,0.15,5000,"bu","09:56:52",200700
37.95,0.1,4600,"bu","09:56:47",195700
37.9,0.05,1800,"sd","09:56:46",191100
37.95,0.1,900,"bu","09:56:45",189300
37.9,0.05,2000,"sd","09:56:42",188400
37.9,0.05,100,"sd","09:56:37",186400
37.95,0.1,500,"bu","09:56:37",186300
37.95,0.1,2500,"bu","09:56:35",185800
37.95,0.1,2000,"bu","09:56:31",183300
37.9,0.05,100,"sd","09:56:22",181300
37.9,0.05,12600,"bu","09:56:18",181200
37.85,0,900,"bu","09:56:18",168600
37.8,-0.05,100,"sd","09:56:08",167700
37.85,0,900,"bu","09:56:07",167600
37.85,0,100,"sd","09:55:53",166700
37.85,0,900,"bu","09:55:45",166600
37.8,-0.05,100,"sd","09:55:38",165700
37.85,0,100,"sd","09:55:36",165600
37.85,0,4900,"bu","09:55:29",165500
37.8,-0.05,1900,"sd","09:55:23",160600
37.8,-0.05,200,"sd","09:55:22",158700
37.8,-0.05,100,"sd","09:55:08",158500
37.8,-0.05,100,"sd","09:54:53",158400
37.85,0,1100,"bu","09:54:44",158300
37.85,0,900,"bu","09:54:43",157200
37.8,-0.05,1800,"sd","09:54:42",156300
37.8,-0.05,100,"sd","09:54:39",154500
37.8,-0.05,100,"sd","09:54:24",154400
37.8,-0.05,3200,"bu","09:54:20",154300
37.75,-0.1,100,"sd","09:54:09",151100
37.75,-0.1,1800,"sd","09:54:00",151000
37.75,-0.1,100,"sd","09:53:54",149200
37.8,-0.05,1000,"bu","09:53:43",149100
37.8,-0.05,100,"bu","09:53:41",148100
37.75,-0.1,100,"sd","09:53:39",148000
37.8,-0.05,5000,"bu","09:53:33",147900
37.75,-0.1,100,"sd","09:53:25",142900
37.8,-0.05,900,"bu","09:53:19",142800
37.8,-0.05,5000,"bu","09:53:14",141900
37.75,-0.1,100,"sd","09:53:10",136900
37.75,-0.1,100,"sd","09:52:55",136800
37.75,-0.1,100,"sd","09:52:40",136700
37.75,-0.1,100,"sd","09:52:26",136600
37.8,-0.05,100,"bu","09:52:12",136500
37.75,-0.1,100,"sd","09:52:10",136400
37.75,-0.1,100,"sd","09:51:56",136300
37.75,-0.1,100,"sd","09:51:41",136200
37.75,-0.1,100,"sd","09:51:26",136100
37.75,-0.1,100,"sd","09:51:11",136000
37.75,-0.1,100,"sd","09:50:56",135900
37.75,-0.1,200,"bu","09:50:54",135800
37.75,-0.1,100,"bu","09:50:45",135600
37.7,-0.15,200,"sd","09:50:45",135500
37.7,-0.15,100,"sd","09:50:42",135300
37.7,-0.15,100,"sd","09:50:27",135200
37.7,-0.15,100,"sd","09:50:12",135100
37.7,-0.15,100,"sd","09:49:57",135000
37.7,-0.15,100,"sd","09:49:43",134900
37.7,-0.15,100,"sd","09:49:27",134800
37.7,-0.15,100,"sd","09:49:13",134700
37.75,-0.1,200,"sd","09:49:08",134600
37.75,-0.1,1300,"sd","09:49:04",134400
37.75,-0.1,100,"sd","09:48:58",133100
37.75,-0.1,3000,"sd","09:48:50",133000
37.75,-0.1,100,"sd","09:48:44",130000
37.75,-0.1,2000,"sd","09:48:36",129900
37.8,-0.05,100,"bu","09:48:29",127900
37.75,-0.1,100,"sd","09:48:28",127800
37.75,-0.1,200,"sd","09:48:15",127700
37.75,-0.1,100,"sd","09:48:14",127500
