"price","change","match_qtty","side","time","total_vol"
63.5,0.4,15700,"","14:45:21",474900
63.6,0.5,100,"sd","14:29:49",459200
63.7,0.6,1000,"bu","14:29:19",459100
63.7,0.6,400,"bu","14:29:05",458100
63.6,0.5,100,"sd","14:29:03",457700
63.6,0.5,1000,"sd","14:28:41",457600
63.7,0.6,200,"bu","14:28:37",456600
63.7,0.6,1000,"bu","14:28:29",456400
63.7,0.6,2500,"bu","14:28:28",455400
63.7,0.6,100,"bu","14:28:17",452900
63.7,0.6,200,"bu","14:27:26",452800
63.7,0.6,400,"bu","14:27:04",452600
63.7,0.6,1400,"sd","14:26:35",452200
63.7,0.6,100,"sd","14:26:20",450800
63.7,0.6,3000,"sd","14:26:17",450700
63.8,0.7,400,"bu","14:26:05",447700
63.7,0.6,200,"sd","14:25:56",447300
63.7,0.6,1400,"bu","14:25:55",447100
63.7,0.6,3800,"bu","14:25:54",445700
63.6,0.5,1000,"sd","14:25:47",441900
63.7,0.6,200,"bu","14:25:45",440900
63.7,0.6,500,"bu","14:25:31",440700
63.5,0.4,500,"sd","14:24:59",440200
63.6,0.5,100,"bu","14:24:52",439700
63.6,0.5,2000,"bu","14:24:49",439600
63.6,0.5,400,"bu","14:24:47",437600
63.6,0.5,700,"bu","14:24:39",437200
63.6,0.5,500,"bu","14:24:32",436500
63.6,0.5,2200,"bu","14:24:12",436000
63.5,0.4,1900,"sd","14:23:49",433800
63.5,0.4,1000,"sd","14:23:45",431900
63.5,0.4,400,"sd","14:23:25",430900
63.6,0.5,100,"bu","14:22:50",430500
63.6,0.5,400,"bu","14:22:43",430400
63.6,0.5,400,"bu","14:22:34",430000
63.6,0.5,300,"bu","14:22:33",429600
63.6,0.5,300,"bu","14:22:31",429300
63.6,0.5,500,"bu","14:22:30",429000
63.6,0.5,400,"bu","14:22:28",428500
63.6,0.5,400,"bu","14:22:20",428100
63.6,0.5,400,"bu","14:22:12",427700
63.6,0.5,400,"bu","14:22:05",427300
63.6,0.5,400,"bu","14:22:03",426900
63.5,0.4,400,"sd","14:21:49",426500
63.5,0.4,100,"bu","14:21:48",426100
63.5,0.4,1800,"bu","14:21:26",426000
63.5,0.4,4800,"bu","14:21:20",424200
63.5,0.4,100,"bu","14:21:16",419400
63.5,0.4,800,"bu","14:20:21",419300
63.4,0.3,500,"sd","14:20:15",418500
63.5,0.4,600,"bu","14:19:57",418000
63.5,0.4,300,"bu","14:19:46",417400
63.5,0.4,400,"bu","14:19:45",417100
63.5,0.4,200,"bu","14:19:27",416700
63.4,0.3,400,"sd","14:18:40",416500
63.4,0.3,500,"sd","14:17:06",416100
63.4,0.3,800,"bu","14:15:56",415600
63.4,0.3,400,"bu","14:15:48",414800
63.4,0.3,700,"bu","14:15:45",414400
63.4,0.3,1800,"bu","14:15:38",413700
63.3,0.2,400,"sd","14:15:30",411900
63.4,0.3,400,"bu","14:15:27",411500
63.4,0.3,400,"bu","14:15:15",411100
63.4,0.3,400,"bu","14:15:10",410700
63.3,0.2,200,"sd","14:14:20",410300
63.3,0.2,500,"sd","14:13:55",410100
63.3,0.2,100,"bu","14:12:58",409600
63.3,0.2,2000,"bu","14:12:48",409500
63.3,0.2,1200,"sd","14:12:31",407500
63.3,0.2,400,"sd","14:12:21",406300
63.3,0.2,300,"bu","14:11:06",405900
63.2,0.1,500,"sd","14:10:46",405600
63.3,0.2,700,"sd","14:10:43",405100
63.4,0.3,400,"bu","14:10:09",404400
63.3,0.2,100,"bu","14:10:04",404000
63.2,0.1,600,"sd","14:10:02",403900
63.3,0.2,500,"sd","14:09:47",403300
63.3,0.2,500,"sd","14:09:43",402800
63.3,0.2,500,"bu","14:09:31",402300
63.3,0.2,500,"bu","14:09:31",401800
63.2,0.2,1000,"sd","14:08:09",456900
63.2,0.2,300,"sd","14:07:51",455900
63.2,0.2,300,"sd","14:07:09",455600
63.2,0.2,800,"sd","14:06:58",455300
63.2,0.2,100,"sd","14:06:47",454500
63.2,0.2,100,"sd","14:06:40",454400
63.2,0.2,300,"sd","14:06:26",454300
63.2,0.2,400,"sd","14:05:53",454000
63.2,0.2,300,"sd","14:05:43",453600
63.2,0.2,100,"sd","14:05:04",453300
63.3,0.3,1300,"bu","14:04:45",453200
63.3,0.3,900,"bu","14:04:40",451900
63.2,0.2,300,"sd","14:04:16",451000
63.2,0.2,300,"sd","14:03:34",450700
63.2,0.2,200,"bu","14:03:14",450400
63.2,0.2,100,"sd","14:02:53",450200
63.3,0.3,200,"bu","14:02:28",450100
63.2,0.2,300,"sd","14:02:09",449900
63.2,0.2,200,"sd","14:02:04",449600
63.2,0.2,700,"sd","14:01:50",449400
63.3,0.2,400,"sd","14:01:39",384400
63.4,0.3,100,"bu","14:01:17",384000
63.3,0.2,500,"sd","14:00:31",383900
63.3,0.2,700,"bu","13:59:09",383400
63.3,0.2,1200,"bu","13:59:06",382700
63.3,0.2,200,"bu","13:58:55",381500
63.3,0.2,500,"bu","13:58:46",381300
63.3,0.2,300,"bu","13:58:25",380800
63.3,0.2,100,"bu","13:58:24",380500
63.3,0.2,1000,"bu","13:58:12",380400
63.3,0.2,500,"bu","13:58:05",379400
63.3,0.2,300,"bu","13:58:04",378900
63.3,0.2,500,"bu","13:58:00",378600
63.3,0.2,300,"bu","13:57:57",378100
63.3,0.2,500,"bu","13:57:24",377800
63.3,0.2,8500,"sd","13:56:18",377300
63.3,0.2,1500,"bu","13:56:15",368800
63.3,0.2,400,"sd","13:55:59",367300
63.3,0.2,2500,"sd","13:55:57",366900
63.3,0.2,500,"sd","13:55:56",364400
63.3,0.2,100,"sd","13:55:28",363900
63.3,0.2,300,"sd","13:54:45",363800
63.3,0.2,400,"sd","13:54:06",363500
63.3,0.2,200,"sd","13:53:53",363100
63.3,0.2,500,"sd","13:53:46",362900
63.3,0.2,400,"sd","13:53:40",362400
63.3,0.2,1100,"sd","13:53:34",362000
63.3,0.2,400,"sd","13:53:32",360900
63.3,0.2,500,"sd","13:53:29",360500
63.4,0.3,1600,"sd","13:53:23",360000
63.4,0.3,400,"sd","13:53:21",358400
63.4,0.3,500,"sd","13:53:19",358000
63.4,0.3,300,"sd","13:53:15",357500
63.4,0.3,400,"sd","13:53:04",357200
63.4,0.3,1000,"sd","13:53:02",356800
63.4,0.3,100,"sd","13:52:59",355800
63.4,0.3,400,"sd","13:52:58",355700
63.4,0.3,500,"sd","13:52:57",355300
63.4,0.3,400,"sd","13:52:50",354800
63.4,0.3,500,"sd","13:52:32",354400
63.4,0.3,400,"sd","13:52:23",353900
63.4,0.3,500,"sd","13:52:17",353500
63.4,0.3,300,"sd","13:52:13",353000
63.4,0.3,400,"sd","13:52:06",352700
63.4,0.3,400,"sd","13:52:00",352300
63.4,0.3,400,"sd","13:51:53",351900
63.4,0.3,400,"sd","13:51:52",351500
63.4,0.3,500,"sd","13:51:50",351100
63.4,0.3,500,"sd","13:51:38",350600
63.5,0.4,600,"bu","13:51:32",350100
63.4,0.3,400,"sd","13:51:22",349500
63.4,0.3,300,"sd","13:50:26",349100
63.4,0.3,1000,"sd","13:49:23",348800
63.4,0.3,100,"sd","13:48:59",347800
63.4,0.3,200,"sd","13:48:58",347700
63.4,0.3,2500,"sd","13:48:01",347500
63.4,0.3,500,"sd","13:47:43",345000
63.5,0.4,400,"sd","13:47:43",344500
63.5,0.4,600,"bu","13:47:41",344100
63.5,0.4,100,"bu","13:47:30",343500
63.5,0.4,100,"sd","13:47:05",343400
63.5,0.4,2900,"bu","13:47:02",343300
63.5,0.4,100,"bu","13:46:36",340400
63.5,0.4,1500,"bu","13:45:14",340300
63.5,0.4,500,"bu","13:44:16",338800
63.3,0.2,2700,"sd","13:44:04",338300
63.4,0.3,2300,"sd","13:44:04",335600
63.4,0.3,500,"sd","13:43:37",333300
63.4,0.3,400,"sd","13:43:32",332800
63.4,0.3,200,"sd","13:43:23",332400
63.4,0.3,400,"sd","13:43:23",332200
63.4,0.3,300,"sd","13:43:13",331800
63.4,0.3,700,"sd","13:43:12",331500
63.4,0.3,500,"sd","13:43:03",330800
63.4,0.3,200,"sd","13:42:46",330300
63.4,0.3,400,"sd","13:41:59",330100
63.4,0.3,300,"sd","13:41:47",329700
63.4,0.3,600,"sd","13:41:29",329400
63.5,0.4,1000,"bu","13:41:26",328800
63.4,0.3,5000,"sd","13:41:20",327800
63.4,0.3,100,"sd","13:41:06",322800
63.5,0.4,3000,"bu","13:40:41",322700
63.4,0.3,100,"sd","13:40:26",319700
63.5,0.4,100,"bu","13:39:57",319600
63.4,0.3,100,"sd","13:39:49",319500
63.4,0.3,300,"sd","13:38:54",319400
63.4,0.3,300,"sd","13:37:28",319100
63.4,0.3,2100,"sd","13:37:10",318800
63.4,0.3,400,"sd","13:36:30",316700
63.4,0.3,400,"sd","13:36:19",316300
63.4,0.3,400,"sd","13:36:06",315900
63.4,0.3,400,"sd","13:36:02",315500
63.4,0.3,200,"sd","13:35:56",315100
63.5,0.4,200,"bu","13:35:53",314900
63.5,0.4,8900,"sd","13:35:15",314700
63.6,0.5,700,"bu","13:35:07",305800
63.5,0.4,100,"sd","13:34:46",305100
63.5,0.4,300,"sd","13:34:34",305000
63.5,0.4,400,"sd","13:34:29",304700
63.5,0.4,400,"sd","13:34:22",304300
63.5,0.4,400,"sd","13:34:04",303900
63.5,0.4,200,"sd","13:33:56",303500
63.6,0.5,1500,"bu","13:33:33",303300
63.6,0.5,100,"bu","13:32:58",301800
63.6,0.5,2100,"bu","13:31:39",301700
63.6,0.5,2000,"bu","13:31:28",299600
63.5,0.4,300,"sd","13:30:16",297600
63.5,0.4,1700,"bu","13:29:22",297300
63.4,0.3,300,"sd","13:28:49",295600
63.4,0.3,100,"bu","13:27:37",295300
63.3,0.2,300,"sd","13:27:36",295200
63.4,0.3,1500,"bu","13:27:35",294900
63.4,0.3,1100,"bu","13:27:12",293400
63.4,0.3,600,"bu","13:27:07",292300
63.3,0.2,300,"sd","13:25:56",291700
63.3,0.2,300,"sd","13:25:55",291400
63.3,0.2,100,"sd","13:25:29",291100
63.4,0.3,2400,"sd","13:25:24",291000
63.4,0.3,700,"bu","13:25:12",288600
63.4,0.3,200,"bu","13:24:56",287900
63.4,0.3,500,"bu","13:23:15",287700
63.4,0.3,600,"bu","13:22:40",287200
63.3,0.2,200,"sd","13:21:55",286600
63.4,0.3,500,"bu","13:21:38",286400
63.3,0.2,300,"sd","13:21:37",285900
63.3,0.2,100,"sd","13:21:05",285600
63.4,0.3,500,"bu","13:20:57",285500
63.4,0.3,300,"bu","13:20:52",285000
63.4,0.3,5600,"sd","13:20:20",284700
63.4,0.3,300,"sd","13:20:11",279100
63.4,0.3,400,"sd","13:18:45",278800
63.4,0.3,500,"sd","13:17:49",278400
63.4,0.3,300,"sd","13:17:17",277900
63.4,0.3,400,"sd","13:17:08",277600
63.4,0.3,400,"sd","13:17:06",277200
63.4,0.3,400,"sd","13:16:55",276800
63.4,0.3,100,"sd","13:16:17",276400
63.4,0.3,500,"sd","13:16:16",276300
63.4,0.3,300,"sd","13:15:52",275800
63.4,0.3,1000,"sd","13:15:04",275500
63.5,0.4,500,"bu","13:13:27",274500
63.5,0.4,500,"sd","13:13:08",274000
63.5,0.4,800,"sd","13:13:08",273500
63.5,0.4,300,"sd","13:12:58",272700
63.5,0.4,500,"sd","13:12:02",272400
63.5,0.4,800,"sd","13:11:49",271900
63.5,0.4,100,"sd","13:11:48",271100
63.5,0.4,200,"sd","13:11:39",271000
63.5,0.4,200,"sd","13:11:36",270800
63.5,0.4,400,"sd","13:11:31",270600
63.4,0.3,7900,"sd","13:10:51",270200
63.5,0.4,100,"sd","13:10:51",262300
63.5,0.4,900,"bu","13:10:50",262200
63.5,0.4,100,"bu","13:10:38",261300
63.5,0.4,100,"bu","13:09:57",261200
63.5,0.4,200,"bu","13:09:24",261100
63.5,0.4,100,"bu","13:09:03",260900
63.5,0.4,200,"bu","13:09:02",260800
63.5,0.4,3000,"bu","13:08:43",260600
63.5,0.4,1500,"bu","13:07:55",257600
63.5,0.4,100,"bu","13:07:48",256100
63.5,0.4,100,"bu","13:07:32",256000
63.4,0.3,300,"sd","13:07:13",255900
63.4,0.3,100,"sd","13:07:12",255600
63.4,0.3,100,"sd","13:07:10",255500
63.4,0.3,100,"sd","13:06:32",255400
63.4,0.3,300,"sd","13:06:13",255300
63.4,0.3,600,"sd","13:06:02",255000
63.5,0.4,6700,"sd","13:04:18",254400
63.5,0.4,300,"sd","13:03:23",247700
63.5,0.4,400,"sd","13:02:53",247400
63.5,0.4,100,"sd","13:02:01",247000
63.5,0.4,400,"sd","13:01:34",246900
63.5,0.4,600,"sd","13:01:21",246500
63.5,0.4,500,"sd","13:01:12",245900
63.5,0.4,400,"sd","13:01:05",245400
63.5,0.4,400,"sd","13:01:04",245000
63.5,0.4,900,"sd","13:00:58",244600
63.5,0.4,500,"sd","13:00:56",243700
63.5,0.4,700,"sd","13:00:56",243200
63.5,0.4,500,"sd","13:00:55",242500
63.6,0.5,1300,"sd","13:00:52",242000
63.6,0.5,700,"sd","13:00:51",240700
63.6,0.5,1000,"sd","13:00:49",240000
63.6,0.5,5800,"sd","13:00:47",239000
63.6,0.5,200,"sd","13:00:46",233200
63.6,0.5,800,"sd","13:00:44",233000
63.6,0.5,100,"sd","13:00:16",232200
63.7,0.6,300,"bu","13:00:14",232100
63.6,0.5,300,"sd","13:00:10",231800
63.6,0.5,300,"sd","11:29:25",231500
63.6,0.5,1200,"sd","11:29:14",231200
63.6,0.5,400,"sd","11:29:03",230000
63.6,0.5,300,"sd","11:28:35",229600
63.6,0.5,200,"sd","11:28:28",229300
63.7,0.6,2200,"sd","11:28:20",229100
63.8,0.7,100,"bu","11:28:19",226900
63.7,0.6,300,"sd","11:27:36",226800
63.7,0.6,100,"sd","11:27:35",226500
63.7,0.6,300,"sd","11:27:08",226400
63.7,0.6,2900,"sd","11:25:54",226100
63.7,0.6,300,"sd","11:25:42",223200
63.7,0.6,2000,"sd","11:24:51",222900
63.7,0.6,5000,"sd","11:24:51",220900
63.7,0.6,4300,"sd","11:24:39",215900
63.7,0.6,800,"sd","11:24:31",211600
63.7,0.6,300,"sd","11:24:15",210800
63.7,0.6,5900,"sd","11:24:05",210500
63.7,0.6,300,"sd","11:22:50",204600
63.7,0.6,300,"sd","11:22:43",204300
63.7,0.6,300,"sd","11:21:23",204000
63.7,0.6,800,"sd","11:21:16",203700
63.8,0.7,300,"sd","11:19:13",202900
63.8,0.7,500,"sd","11:18:43",202600
63.8,0.7,400,"sd","11:18:30",202100
63.8,0.7,800,"bu","11:18:18",201700
63.8,0.7,2500,"sd","11:16:52",200900
63.9,0.8,400,"bu","11:15:05",198400
63.9,0.8,1200,"bu","11:15:04",198000
63.8,0.7,1000,"sd","11:14:54",196800
63.8,0.7,2200,"sd","11:14:38",195800
63.8,0.7,2800,"sd","11:14:37",193600
63.9,0.8,100,"bu","11:14:35",190800
63.8,0.7,300,"sd","11:14:10",190700
63.8,0.7,500,"sd","11:14:08",190400
63.8,0.7,1000,"sd","11:13:41",189900
63.8,0.7,500,"sd","11:13:29",188900
63.8,0.7,300,"sd","11:12:44",188400
63.8,0.7,300,"sd","11:11:18",188100
63.8,0.7,800,"sd","11:11:05",187800
63.9,0.8,1400,"bu","11:04:13",187000
63.8,0.7,300,"sd","11:04:09",185600
63.8,0.7,300,"sd","11:04:05",185300
63.8,0.7,500,"sd","11:03:50",185000
63.8,0.7,5000,"sd","11:03:24",184500
63.8,0.7,3000,"sd","11:03:20",179500
63.8,0.7,500,"sd","11:03:12",176500
63.8,0.7,300,"sd","11:02:39",176000
63.8,0.7,1700,"sd","11:02:37",175700
63.8,0.7,4000,"sd","11:02:36",174000
63.8,0.7,1700,"sd","11:01:54",170000
63.8,0.7,3300,"bu","11:01:42",168300
63.8,0.7,10500,"bu","11:01:24",165000
63.7,0.6,100,"sd","11:01:20",154500
63.7,0.6,300,"sd","11:01:13",154400
63.7,0.6,300,"sd","10:59:46",154100
63.7,0.6,300,"sd","10:58:20",153800
63.7,0.6,300,"sd","10:56:53",153500
63.7,0.6,100,"sd","10:55:47",153200
63.8,0.7,2300,"bu","10:55:14",153100
63.7,0.6,100,"sd","10:54:59",150800
63.8,0.7,400,"sd","10:54:27",150700
63.8,0.7,700,"sd","10:54:26",150300
63.8,0.7,700,"bu","10:54:18",149600
63.7,0.6,200,"sd","10:54:14",148900
63.7,0.6,700,"sd","10:54:01",148700
63.7,0.6,400,"sd","10:54:00",148000
63.7,0.6,100,"sd","10:52:41",147600
63.8,0.7,300,"sd","10:51:59",147500
63.8,0.7,500,"sd","10:51:50",147200
63.8,0.7,2000,"sd","10:51:14",146700
63.8,0.7,300,"sd","10:51:08",144700
63.8,0.7,500,"sd","10:50:44",144400
63.9,0.8,1200,"bu","10:47:31",143900
63.8,0.7,3000,"sd","10:47:22",142700
63.9,0.8,200,"bu","10:47:16",139700
63.8,0.7,300,"sd","10:47:09",139500
63.8,0.7,300,"sd","10:46:48",139200
63.8,0.7,1000,"sd","10:45:35",138900
63.8,0.7,300,"sd","10:45:22",137900
63.8,0.7,400,"sd","10:45:00",137600
63.8,0.7,100,"sd","10:44:13",137200
63.8,0.7,300,"sd","10:43:56",137100
63.8,0.7,1900,"sd","10:42:31",136800
63.8,0.7,400,"sd","10:42:29",134900
63.8,0.7,500,"bu","10:42:07",134500
63.8,0.7,200,"bu","10:41:54",134000
63.8,0.7,300,"sd","10:41:49",133800
63.8,0.7,800,"sd","10:41:34",133500
63.8,0.7,3900,"bu","10:41:29",132700
63.8,0.7,200,"bu","10:40:56",128800
63.8,0.7,200,"bu","10:39:40",128600
63.8,0.7,200,"bu","10:39:23",128400
63.7,0.6,300,"sd","10:38:10",128200
63.7,0.6,2300,"sd","10:37:08",127900
63.8,0.7,1000,"bu","10:36:58",125600
63.8,0.7,800,"sd","10:36:10",124600
63.8,0.7,100,"sd","10:36:09",123800
63.8,0.7,4100,"bu","10:36:02",123700
63.8,0.7,600,"bu","10:35:44",119600
63.8,0.7,500,"bu","10:34:13",119000
63.8,0.7,3200,"sd","10:33:54",118500
63.8,0.7,300,"sd","10:33:51",115300
63.8,0.7,100,"sd","10:33:38",115000
63.8,0.7,500,"sd","10:33:13",114900
63.9,0.8,200,"bu","10:32:08",114400
63.9,0.8,200,"bu","10:32:06",114000
63.9,0.8,200,"bu","10:31:58",113800
63.9,0.8,300,"bu","10:31:35",113600
63.9,0.8,500,"bu","10:29:51",113300
63.8,0.7,500,"bu","10:29:51",112800
63.8,0.7,500,"sd","10:29:45",112300
63.8,0.7,200,"sd","10:29:39",111800
63.9,0.8,1000,"bu","10:29:36",111600
63.8,0.7,300,"sd","10:29:31",110600
63.8,0.7,500,"sd","10:29:29",110300
63.8,0.7,400,"bu","10:29:02",109800
63.8,0.7,500,"bu","10:29:02",109400
63.8,0.7,2400,"sd","10:28:42",108900
63.8,0.7,200,"sd","10:28:30",106500
63.8,0.7,200,"sd","10:28:12",106300
63.8,0.7,100,"sd","10:28:11",106100
63.8,0.7,300,"sd","10:28:05",106000
63.8,0.7,1000,"sd","10:27:34",105700
63.8,0.7,200,"sd","10:27:17",104700
63.8,0.7,300,"sd","10:26:38",104500
63.7,0.6,500,"sd","10:25:50",104200
63.9,0.8,100,"bu","10:24:59",103700
63.9,0.8,100,"bu","10:23:47",103600
63.9,0.8,200,"bu","10:22:18",103500
63.8,0.7,100,"bu","10:22:18",103300
63.8,0.7,100,"bu","10:21:52",103200
63.8,0.7,3000,"sd","10:21:19",103100
63.8,0.7,100,"sd","10:21:14",100100
63.8,0.7,300,"sd","10:20:53",100000
63.8,0.7,3000,"sd","10:20:43",99700
63.8,0.7,300,"sd","10:20:24",96700
63.9,0.8,1100,"bu","10:20:18",96400
63.9,0.8,400,"bu","10:20:17",95300
63.9,0.8,300,"bu","10:19:49",94900
63.9,0.8,200,"bu","10:18:54",94600
63.9,0.8,100,"sd","10:17:32",94400
63.9,0.8,100,"bu","10:17:23",94300
63.9,0.8,1000,"bu","10:17:04",94200
63.9,0.8,200,"bu","10:16:43",93200
63.8,0.7,300,"sd","10:16:33",93000
63.8,0.7,600,"bu","10:16:21",92700
63.8,0.7,1600,"bu","10:16:19",92100
63.7,0.6,500,"bu","10:15:34",90500
63.7,0.6,200,"bu","10:15:29",90000
63.7,0.6,400,"bu","10:15:13",89800
63.6,0.5,300,"sd","10:15:07",89400
63.6,0.5,100,"bu","10:14:30",89100
63.6,0.5,400,"bu","10:14:24",89000
63.7,0.6,400,"bu","10:14:21",88600
63.6,0.5,2700,"bu","10:14:12",87700
63.6,0.5,400,"bu","10:14:08",85000
63.6,0.5,400,"bu","10:13:59",84600
63.6,0.5,500,"bu","10:13:56",84200
63.6,0.5,500,"bu","10:13:48",83700
63.6,0.5,400,"bu","10:13:47",83200
63.5,0.4,300,"bu","10:13:44",82800
63.5,0.4,3700,"bu","10:13:37",82500
63.5,0.4,500,"bu","10:13:34",78800
63.5,0.4,300,"bu","10:12:44",78300
63.5,0.4,2000,"bu","10:12:19",78000
63.5,0.4,2000,"bu","10:12:12",76000
63.5,0.4,300,"bu","10:12:03",74000
63.5,0.4,100,"bu","10:11:00",73700
63.4,0.3,300,"sd","10:10:48",73600
63.4,0.3,300,"sd","10:09:21",73300
63.4,0.3,2000,"sd","10:08:04",73000
63.4,0.3,400,"sd","10:07:55",71000
63.4,0.3,300,"bu","10:06:33",70600
63.4,0.3,100,"bu","10:05:25",70300
63.3,0.2,600,"sd","10:05:19",70200
63.3,0.2,200,"sd","10:05:02",69600
63.4,0.3,100,"sd","10:05:02",69400
63.4,0.3,10900,"bu","10:05:02",69300
63.3,0.2,1300,"sd","10:04:26",58400
63.4,0.3,1000,"bu","10:03:57",57100
63.4,0.3,1000,"bu","10:03:44",56100
63.4,0.3,1800,"bu","10:03:17",55100
63.4,0.3,800,"bu","10:01:48",53300
63.4,0.3,600,"bu","09:59:28",52500
63.3,0.2,300,"sd","09:59:16",51900
63.3,0.2,200,"sd","09:58:52",51600
63.4,0.3,200,"bu","09:58:36",51400
63.4,0.3,500,"bu","09:56:45",51200
63.4,0.3,1000,"bu","09:55:45",50700
63.4,0.3,800,"bu","09:55:28",49700
63.4,0.3,100,"bu","09:55:24",48900
63.3,0.2,300,"sd","09:54:57",48800
63.3,0.2,8800,"sd","09:54:51",48500
63.3,0.2,1500,"sd","09:54:03",39700
63.4,0.3,500,"bu","09:52:45",38200
63.4,0.3,5000,"bu","09:52:24",37700
63.4,0.3,1000,"bu","09:51:24",32700
63.4,0.3,100,"bu","09:47:51",31700
63.4,0.3,100,"sd","09:44:52",31600
63.4,0.3,400,"sd","09:44:40",31500
63.4,0.3,1600,"sd","09:44:39",31100
63.4,0.3,3400,"bu","09:44:11",29500
63.3,0.2,100,"sd","09:44:10",26100
63.3,0.2,300,"sd","09:43:49",26000
63.3,0.2,400,"sd","09:43:26",25700
63.3,0.2,800,"sd","09:42:27",25300
63.3,0.2,100,"sd","09:42:10",24500
63.3,0.2,700,"sd","09:42:09",24400
63.3,0.2,300,"sd","09:41:59",23700
63.3,0.2,300,"sd","09:40:33",23400
63.3,0.2,400,"sd","09:39:43",23100
63.3,0.2,600,"sd","09:39:40",22700
63.4,0.3,500,"bu","09:39:38",22100
63.4,0.3,1200,"bu","09:39:25",21600
63.4,0.3,500,"bu","09:36:58",20400
63.3,0.2,300,"sd","09:36:14",19900
63.3,0.2,100,"sd","09:35:56",19600
63.3,0.2,300,"sd","09:34:47",19500
63.3,0.2,300,"sd","09:33:21",19200
63.3,0.2,800,"sd","09:33:20",18900
63.3,0.2,500,"sd","09:32:45",18100
63.4,0.3,200,"bu","09:32:38",17600
63.4,0.3,800,"bu","09:32:08",17400
63.4,0.3,500,"bu","09:31:45",16600
63.4,0.3,700,"bu","09:30:30",16100
63.4,0.3,2000,"bu","09:30:16",15400
63.4,0.3,100,"bu","09:29:47",13400
63.4,0.3,800,"bu","09:29:25",13300
63.3,0.2,3500,"sd","09:29:13",12500
63.4,0.3,1200,"sd","09:28:00",9000
63.4,0.3,300,"sd","09:27:36",7800
63.4,0.3,3000,"sd","09:26:58",7500
63.5,0.4,200,"bu","09:23:51",4500
63.5,0.4,200,"bu","09:23:40",4300
63.5,0.4,200,"bu","09:23:10",4100
63.3,0.2,200,"sd","09:23:00",3900
63.5,0.4,800,"bu","09:22:51",3700
63.5,0.4,200,"bu","09:22:27",2900
63.3,0.2,400,"sd","09:21:49",2700
63.2,0.1,300,"sd","09:20:34",2300
63.5,0.4,100,"bu","09:18:55",2000
63.6,0.5,400,"bu","09:15:31",1900
63.6,0.5,200,"bu","09:15:30",1500
63.6,0.5,100,"bu","09:15:18",1300
63.1,0,1200,"","09:15:11",1200
