"price","change","match_qtty","side","time","total_vol"
7.4,0.2,100,"bu","15:00:01",2413700
7.4,0.2,100,"bu","15:00:00",2413600
7.3,0.1,200,"sd","14:59:57",2413500
7.4,0.2,1000,"bu","14:59:56",2413300
7.4,0.2,2000,"bu","14:59:53",2412300
7.4,0.2,500,"bu","14:59:48",2410300
7.4,0.2,10000,"bu","14:59:09",2409800
7.4,0.2,20000,"bu","14:58:57",2399800
7.3,0.1,100,"sd","14:58:30",2379800
7.3,0.1,13500,"sd","14:58:27",2379700
7.4,0.2,5000,"bu","14:58:17",2366200
7.4,0.2,1000,"bu","14:58:08",2361200
7.4,0.2,2000,"bu","14:57:45",2360200
7.4,0.2,1000,"bu","14:56:32",2358200
7.4,0.2,100,"bu","14:56:02",2357200
7.3,0.1,300,"sd","14:55:07",2357100
7.3,0.1,3100,"sd","14:54:20",2356800
7.3,0.1,5000,"sd","14:54:09",2353700
7.3,0.1,800,"sd","14:53:55",2348700
7.3,0.1,14800,"sd","14:53:51",2347900
7.3,0.1,100,"sd","14:53:49",2333100
7.3,0.1,5000,"sd","14:53:36",2333000
7.3,0.1,2000,"sd","14:52:54",2328000
7.4,0.2,10000,"bu","14:52:37",2326000
7.4,0.2,5000,"bu","14:51:22",2316000
7.3,0.1,300,"sd","14:51:14",2311000
7.3,0.1,1000,"sd","14:50:50",2310700
7.4,0.2,100,"bu","14:50:46",2309700
7.4,0.2,100,"bu","14:50:40",2309600
7.3,0.1,1000,"sd","14:50:09",2309500
7.4,0.2,200,"bu","14:50:06",2308500
7.4,0.2,800,"bu","14:49:44",2308300
7.4,0.2,100,"bu","14:49:19",2307500
7.3,0.1,200,"sd","14:49:07",2307400
7.3,0.1,500,"sd","14:49:03",2307200
7.3,0.1,9200,"sd","14:48:29",2306700
7.3,0.1,30000,"sd","14:48:18",2297500
7.3,0.1,2600,"sd","14:47:23",2267500
7.3,0.1,18500,"sd","14:47:21",2264900
7.3,0.1,3000,"bu","14:47:17",2246400
7.3,0.1,5000,"bu","14:47:16",2243400
7.3,0.1,10000,"bu","14:47:12",2238400
7.3,0.1,5800,"bu","14:47:11",2228400
7.3,0.1,5000,"bu","14:47:10",2222600
7.3,0.1,2000,"bu","14:47:09",2217600
7.3,0.1,10100,"bu","14:47:03",2215600
7.3,0.1,2100,"bu","14:46:58",2205500
7.3,0.1,2800,"bu","14:46:54",2203400
7.3,0.1,3100,"bu","14:46:53",2200600
7.3,0.1,2900,"bu","14:46:50",2197500
7.3,0.1,1500,"bu","14:46:45",2194600
7.3,0.1,100000,"bu","14:46:44",2193100
7.3,0.1,2500,"bu","14:46:38",2093100
7.3,0.1,2000,"bu","14:46:37",2090600
7.3,0.1,10000,"bu","14:46:33",2088600
7.3,0.1,2000,"bu","14:46:20",2078600
7.3,0.1,100000,"bu","14:46:18",2076600
7.3,0.1,30000,"bu","14:46:08",1976600
7.3,0.1,900,"bu","14:46:03",1946600
7.3,0.1,4000,"bu","14:45:45",1945700
7.3,0.1,50000,"bu","14:45:33",1941700
7.3,0.1,5000,"bu","14:45:05",1891700
7.3,0.1,12000,"bu","14:44:56",1886700
7.3,0.1,4000,"bu","14:44:39",1874700
7.3,0.1,20000,"bu","14:44:34",1870700
7.3,0.1,1000,"bu","14:44:26",1850700
7.3,0.1,2000,"bu","14:44:16",1849700
7.3,0.1,5000,"bu","14:44:07",1847700
7.3,0.1,3000,"bu","14:43:55",1842700
7.3,0.1,100,"bu","14:43:54",1839700
7.3,0.1,5000,"bu","14:43:24",1839600
7.3,0.1,2500,"bu","14:42:59",1834600
7.3,0.1,5000,"bu","14:42:53",1832100
7.2,0,1000,"sd","14:42:48",1827100
7.3,0.1,21000,"bu","14:42:00",1826100
7.2,0,4000,"sd","14:40:16",1805100
7.3,0.1,3000,"bu","14:39:38",1801100
7.3,0.1,3300,"bu","14:39:35",1798100
7.3,0.1,1000,"bu","14:39:26",1794800
7.3,0.1,100,"bu","14:37:57",1793800
7.3,0.1,1000,"bu","14:37:23",1793700
7.2,0,1200,"sd","14:35:54",1792700
7.2,0,200,"sd","14:35:28",1791500
7.3,0.1,1000,"bu","14:32:33",1791300
7.2,0,1000,"sd","14:32:29",1790300
7.3,0.1,2000,"bu","14:31:43",1789300
7.3,0.1,1000,"bu","14:30:41",1787300
7.3,0.1,300,"bu","14:30:22",1786300
7.3,0.1,3500,"bu","14:30:00",1786000
7.3,0.1,10000,"bu","14:29:59",1782500
7.3,0.1,100,"bu","14:29:43",1772500
7.3,0.1,2000,"bu","14:29:19",1772400
7.3,0.1,200,"bu","14:29:09",1770400
7.3,0.1,15000,"bu","14:28:59",1770200
7.3,0.1,9000,"bu","14:28:48",1755200
7.3,0.1,5000,"bu","14:28:19",1746200
7.3,0.1,100,"bu","14:28:13",1741200
7.3,0.1,300,"bu","14:27:35",1741100
7.3,0.1,31300,"bu","14:25:59",1740800
7.3,0.1,2000,"bu","14:25:51",1709500
7.3,0.1,100,"bu","14:25:39",1707500
7.3,0.1,1100,"bu","14:25:19",1707400
7.3,0.1,2000,"bu","14:23:42",1706300
7.3,0.1,3000,"bu","14:22:43",1704300
7.3,0.1,600,"bu","14:22:28",1701300
7.3,0.1,100,"bu","14:21:50",1700700
7.3,0.1,2000,"bu","14:20:27",1700600
7.3,0.1,3000,"bu","14:20:20",1698600
7.3,0.1,100,"bu","14:20:19",1695600
7.3,0.1,2000,"bu","14:19:54",1695500
7.3,0.1,2000,"bu","14:19:52",1693500
7.3,0.1,100,"bu","14:18:41",1691500
7.3,0.1,1000,"bu","14:18:24",1691400
7.2,0,300,"sd","14:17:45",1690400
7.3,0.1,1400,"bu","14:17:37",1690100
7.2,0,5000,"sd","14:17:09",1688700
7.2,0,5000,"sd","14:14:26",1683700
7.2,0,4000,"sd","14:13:27",1678700
7.2,0,700,"sd","14:13:15",1674700
7.2,0,4200,"bu","14:13:12",1674000
7.2,0,5000,"bu","14:13:11",1669800
7.2,0,10000,"bu","14:13:10",1664800
7.2,0,200,"bu","14:13:08",1654800
7.2,0,2300,"bu","14:13:07",1654600
7.2,0,1000,"bu","14:13:02",1652300
7.2,0,500,"bu","14:13:01",1651300
7.2,0,5000,"bu","14:13:00",1650800
7.2,0,5000,"bu","14:12:58",1645800
7.2,0,5100,"bu","14:12:57",1640800
7.2,0,300,"bu","14:12:56",1635700
7.2,0,100,"bu","14:12:51",1635400
7.2,0,500,"bu","14:12:50",1635300
7.2,0,4000,"bu","14:12:49",1634800
7.2,0,43100,"bu","14:12:48",1630800
7.2,0,5800,"bu","14:12:47",1587700
7.2,0,20000,"bu","14:12:42",1581900
7.2,0,3000,"bu","14:12:40",1561900
7.2,0,5000,"bu","14:12:36",1558900
7.2,0,19000,"bu","14:12:34",1553900
7.2,0,1000,"bu","14:12:31",1534900
7.1,-0.1,7000,"sd","14:12:29",1533900
7.2,0,100,"bu","14:12:27",1526900
7.2,0,2000,"bu","14:12:23",1526800
7.2,0,6000,"bu","14:12:19",1524800
7.2,0,2000,"bu","14:12:18",1518800
7.2,0,5000,"bu","14:12:10",1516800
7.2,0,5000,"bu","14:12:08",1511800
7.2,0,2000,"bu","14:12:02",1506800
7.2,0,36900,"bu","14:11:59",1504800
7.2,0,100,"bu","14:11:02",1467900
7.2,0,500,"bu","14:10:59",1467800
7.2,0,1000,"bu","14:10:57",1467300
7.2,0,100,"bu","14:10:52",1466300
7.2,0,2000,"bu","14:10:34",1466200
7.1,-0.1,5000,"sd","14:09:03",1464200
7.2,0,1000,"bu","14:08:35",1459200
7.2,0,100,"bu","14:08:20",1458200
7.2,0,100,"bu","14:07:05",1458100
7.1,-0.1,6000,"sd","14:06:37",1458000
7.1,-0.1,5000,"sd","14:06:27",1452000
7.1,-0.1,50000,"sd","14:04:07",1447000
7.1,-0.1,50000,"sd","14:04:06",1397000
7.1,-0.1,500,"sd","14:03:35",1347000
7.2,0,100,"bu","14:03:01",1346500
7.2,0,200,"bu","14:02:52",1346400
7.2,0,100,"bu","14:00:29",1346200
7.1,-0.1,3500,"sd","14:00:21",1346100
7.2,0,200,"bu","14:00:03",1342600
7.2,0,200,"bu","13:59:41",1342400
7.2,0,5000,"bu","13:59:00",1342200
7.2,0,100,"bu","13:58:55",1337200
7.2,0,2100,"bu","13:58:27",1337100
7.2,0,200,"bu","13:58:07",1335000
7.2,0,100,"bu","13:55:30",1334800
7.2,0,100,"bu","13:53:13",1334700
7.2,0,18200,"bu","13:52:39",1334600
7.2,0,4500,"sd","13:52:13",1316400
7.2,0,500,"sd","13:52:04",1311900
7.2,0,300,"sd","13:51:53",1311400
7.2,0,100,"sd","13:51:44",1311100
7.2,0,3500,"sd","13:51:37",1311000
7.2,0,700,"sd","13:50:56",1307500
7.2,0,7300,"sd","13:50:46",1306800
7.2,0,18600,"bu","13:50:45",1299500
7.2,0,1300,"bu","13:50:02",1280900
7.2,0,700,"bu","13:49:56",1279600
7.2,0,5000,"bu","13:49:51",1278900
7.2,0,200,"bu","13:49:44",1273900
7.2,0,9000,"bu","13:49:43",1273700
7.2,0,200,"bu","13:49:15",1264700
7.2,0,500,"bu","13:47:28",1264500
7.2,0,300,"bu","13:45:58",1264000
7.2,0,1000,"bu","13:45:57",1263700
7.2,0,100,"bu","13:45:06",1262700
7.2,0,500,"bu","13:44:27",1262600
7.2,0,13600,"bu","13:44:05",1262100
7.2,0,1000,"sd","13:44:03",1248500
7.2,0,1000,"sd","13:43:45",1247500
7.2,0,500,"sd","13:43:42",1246500
7.3,0.1,500,"bu","13:41:41",1246000
7.2,0,20000,"","13:41:18",1245500
7.2,0,1500,"sd","13:39:29",1225500
7.2,0,1000,"sd","13:39:01",1224000
7.2,0,200,"sd","13:38:44",1223000
7.2,0,2000,"sd","13:38:39",1222800
7.2,0,16500,"sd","13:36:59",1220800
7.2,0,3500,"sd","13:36:40",1204300
7.2,0,2500,"sd","13:35:19",1200800
7.2,0,800,"sd","13:34:59",1198300
7.2,0,9800,"sd","13:34:16",1197500
7.2,0,100,"bu","13:34:10",1187700
7.2,0,3000,"bu","13:34:02",1187600
7.2,0,117600,"bu","13:33:30",1184600
7.2,0,500,"sd","13:30:58",1067000
7.2,0,200,"sd","13:30:23",1066500
7.2,0,200,"sd","13:29:44",1066300
7.2,0,200,"sd","13:28:13",1066100
7.2,0,13900,"bu","13:27:29",1065900
7.2,0,900,"bu","13:27:19",1052000
7.2,0,500,"bu","13:27:04",1051100
7.2,0,300,"bu","13:26:39",1050600
7.2,0,100,"bu","13:26:26",1050300
7.2,0,300,"bu","13:26:20",1050200
7.2,0,3000,"bu","13:26:16",1049900
7.2,0,1000,"bu","13:26:08",1046900
7.2,0,800,"bu","13:26:05",1045900
7.2,0,13000,"bu","13:25:48",1045100
7.2,0,100,"bu","13:25:43",1032100
7.2,0,500,"bu","13:25:23",1032000
7.2,0,500,"bu","13:25:15",1031500
7.1,-0.1,2000,"sd","13:24:10",1031000
7.2,0,1000,"bu","13:23:54",1029000
7.2,0,2000,"bu","13:23:42",1028000
7.2,0,1000,"bu","13:23:27",1026000
7.1,-0.1,100,"sd","13:22:41",1025000
7.2,0,2000,"bu","13:22:30",1024900
7.2,0,2000,"bu","13:22:17",1022900
7.2,0,100,"bu","13:21:37",1020900
7.2,0,300,"bu","13:21:07",1020800
7.2,0,500,"bu","13:20:53",1020500
7.2,0,2000,"bu","13:20:34",1020000
7.2,0,1000,"bu","13:20:15",1018000
7.2,0,2900,"bu","13:20:01",1017000
7.2,0,1900,"bu","13:19:59",1014100
7.2,0,9700,"sd","13:18:53",1012200
7.2,0,4500,"bu","13:18:47",1002500
7.2,0,1400,"bu","13:18:36",998000
7.2,0,26300,"bu","13:17:41",996600
7.2,0,2900,"sd","13:17:29",970300
7.2,0,600,"sd","13:17:14",967400
7.2,0,1000,"sd","13:17:11",966800
7.2,0,3000,"sd","13:17:10",965800
7.2,0,15000,"sd","13:16:55",962800
7.2,0,2000,"sd","13:16:47",947800
7.2,0,100,"sd","13:15:56",945800
7.2,0,100,"sd","13:15:36",945700
7.2,0,100,"sd","13:14:00",945600
7.2,0,1100,"sd","13:13:49",945500
7.2,0,2000,"sd","13:13:39",944400
7.2,0,16200,"sd","13:13:06",942400
7.2,0,500,"sd","13:12:54",926200
7.2,0,500,"sd","13:12:38",925700
7.2,0,100,"sd","13:11:46",925200
7.2,0,10000,"sd","13:11:40",925100
7.2,0,600,"sd","13:10:10",915100
7.2,0,100,"sd","13:09:21",914500
7.2,0,1200,"bu","13:09:20",914400
7.2,0,20000,"bu","13:09:08",913200
7.2,0,500,"bu","13:09:07",893200
7.2,0,600,"bu","13:08:58",892700
7.2,0,5000,"bu","13:08:33",892100
7.2,0,3000,"bu","13:08:24",887100
7.2,0,100,"bu","13:08:18",884100
7.2,0,1000,"bu","13:08:10",884000
7.2,0,20000,"bu","13:07:59",883000
7.2,0,15000,"bu","13:07:54",863000
7.2,0,10000,"bu","13:07:25",848000
7.2,0,500,"bu","13:07:11",838000
7.2,0,1000,"bu","13:07:10",837500
7.2,0,4600,"bu","13:07:08",836500
7.2,0,1000,"bu","13:06:40",831900
7.2,0,10000,"bu","13:06:20",830900
7.2,0,100,"bu","13:06:06",820900
7.2,0,1100,"bu","13:06:02",820800
7.2,0,10000,"bu","13:05:50",819700
7.2,0,200,"bu","13:05:28",809700
7.2,0,10000,"bu","13:05:04",809500
7.2,0,1600,"bu","13:00:14",799500
7.2,0,700,"bu","13:00:06",797900
7.2,0,10200,"sd","13:00:04",797200
7.2,0,23100,"sd","13:00:03",787000
7.2,0,4000,"sd","13:00:02",763900
7.2,0,800,"sd","13:00:01",759900
7.2,0,1000,"sd","11:29:58",759100
7.2,0,8200,"sd","11:29:33",758100
7.2,0,4000,"sd","11:29:11",749900
7.2,0,20000,"sd","11:28:48",745900
7.2,0,1000,"sd","11:28:16",725900
7.2,0,2000,"sd","11:27:59",724900
7.2,0,23600,"sd","11:27:43",722900
7.2,0,1000,"sd","11:27:38",699300
7.2,0,500,"sd","11:27:13",698300
7.2,0,500,"sd","11:26:03",697800
7.2,0,100,"sd","11:24:35",697300
7.2,0,7200,"sd","11:23:43",697200
7.2,0,2000,"sd","11:23:15",690000
7.2,0,1000,"sd","11:22:09",688000
7.2,0,2500,"sd","11:21:05",687000
7.2,0,1700,"sd","11:21:01",684500
7.2,0,3800,"sd","11:20:55",682800
7.2,0,500,"sd","11:17:41",679000
7.2,0,5000,"sd","11:15:57",678500
7.2,0,1300,"sd","11:15:08",673500
7.2,0,4000,"sd","11:15:07",672200
7.2,0,8000,"sd","11:14:36",668200
7.2,0,4000,"sd","11:13:21",660200
7.2,0,2000,"sd","11:12:57",656200
7.2,0,5000,"sd","11:12:14",654200
7.2,0,10000,"sd","11:11:43",649200
7.2,0,1000,"sd","11:08:45",639200
7.2,0,31000,"sd","11:08:29",638200
7.2,0,4000,"sd","11:07:54",607200
7.2,0,30000,"sd","11:07:22",603200
7.2,0,10000,"sd","11:06:19",573200
7.2,0,6000,"sd","11:05:45",563200
7.2,0,5000,"sd","11:05:27",557200
7.2,0,5000,"sd","11:04:29",552200
7.2,0,300,"sd","11:03:50",547200
7.2,0,3000,"sd","11:02:33",546900
7.2,0,1000,"sd","11:02:21",543900
7.2,0,3000,"sd","11:02:09",542900
7.2,0,3000,"sd","11:01:05",539900
7.2,0,2000,"sd","10:55:43",536900
7.2,0,100,"sd","10:54:46",534900
7.2,0,200,"sd","10:54:06",534800
7.2,0,3500,"sd","10:53:59",534600
7.2,0,2000,"sd","10:53:02",531100
7.3,0.1,100,"bu","10:51:55",529100
7.3,0.1,1000,"bu","10:48:00",529000
7.3,0.1,1100,"bu","10:46:15",528000
7.3,0.1,100,"bu","10:44:49",526900
7.3,0.1,15000,"bu","10:44:05",526800
7.2,0,2000,"sd","10:42:35",511800
7.2,0,10000,"sd","10:41:36",509800
7.2,0,1000,"sd","10:40:54",499800
7.2,0,1000,"sd","10:40:21",498800
7.2,0,2600,"sd","10:39:51",497800
7.2,0,31000,"sd","10:39:28",495200
7.2,0,100,"sd","10:39:22",464200
7.2,0,200,"sd","10:39:09",464100
7.2,0,3000,"sd","10:38:18",463900
7.2,0,5000,"sd","10:35:31",460900
7.2,0,4000,"sd","10:34:58",455900
7.2,0,100,"sd","10:34:52",451900
7.3,0.1,100000,"bu","10:34:41",451800
7.2,0,300,"sd","10:34:33",351800
7.2,0,300,"sd","10:34:13",351500
7.3,0.1,3000,"bu","10:34:08",351200
7.2,0,1000,"sd","10:34:01",348200
7.2,0,20100,"sd","10:33:13",347200
7.2,0,1100,"sd","10:31:08",327100
7.2,0,500,"sd","10:30:42",326000
7.2,0,300,"sd","10:30:32",325500
7.2,0,500,"sd","10:29:49",325200
7.3,0.1,100000,"bu","10:28:30",324700
7.3,0.1,500,"bu","10:28:04",224700
7.3,0.1,3000,"bu","10:27:13",224200
7.3,0.1,1500,"bu","10:25:56",221200
7.2,0,12200,"sd","10:25:32",219700
7.2,0,5000,"sd","10:24:23",207500
7.2,0,1800,"sd","10:24:08",202500
7.2,0,2000,"sd","10:23:59",200700
7.2,0,8000,"sd","10:23:28",198700
7.3,0.1,3100,"bu","10:22:57",190700
7.3,0.1,400,"bu","10:21:01",187600
7.3,0.1,2700,"bu","10:20:36",187200
7.3,0.1,100,"bu","10:19:03",184500
7.3,0.1,1000,"bu","10:17:24",184400
7.2,0,200,"sd","10:17:15",183400
7.3,0.1,500,"bu","10:13:45",183200
7.2,0,100,"sd","10:11:25",182700
7.2,0,3000,"sd","10:11:23",182600
7.2,0,1000,"sd","10:10:32",179600
7.2,0,100,"sd","10:10:15",178600
7.2,0,12000,"sd","10:09:51",178500
7.2,0,1000,"sd","10:08:35",166500
7.2,0,500,"sd","10:08:04",165500
7.2,0,1200,"sd","10:07:00",165000
7.2,0,3900,"sd","10:04:59",163800
7.2,0,1900,"sd","10:03:20",159900
7.2,0,100,"sd","09:58:59",158000
7.2,0,6000,"sd","09:58:27",157900
7.2,0,5000,"sd","09:56:35",151900
7.2,0,100,"bu","09:55:46",146900
7.2,0,1300,"bu","09:55:27",146800
7.2,0,100,"bu","09:55:15",145500
7.2,0,2000,"bu","09:54:46",145400
7.2,0,1500,"sd","09:54:16",143400
7.2,0,200,"sd","09:54:02",141900
7.2,0,1700,"bu","09:54:01",141700
7.2,0,1000,"sd","09:53:31",140000
7.2,0,500,"sd","09:52:33",139000
7.2,0,300,"sd","09:51:10",138500
7.2,0,10000,"sd","09:48:57",138200
7.2,0,1000,"sd","09:48:25",128200
7.2,0,500,"sd","09:48:02",127200
7.2,0,3500,"sd","09:46:56",126700
7.2,0,10000,"sd","09:46:53",123200
7.2,0,200,"sd","09:46:23",113200
7.2,0,2400,"sd","09:46:18",113000
7.2,0,10000,"sd","09:45:56",110600
7.2,0,7800,"sd","09:45:55",100600
7.2,0,1000,"sd","09:45:13",92800
7.2,0,900,"sd","09:44:58",91800
7.2,0,3000,"sd","09:44:52",90900
7.2,0,700,"sd","09:43:25",87900
7.2,0,500,"sd","09:43:08",87200
7.2,0,4000,"sd","09:42:49",86700
7.2,0,2000,"sd","09:42:01",82700
7.2,0,5000,"sd","09:41:55",80700
7.2,0,100,"sd","09:39:49",75700
7.2,0,100,"sd","09:39:14",75600
7.2,0,2000,"sd","09:37:34",75500
7.3,0.1,2000,"bu","09:37:22",73500
7.2,0,1000,"sd","09:37:18",71500
7.3,0.1,1000,"bu","09:36:31",70500
7.2,0,3000,"sd","09:36:21",69500
7.2,0,3100,"sd","09:30:14",66500
7.2,0,100,"sd","09:28:23",63400
7.2,0,10000,"sd","09:27:22",63300
7.2,0,800,"sd","09:25:26",53300
7.2,0,300,"sd","09:22:00",52500
7.2,0,100,"bu","09:21:45",52200
7.2,0,1000,"bu","09:21:33",52100
7.1,-0.1,300,"sd","09:21:20",51100
7.2,0,400,"bu","09:21:03",50800
7.2,0,200,"","09:19:07",50400
7.2,0,1000,"bu","09:19:06",50200
7.2,0,2000,"bu","09:18:43",49200
7.2,0,100,"bu","09:18:39",47200
7.2,0,400,"bu","09:18:37",47100
7.2,0,400,"bu","09:18:36",46700
7.2,0,100,"bu","09:18:34",46300
7.2,0,5000,"bu","09:18:28",46200
7.2,0,1600,"bu","09:18:13",41200
7.2,0,10000,"bu","09:17:55",39600
7.2,0,2400,"bu","09:17:36",29600
7.2,0,2000,"bu","09:17:22",27200
7.2,0,3000,"bu","09:17:15",25200
7.2,0,2000,"bu","09:16:44",22200
7.2,0,200,"bu","09:14:04",20200
7.2,0,300,"bu","09:13:03",20000
7.2,0,200,"bu","09:12:53",19700
7.2,0,500,"bu","09:12:04",19500
7.2,0,100,"bu","09:11:50",19000
7.2,0,1000,"bu","09:11:15",18900
7.2,0,900,"bu","09:11:13",17900
7.2,0,500,"bu","09:09:13",17000
7.2,0,100,"bu","09:07:25",16500
7.2,0,500,"bu","09:05:10",16400
7.2,0,8800,"sd","09:05:09",15900
7.2,0,1000,"sd","09:03:31",7100
7.2,0,2000,"sd","09:03:25",6100
7.2,0,2000,"sd","09:02:47",4100
7.2,0,200,"sd","09:01:42",2100
7.2,0,1000,"sd","09:01:27",1900
7.3,0.1,200,"bu","09:00:10",900
7.3,0.1,600,"bu","09:00:06",700
7.1,-0.1,100,"sd","09:00:03",100
