"price","change","match_qtty","side","time","total_vol"
10.25,0.15,23000,"","14:45:20",452100
10.25,0.15,5000,"bu","14:28:32",429100
10.2,0.1,300,"sd","14:27:25",424100
10.2,0.1,100,"sd","14:27:07",423800
10.2,0.1,10000,"sd","14:26:21",423700
10.25,0.15,4000,"bu","14:25:19",413700
10.2,0.1,700,"sd","14:25:05",409700
10.2,0.1,2000,"sd","14:24:09",409000
10.2,0.1,7700,"bu","14:23:35",407000
10.2,0.1,500,"bu","14:23:28",399300
10.2,0.1,200,"bu","14:23:24",398800
10.2,0.1,100,"bu","14:23:00",398600
10.2,0.1,5000,"bu","14:22:57",398500
10.2,0.1,2500,"bu","14:22:48",393500
10.2,0.1,100,"bu","14:21:46",391000
10.15,0.05,400,"sd","14:21:26",390900
10.2,0.1,100,"bu","14:20:42",390500
10.15,0.05,300,"bu","14:14:35",390400
10.15,0.05,200,"bu","14:14:21",390100
10.1,0,900,"bu","14:10:41",389900
10.1,0,100,"bu","14:10:31",389000
10.05,-0.05,700,"sd","14:10:25",388900
10.1,0,2000,"bu","14:09:38",388200
10.05,-0.05,5000,"sd","14:08:10",386200
10.05,-0.05,2100,"sd","14:07:40",381200
10.1,0,900,"sd","14:07:40",379100
10.05,-0.05,1200,"sd","14:07:26",378200
10.05,-0.05,500,"sd","14:07:26",377000
10.1,0,300,"sd","14:07:26",376500
10.1,0,4000,"sd","14:06:24",376200
10.1,0,1500,"sd","14:05:54",372200
10.1,0,5000,"sd","14:04:58",370700
10.1,0,5000,"bu","14:00:45",365700
10.05,-0.05,200,"sd","13:58:59",360700
10,-0.1,18700,"sd","13:55:56",360500
10.05,-0.05,1300,"sd","13:55:56",341800
10.05,-0.05,500,"sd","13:55:08",340500
10.05,-0.05,1000,"sd","13:55:07",340000
10.1,0,1000,"sd","13:53:28",339000
10.1,0,3100,"sd","13:53:18",338000
10.1,0,4000,"sd","13:53:14",334900
10.1,0,3000,"sd","13:53:05",330900
10.1,0,1000,"sd","13:53:02",327900
10.1,0,400,"sd","13:47:42",326900
10.1,0,100,"sd","13:45:35",326500
10.1,0,5000,"sd","13:45:25",326400
10.1,0,100,"sd","13:44:04",321400
10.1,0,1200,"sd","13:42:32",321300
10.1,0,10000,"sd","13:37:56",320100
10.15,0.05,500,"bu","13:37:19",310100
10.15,0.05,900,"sd","13:36:16",309600
10.15,0.05,500,"sd","13:36:16",308700
10.15,0.05,1000,"sd","13:35:46",308200
10.15,0.05,5000,"sd","13:33:46",307200
10.15,0.05,100,"sd","13:33:14",302200
10.15,0.05,5900,"bu","13:25:35",302100
10.15,0.05,2900,"bu","13:24:52",296200
10.15,0.05,12200,"sd","13:24:13",293300
10.2,0.1,2000,"bu","13:23:37",281100
10.2,0.1,1000,"bu","13:23:08",279100
10.2,0.1,800,"sd","13:17:33",278100
10.2,0.1,1000,"sd","13:17:24",277300
10.2,0.1,500,"bu","13:17:00",276300
10.2,0.1,200,"bu","13:13:45",275800
10.2,0.1,100,"bu","13:13:41",275600
10.2,0.1,500,"bu","13:12:01",275500
10.2,0.1,300,"bu","13:11:58",275000
10.2,0.1,1900,"sd","13:11:21",274700
10.15,0.05,2700,"bu","13:08:42",272800
10.15,0.05,1400,"bu","13:08:33",270100
10.15,0.05,900,"bu","13:07:33",268700
10.15,0.05,1500,"sd","13:06:52",267800
10.15,0.05,900,"sd","13:06:41",266300
10.2,0.1,500,"sd","13:06:26",265400
10.25,0.15,8000,"bu","13:05:50",264900
10.2,0.1,100,"bu","13:05:20",256900
10.2,0.1,1200,"bu","13:04:31",256800
10.15,0.05,1000,"sd","13:03:27",255600
10.15,0.05,600,"sd","13:00:50",254600
10.15,0.05,400,"bu","13:00:48",254000
10.15,0.05,2800,"bu","11:28:06",253600
10.15,0.05,3500,"sd","11:27:44",250800
10.2,0.1,1000,"sd","11:22:20",247300
10.2,0.1,800,"sd","11:19:48",246300
10.2,0.1,600,"sd","11:19:30",245500
10.25,0.15,100,"bu","11:19:02",244900
10.2,0.1,1300,"sd","11:18:49",244800
10.25,0.15,500,"bu","11:18:06",243500
10.2,0.1,200,"sd","11:14:48",243000
10.25,0.15,300,"bu","11:14:13",242800
10.25,0.15,600,"bu","11:13:11",242500
10.25,0.15,300,"bu","11:12:33",241900
10.2,0.1,300,"bu","11:06:01",241600
10.1,0,7900,"sd","11:03:57",241300
10.1,0,10000,"sd","11:02:16",233400
10.15,0.05,200,"bu","10:59:00",223400
10.15,0.05,500,"bu","10:58:08",223200
10.15,0.05,1200,"bu","10:57:54",222700
10.15,0.05,200,"sd","10:55:40",221500
10.15,0.05,300,"bu","10:54:52",221300
10.15,0.05,1000,"bu","10:54:06",221000
10.15,0.05,700,"sd","10:53:46",220000
10.15,0.05,5000,"sd","10:53:12",219300
10.15,0.05,300,"sd","10:52:58",214300
10.2,0.1,100,"bu","10:50:16",214000
10.2,0.1,100,"bu","10:50:07",213900
10.2,0.1,3000,"bu","10:49:50",213800
10.2,0.1,1000,"bu","10:49:45",210800
10.2,0.1,100,"bu","10:48:33",209800
10.2,0.1,400,"sd","10:48:02",209700
10.2,0.1,5000,"sd","10:47:54",209300
10.25,0.15,1700,"sd","10:42:53",204300
10.25,0.15,3000,"sd","10:42:08",202600
10.25,0.15,2000,"sd","10:41:32",199600
10.25,0.15,600,"sd","10:41:18",197600
10.25,0.15,500,"sd","10:38:40",197000
10.25,0.15,1000,"sd","10:36:55",196500
10.3,0.2,2000,"bu","10:36:49",195500
10.3,0.2,500,"bu","10:36:46",193500
10.3,0.2,500,"bu","10:36:12",193000
10.3,0.2,100,"bu","10:35:58",192500
10.3,0.2,500,"bu","10:35:14",192400
10.25,0.15,100,"sd","10:35:10",191900
10.3,0.2,200,"bu","10:34:57",191800
10.3,0.2,5000,"sd","10:34:53",191600
10.35,0.25,100,"bu","10:34:46",186600
10.35,0.25,10000,"bu","10:34:20",186500
10.3,0.2,700,"bu","10:34:14",176500
10.3,0.2,2000,"bu","10:34:13",175800
10.3,0.2,1000,"bu","10:34:00",173800
10.3,0.2,15000,"bu","10:33:41",172800
10.3,0.2,100,"bu","10:32:50",157800
10.3,0.2,200,"bu","10:31:15",157700
10.3,0.2,2500,"bu","10:30:59",157500
10.3,0.2,3000,"bu","10:30:52",155000
10.3,0.2,500,"bu","10:30:12",152000
10.3,0.2,200,"bu","10:29:08",151500
10.3,0.2,200,"bu","10:29:01",151300
10.3,0.2,500,"bu","10:24:47",151100
10.3,0.2,900,"bu","10:23:29",150600
10.3,0.2,2000,"bu","10:23:05",149700
10.3,0.2,1000,"bu","10:21:55",147700
10.3,0.2,1100,"bu","10:19:07",146700
10.3,0.2,1000,"bu","10:18:27",145600
10.3,0.2,200,"bu","10:18:25",144600
10.3,0.2,600,"bu","10:17:11",144400
10.3,0.2,4000,"bu","10:16:48",143800
10.25,0.15,600,"sd","10:14:42",139800
10.25,0.15,1100,"bu","10:11:49",139200
10.25,0.15,2000,"bu","10:10:40",138100
10.25,0.15,300,"bu","10:10:19",136100
10.25,0.15,4600,"sd","10:09:39",135800
10.3,0.2,1700,"bu","10:08:32",131200
10.25,0.15,200,"sd","10:07:13",129500
10.25,0.15,4400,"sd","10:07:01",129300
10.25,0.15,700,"sd","10:06:37",124900
10.25,0.15,5000,"sd","10:06:11",124200
10.25,0.15,1000,"sd","10:06:08",119200
10.25,0.15,200,"sd","10:05:51",118200
10.25,0.15,1700,"bu","10:04:18",118000
10.25,0.15,1100,"bu","10:03:41",116300
10.25,0.15,1000,"bu","10:02:24",115200
10.25,0.15,5700,"bu","10:02:15",114200
10.25,0.15,200,"bu","10:01:36",108500
10.25,0.15,3600,"sd","10:01:13",108300
10.25,0.15,100,"sd","10:01:10",104700
10.25,0.15,1100,"bu","10:01:07",104600
10.25,0.15,100,"bu","10:00:58",103500
10.25,0.15,900,"bu","10:00:50",103400
10.25,0.15,200,"bu","10:00:36",102500
10.25,0.15,1400,"sd","10:00:28",102300
10.25,0.15,4000,"sd","10:00:10",100900
10.25,0.15,100,"bu","09:59:18",96900
10.25,0.15,2000,"bu","09:59:13",96800
10.25,0.15,800,"bu","09:59:06",94800
10.25,0.15,200,"bu","09:58:50",94000
10.25,0.15,500,"bu","09:58:26",93800
10.25,0.15,2000,"bu","09:58:16",93300
10.25,0.15,7200,"bu","09:58:08",91300
10.25,0.15,500,"bu","09:57:41",84100
10.2,0.1,3400,"bu","09:57:20",83600
10.2,0.1,5000,"bu","09:57:00",80200
10.2,0.1,300,"bu","09:56:27",75200
10.15,0.05,200,"sd","09:55:04",74900
10.15,0.05,1000,"bu","09:54:08",74700
10.15,0.05,400,"bu","09:52:51",73700
10.15,0.05,2000,"bu","09:52:13",73300
10.15,0.05,700,"sd","09:49:46",71300
10.15,0.05,2000,"sd","09:49:15",70600
10.15,0.05,700,"sd","09:47:31",68600
10.15,0.05,100,"sd","09:45:48",67900
10.2,0.1,100,"bu","09:40:59",67800
10.2,0.1,800,"sd","09:40:49",67700
10.2,0.1,100,"sd","09:40:43",66900
10.2,0.1,100,"sd","09:40:40",66800
10.2,0.1,100,"sd","09:40:02",66700
10.2,0.1,500,"sd","09:37:46",66600
10.2,0.1,300,"sd","09:37:28",66100
10.2,0.1,1600,"sd","09:36:39",65800
10.2,0.1,2200,"sd","09:36:21",64200
10.2,0.1,100,"sd","09:33:48",62000
10.2,0.1,200,"sd","09:33:45",61900
10.15,0.05,200,"sd","09:31:57",61700
10.25,0.15,13700,"bu","09:30:41",61500
10.2,0.1,1300,"bu","09:30:41",47800
10.15,0.05,2500,"bu","09:28:10",46500
10.15,0.05,2500,"sd","09:27:43",44000
10.15,0.05,1000,"sd","09:26:57",41500
10.15,0.05,500,"sd","09:26:50",40500
10.15,0.05,500,"sd","09:26:06",40000
10.2,0.1,3000,"sd","09:25:47",39500
10.2,0.1,500,"sd","09:25:37",36500
10.2,0.1,1300,"bu","09:24:54",36000
10.2,0.1,4000,"bu","09:24:09",34700
10.2,0.1,200,"sd","09:20:26",30700
10.2,0.1,100,"bu","09:20:17",30500
10.2,0.1,100,"bu","09:20:04",30400
10.2,0.1,500,"sd","09:19:13",30300
10.15,0.05,300,"sd","09:18:22",29800
10.15,0.05,100,"sd","09:17:58",29500
10.25,0.15,2000,"bu","09:16:36",29400
10.25,0.15,3300,"bu","09:16:22",27400
10.1,0,11000,"sd","09:16:10",24100
10.1,0,500,"sd","09:15:39",13100
10.15,0.05,500,"sd","09:15:39",12600
10.2,0.1,200,"bu","09:15:38",12100
10.25,0.15,11900,"","09:15:13",11900
