"price","change","match_qtty","side","time","total_vol"
29.75,-0.05,65700,"","14:45:21",1917800
29.6,-0.2,2500,"bu","14:29:18",1852100
29.55,-0.25,500,"bu","14:29:18",1849600
29.4,-0.4,2500,"sd","14:29:13",1849100
29.55,-0.25,6000,"bu","14:28:59",1846600
29.5,-0.3,5100,"bu","14:28:59",1840600
29.45,-0.35,1400,"bu","14:28:59",1835500
29.4,-0.4,400,"sd","14:28:57",1834100
29.4,-0.4,500,"sd","14:28:31",1833700
29.45,-0.35,500,"bu","14:28:29",1833200
29.45,-0.35,200,"bu","14:27:59",1832700
29.45,-0.35,1000,"bu","14:27:12",1832500
29.45,-0.35,300,"bu","14:26:33",1831500
29.45,-0.35,200,"bu","14:25:19",1831200
29.45,-0.35,100,"sd","14:24:48",1831000
29.45,-0.35,100,"bu","14:24:36",1830700
29.45,-0.35,400,"bu","14:24:25",1830600
29.45,-0.35,100,"bu","14:24:17",1830200
29.45,-0.35,400,"sd","14:23:49",1830100
29.45,-0.35,1000,"sd","14:23:41",1829700
29.45,-0.35,100,"sd","14:23:40",1828700
29.45,-0.35,100,"sd","14:23:09",1828600
29.45,-0.35,500,"sd","14:23:03",1828500
29.45,-0.35,3500,"bu","14:22:48",1828000
29.4,-0.4,1000,"sd","14:22:44",1824500
29.45,-0.35,2000,"bu","14:21:56",1823500
29.4,-0.4,10000,"bu","14:21:33",1821500
29.4,-0.4,50000,"bu","14:21:26",1811500
29.4,-0.4,3000,"bu","14:21:11",1761500
29.4,-0.4,16900,"bu","14:20:43",1758500
29.35,-0.45,8000,"bu","14:20:43",1741600
29.3,-0.5,100,"bu","14:20:43",1733600
29.3,-0.5,22300,"bu","14:20:25",1733500
29.25,-0.55,7700,"bu","14:20:25",1711200
29.25,-0.55,3000,"bu","14:20:03",1703500
29.25,-0.55,1000,"bu","14:19:52",1700500
29.25,-0.55,700,"sd","14:19:43",1699500
29.3,-0.5,500,"bu","14:19:42",1698800
29.3,-0.5,1000,"bu","14:19:35",1698300
29.3,-0.5,300,"bu","14:18:58",1697300
29.3,-0.5,3400,"bu","14:18:39",1697000
29.3,-0.5,100,"bu","14:18:27",1693600
29.25,-0.55,1000,"sd","14:18:27",1693500
29.25,-0.55,600,"sd","14:17:25",1692500
29.25,-0.55,1400,"bu","14:17:16",1691900
29.2,-0.6,300,"bu","14:16:59",1690500
29.2,-0.6,5000,"bu","14:16:20",1690200
29.1,-0.7,1200,"sd","14:15:54",1685200
29.2,-0.6,1000,"bu","14:15:36",1684000
29.2,-0.6,2000,"bu","14:15:21",1683000
29.1,-0.7,1000,"sd","14:15:21",1681000
29.2,-0.6,1000,"bu","14:14:43",1680000
29.15,-0.65,100,"bu","14:14:32",1679000
29.15,-0.65,100,"bu","14:14:10",1678900
29.15,-0.65,500,"bu","14:13:05",1678800
29,-0.8,12900,"sd","14:11:55",1678300
29.05,-0.75,7100,"sd","14:11:55",1665400
29.05,-0.75,1000,"sd","14:11:11",1658300
29,-0.8,8700,"sd","14:10:48",1657300
29.05,-0.75,1000,"sd","14:10:48",1648600
29.1,-0.7,300,"sd","14:10:48",1647600
29.2,-0.6,300,"bu","14:10:45",1647300
29,-0.8,9300,"sd","14:10:03",1647000
29.05,-0.75,1200,"sd","14:10:03",1637700
29.1,-0.7,500,"sd","14:10:03",1636500
29.1,-0.7,100,"sd","14:09:44",1636000
29.1,-0.7,500,"bu","14:08:03",1635900
29.1,-0.7,2000,"bu","14:07:25",1635400
29,-0.8,2000,"sd","14:06:19",1633400
29,-0.8,100,"bu","14:05:21",1631400
29,-0.8,4900,"sd","14:04:51",1631300
29,-0.8,2000,"sd","14:04:49",1626400
29,-0.8,20000,"sd","14:04:46",1624400
29,-0.8,7400,"sd","14:04:24",1604400
29.05,-0.75,2600,"sd","14:04:24",1597000
29.1,-0.7,11700,"sd","14:04:17",1594400
29.15,-0.65,6400,"sd","14:04:17",1582700
29.2,-0.6,100,"sd","14:04:17",1576300
29.2,-0.6,100,"sd","14:03:59",1576200
29.25,-0.55,1000,"sd","14:01:10",1576100
29.25,-0.55,100,"sd","14:00:45",1575100
29.25,-0.55,100,"sd","14:00:40",1575000
29.25,-0.55,200,"sd","14:00:37",1574900
29.25,-0.55,1300,"bu","14:00:00",1574700
29.25,-0.55,900,"bu","13:59:59",1573400
29.25,-0.55,1000,"bu","13:59:49",1572500
29.25,-0.55,100,"bu","13:59:46",1571500
29.25,-0.55,500,"bu","13:59:35",1571400
29,-0.8,3800,"sd","13:58:21",1570900
29.1,-0.7,1200,"sd","13:58:21",1567100
29.2,-0.6,500,"bu","13:57:20",1565900
29.15,-0.65,400,"bu","13:56:14",1565400
29.05,-0.75,200,"bu","13:56:14",1565000
29,-0.8,100,"sd","13:56:11",1564800
29.05,-0.75,100,"bu","13:56:10",1564700
29,-0.8,4000,"sd","13:55:37",1564600
29,-0.8,16700,"sd","13:55:31",1560600
29.05,-0.75,6800,"sd","13:55:31",1543900
29.1,-0.7,100,"bu","13:55:25",1537100
29.05,-0.75,500,"sd","13:55:16",1537000
29.1,-0.7,2800,"sd","13:54:54",1536500
29.1,-0.7,3000,"sd","13:54:49",1533700
29.1,-0.7,1000,"sd","13:54:35",1530700
29.15,-0.65,1000,"bu","13:54:25",1529700
29.1,-0.7,100,"sd","13:54:16",1528700
29.15,-0.65,2000,"bu","13:54:09",1528600
29.1,-0.7,4100,"sd","13:53:34",1526600
29.15,-0.65,200,"sd","13:53:27",1522500
29.15,-0.65,500,"sd","13:53:19",1522300
29.15,-0.65,100,"sd","13:53:18",1521800
29.15,-0.65,100,"sd","13:53:13",1521700
29.15,-0.65,200,"sd","13:52:55",1521600
29.3,-0.5,2000,"bu","13:51:39",1521400
29.3,-0.5,500,"bu","13:51:27",1519400
29.25,-0.55,500,"bu","13:51:27",1518900
29.05,-0.75,1200,"sd","13:49:23",1518400
29.1,-0.7,2900,"sd","13:49:23",1517200
29.1,-0.7,500,"sd","13:48:04",1514300
29.1,-0.7,100,"sd","13:47:38",1513800
29.1,-0.7,200,"sd","13:47:23",1513700
29.1,-0.7,700,"sd","13:47:04",1513500
29.05,-0.75,100,"bu","13:46:07",1512800
29.05,-0.75,100,"bu","13:45:57",1512700
29.05,-0.75,1400,"bu","13:45:54",1512600
29.05,-0.75,2000,"bu","13:45:48",1511200
29.05,-0.75,200,"bu","13:45:45",1509200
29.05,-0.75,100,"bu","13:45:29",1509000
29.05,-0.75,1000,"bu","13:45:24",1508900
29,-0.8,4400,"bu","13:45:12",1507900
29,-0.8,2000,"bu","13:45:01",1503500
29,-0.8,1000,"bu","13:44:25",1501500
29,-0.8,1000,"bu","13:44:18",1500500
29,-0.8,5100,"sd","13:44:16",1499500
29,-0.8,1000,"sd","13:43:46",1494400
29,-0.8,500,"sd","13:43:39",1493400
29,-0.8,1000,"sd","13:43:37",1492900
29,-0.8,500,"sd","13:43:23",1491900
29.1,-0.7,100,"sd","13:43:16",1491400
29.1,-0.7,3900,"bu","13:43:09",1491300
29,-0.8,300,"bu","13:43:08",1487400
29,-0.8,100,"bu","13:43:06",1487100
29,-0.8,1600,"sd","13:42:56",1487000
29,-0.8,30500,"sd","13:42:55",1485400
29.05,-0.75,9500,"sd","13:42:55",1454900
29.1,-0.7,200,"bu","13:42:35",1445400
29.1,-0.7,13700,"sd","13:42:31",1445200
29.15,-0.65,2200,"sd","13:42:31",1431500
29.15,-0.65,400,"bu","13:42:10",1429300
29.1,-0.7,100,"sd","13:42:09",1428900
29.15,-0.65,600,"sd","13:42:01",1428800
29.15,-0.65,1000,"sd","13:41:56",1428200
29.1,-0.7,22400,"sd","13:41:43",1427200
29.2,-0.6,2000,"sd","13:41:43",1399200
29.15,-0.65,300,"bu","13:40:48",1397200
29.15,-0.65,1000,"bu","13:40:46",1396900
29.15,-0.65,3700,"sd","13:40:39",1395900
29.15,-0.65,400,"sd","13:40:38",1392200
29.1,-0.7,1000,"sd","13:39:43",1391800
29.1,-0.7,800,"sd","13:39:14",1390800
29.15,-0.65,4300,"sd","13:39:14",1390000
29.2,-0.6,11900,"sd","13:39:14",1385700
29.3,-0.5,100,"sd","13:39:14",1373800
29.35,-0.45,900,"sd","13:39:14",1373700
29.2,-0.6,200,"sd","13:38:08",1372800
29.2,-0.6,2600,"sd","13:36:33",1372600
29.25,-0.55,500,"sd","13:36:33",1370000
29.3,-0.5,2900,"sd","13:36:33",1369500
29.3,-0.5,5000,"sd","13:36:32",1366600
29.3,-0.5,10000,"sd","13:36:28",1361600
29.3,-0.5,100,"sd","13:36:15",1351600
29.3,-0.5,100,"bu","13:36:05",1351500
29.2,-0.6,300,"sd","13:35:09",1351400
29.2,-0.6,200,"sd","13:34:37",1351100
29.2,-0.6,300,"sd","13:34:23",1350900
29.3,-0.5,4700,"sd","13:34:23",1350600
29.3,-0.5,1100,"sd","13:34:12",1345900
29.35,-0.45,6300,"sd","13:34:12",1344800
29.4,-0.4,2600,"sd","13:34:12",1338500
29.4,-0.4,100,"sd","13:32:57",1335900
29.4,-0.4,500,"sd","13:32:32",1335800
29.45,-0.35,500,"sd","13:32:32",1335300
29.45,-0.35,500,"bu","13:32:28",1334800
29.5,-0.3,100,"bu","13:32:06",1334300
29.45,-0.35,100,"bu","13:31:44",1334200
29.4,-0.4,1000,"sd","13:31:36",1334100
29.45,-0.35,100,"bu","13:30:58",1333100
29.45,-0.35,400,"bu","13:30:54",1333000
29.45,-0.35,5000,"bu","13:30:37",1332600
29.45,-0.35,1000,"bu","13:30:23",1327600
29.4,-0.4,400,"bu","13:29:21",1326600
29.4,-0.4,1000,"bu","13:28:57",1326200
29.4,-0.4,3000,"bu","13:28:53",1325200
29.4,-0.4,100,"bu","13:28:21",1322200
29.4,-0.4,400,"bu","13:25:52",1322100
29.4,-0.4,4000,"bu","13:25:12",1321700
29.35,-0.45,100,"sd","13:25:12",1317700
29.35,-0.45,1100,"bu","13:24:55",1317600
29.35,-0.45,5000,"bu","13:24:48",1316500
29.35,-0.45,2000,"bu","13:24:37",1311500
29.3,-0.5,1900,"bu","13:24:13",1309500
29.3,-0.5,100,"bu","13:24:01",1307600
29.3,-0.5,11000,"bu","13:23:41",1307500
29.2,-0.6,400,"sd","13:23:32",1296500
29.25,-0.55,1500,"sd","13:23:32",1296100
29.3,-0.5,3100,"sd","13:23:32",1294600
29.4,-0.4,1000,"bu","13:22:43",1291500
29.3,-0.5,12100,"sd","13:22:41",1290500
29.3,-0.5,5000,"sd","13:22:40",1278400
29.3,-0.5,1800,"bu","13:22:22",1273400
29.25,-0.55,500,"bu","13:21:59",1271600
29.25,-0.55,500,"bu","13:21:46",1271100
29.25,-0.55,1100,"sd","13:21:32",1270600
29.25,-0.55,100,"sd","13:21:31",1269500
29.25,-0.55,200,"sd","13:21:14",1269400
29.3,-0.5,100,"bu","13:20:51",1269200
29.3,-0.5,400,"bu","13:20:39",1269100
29.3,-0.5,300,"sd","13:19:53",1268700
29.3,-0.5,800,"sd","13:19:43",1268400
29.3,-0.5,100,"sd","13:17:53",1267600
29.3,-0.5,300,"sd","13:17:11",1267500
29.3,-0.5,4600,"sd","13:16:40",1267200
29.35,-0.45,400,"sd","13:16:40",1262600
29.35,-0.45,10000,"sd","13:16:33",1262200
29.45,-0.35,200,"bu","13:16:19",1252200
29.4,-0.4,3300,"bu","13:16:19",1252000
29.4,-0.4,1700,"sd","13:16:14",1248700
29.5,-0.3,100,"bu","13:13:41",1247000
29.5,-0.3,5000,"bu","13:13:31",1246900
29.3,-0.5,9100,"sd","13:12:49",1241900
29.35,-0.45,900,"sd","13:12:49",1232800
29.35,-0.45,7200,"sd","13:12:42",1231900
29.4,-0.4,2800,"sd","13:12:42",1224700
29.5,-0.3,5900,"bu","13:11:05",1221900
29.45,-0.35,5100,"bu","13:11:05",1216000
29.35,-0.45,4600,"sd","13:10:59",1210900
29.4,-0.4,400,"sd","13:10:59",1206300
29.4,-0.4,100,"bu","13:10:50",1205900
29.4,-0.4,100,"bu","13:10:46",1205800
29.4,-0.4,500,"sd","13:10:42",1205700
29.4,-0.4,500,"bu","13:10:39",1205200
29.4,-0.4,2500,"sd","13:10:20",1204700
29.4,-0.4,1000,"sd","13:10:06",1202200
29.4,-0.4,700,"sd","13:09:39",1201200
29.4,-0.4,3000,"sd","13:09:32",1200500
29.4,-0.4,300,"sd","13:09:00",1197500
29.45,-0.35,3000,"bu","13:08:21",1197200
29.45,-0.35,2100,"bu","13:08:19",1194200
29.45,-0.35,2000,"bu","13:07:50",1192100
29.4,-0.4,1000,"sd","13:05:26",1190100
29.4,-0.4,200,"bu","13:05:17",1189100
29.35,-0.45,1100,"sd","13:05:00",1188900
29.4,-0.4,1900,"sd","13:05:00",1187800
29.4,-0.4,100,"sd","13:04:54",1185900
29.35,-0.45,800,"sd","13:04:08",1185800
29.4,-0.4,1200,"sd","13:04:08",1185000
29.4,-0.4,700,"sd","13:04:07",1183800
29.45,-0.35,2000,"sd","13:02:53",1183100
29.5,-0.3,3000,"bu","13:02:10",1181100
29.5,-0.3,500,"bu","13:01:25",1178100
29.5,-0.3,700,"sd","13:01:10",1177600
29.5,-0.3,400,"sd","13:01:08",1176900
29.5,-0.3,3000,"sd","13:01:04",1176500
29.5,-0.3,600,"sd","13:00:57",1173500
29.5,-0.3,500,"sd","13:00:57",1172900
29.5,-0.3,5400,"sd","13:00:56",1172400
29.5,-0.3,900,"sd","13:00:54",1167000
29.55,-0.25,400,"bu","13:00:50",1166100
29.5,-0.3,3600,"sd","13:00:27",1165700
29.55,-0.25,5000,"sd","13:00:27",1162100
29.6,-0.2,1400,"sd","13:00:27",1157100
29.6,-0.2,2000,"sd","11:29:21",1155700
29.6,-0.2,100,"sd","11:29:15",1153700
29.65,-0.15,900,"sd","11:29:09",1153600
29.65,-0.15,2000,"sd","11:29:05",1152700
29.65,-0.15,100,"sd","11:29:03",1150700
29.65,-0.15,700,"sd","11:28:56",1150600
29.65,-0.15,5000,"sd","11:28:52",1149900
29.65,-0.15,1000,"sd","11:27:45",1144900
29.65,-0.15,4000,"sd","11:27:44",1143900
29.65,-0.15,3000,"sd","11:27:38",1139900
29.7,-0.1,15600,"sd","11:26:55",1136900
29.7,-0.1,100,"sd","11:26:50",1121300
29.7,-0.1,5000,"sd","11:26:45",1121200
29.7,-0.1,100,"sd","11:26:25",1116200
29.7,-0.1,400,"sd","11:26:13",1116100
29.7,-0.1,100,"sd","11:25:39",1115700
29.7,-0.1,1000,"sd","11:25:22",1115600
29.75,-0.05,100,"bu","11:25:04",1114600
29.75,-0.05,14300,"sd","11:24:53",1114500
29.75,-0.05,10000,"sd","11:24:27",1100200
29.75,-0.05,2400,"sd","11:24:14",1090200
29.75,-0.05,700,"sd","11:24:02",1087800
29.75,-0.05,3700,"sd","11:23:54",1087100
29.75,-0.05,100,"sd","11:22:58",1083400
29.75,-0.05,200,"sd","11:21:47",1083300
29.75,-0.05,200,"sd","11:21:13",1083100
29.75,-0.05,4000,"sd","11:21:00",1082900
29.75,-0.05,11600,"sd","11:20:45",1078900
29.75,-0.05,1000,"sd","11:18:46",1067300
29.75,-0.05,10000,"sd","11:18:33",1066300
29.75,-0.05,200,"sd","11:16:03",1056300
29.8,0,100,"bu","11:15:35",1056100
29.8,0,100,"sd","11:08:55",1056000
29.8,0,10000,"sd","11:08:51",1055900
29.8,0,1000,"sd","11:07:59",1045900
29.8,0,200,"sd","11:07:57",1044900
29.8,0,300,"sd","11:07:39",1044700
29.8,0,8000,"sd","11:07:19",1044400
29.8,0,300,"sd","11:06:10",1036400
29.8,0,300,"sd","11:04:29",1036100
29.8,0,9800,"bu","11:03:12",1035800
29.8,0,500,"bu","10:57:14",1026000
29.8,0,100,"bu","10:56:39",1025500
29.8,0,300,"bu","10:55:23",1025400
29.8,0,100,"bu","10:55:05",1025100
29.8,0,1000,"bu","10:55:03",1025000
29.75,-0.05,1000,"sd","10:54:09",1024000
29.8,0,600,"sd","10:53:17",1023000
29.8,0,500,"sd","10:51:19",1022400
29.8,0,200,"sd","10:50:38",1021900
29.8,0,1000,"sd","10:50:25",1021700
29.8,0,200,"sd","10:49:38",1020700
29.8,0,100,"bu","10:49:11",1020500
29.8,0,11000,"bu","10:49:02",1020400
29.8,0,400,"bu","10:47:46",1009400
29.8,0,100,"bu","10:47:10",1009000
29.8,0,16000,"bu","10:46:19",1008900
29.8,0,100,"bu","10:45:56",992900
29.8,0,400,"sd","10:44:55",992800
29.8,0,20000,"sd","10:41:41",992400
29.85,0.05,800,"bu","10:39:42",972400
29.8,0,1000,"sd","10:39:06",971600
29.85,0.05,100,"bu","10:35:18",970600
29.85,0.05,2000,"sd","10:34:29",970500
29.85,0.05,100,"sd","10:30:46",968500
29.85,0.05,5400,"sd","10:29:15",968400
29.85,0.05,13000,"sd","10:28:46",963000
29.85,0.05,500,"sd","10:26:21",950000
29.9,0.1,100,"bu","10:25:46",949500
29.9,0.1,500,"bu","10:25:41",949400
29.9,0.1,500,"sd","10:25:23",948900
29.9,0.1,1000,"sd","10:25:00",948400
29.9,0.1,1000,"sd","10:24:05",947400
29.9,0.1,200,"sd","10:23:55",946400
29.9,0.1,8700,"bu","10:22:59",946200
29.9,0.1,2900,"sd","10:20:33",937500
29.9,0.1,20000,"sd","10:20:26",934600
29.9,0.1,100,"sd","10:19:16",914600
29.9,0.1,100,"sd","10:15:21",914500
29.9,0.1,500,"sd","10:15:17",914400
29.9,0.1,400,"sd","10:15:06",913900
29.95,0.15,200,"bu","10:12:35",913500
29.95,0.15,3300,"sd","10:10:35",913300
30,0.2,200,"bu","10:10:27",910000
29.95,0.15,20000,"sd","10:10:22",909800
29.95,0.15,20000,"sd","10:10:18",889800
30,0.2,200,"bu","10:08:23",869800
29.95,0.15,1500,"sd","10:08:09",869600
30,0.2,10000,"bu","10:07:31",868100
29.95,0.15,300,"sd","10:07:25",858100
29.95,0.15,3400,"sd","10:06:28",857800
29.95,0.15,10000,"sd","10:05:42",854400
29.95,0.15,100,"sd","10:04:17",844400
29.95,0.15,100,"sd","10:02:47",844300
30,0.2,2000,"bu","10:01:52",844200
30,0.2,5100,"sd","10:01:45",842200
30.1,0.3,63700,"bu","10:01:32",837100
30.05,0.25,36300,"bu","10:01:32",773400
30,0.2,100,"sd","10:01:18",737100
30,0.2,300,"sd","10:01:15",737000
30.05,0.25,100,"bu","10:01:10",736700
30,0.2,700,"sd","10:00:31",736600
30,0.2,600,"sd","10:00:07",735900
30,0.2,3200,"bu","09:59:18",735300
30,0.2,100,"bu","09:57:49",732100
29.95,0.15,1500,"sd","09:57:10",732000
30,0.2,200,"bu","09:56:45",730500
30,0.2,300,"bu","09:55:59",730300
30,0.2,100,"bu","09:55:54",730000
30,0.2,29000,"bu","09:55:49",729900
30,0.2,500,"bu","09:54:41",700900
30,0.2,5000,"bu","09:50:21",700400
29.95,0.15,10000,"sd","09:50:08",695400
29.95,0.15,500,"sd","09:48:56",685400
29.95,0.15,200,"sd","09:48:35",684900
29.95,0.15,1000,"sd","09:48:21",684700
29.95,0.15,100,"sd","09:48:12",683700
29.95,0.15,500,"sd","09:48:12",683600
29.95,0.15,100,"sd","09:47:40",683100
29.95,0.15,100,"sd","09:47:29",683000
29.95,0.15,300,"sd","09:46:09",682900
29.95,0.15,3000,"sd","09:45:40",682600
30,0.2,100,"bu","09:44:15",679600
30,0.2,100,"sd","09:42:37",679500
30,0.2,100,"sd","09:42:17",679400
30,0.2,500,"sd","09:41:56",679300
30,0.2,100,"sd","09:41:44",678800
30,0.2,2500,"sd","09:41:37",678700
30,0.2,1100,"sd","09:41:34",676200
30,0.2,2600,"bu","09:41:17",675100
30,0.2,3500,"sd","09:40:41",672500
30,0.2,2600,"sd","09:40:40",669000
30,0.2,100000,"sd","09:40:32",666400
30.05,0.25,20000,"sd","09:40:29",566400
30.1,0.3,8800,"sd","09:40:24",546400
30.1,0.3,30000,"sd","09:40:23",537600
30.1,0.3,10000,"sd","09:40:14",507600
30.1,0.3,5000,"sd","09:40:10",497600
30.15,0.35,200,"bu","09:40:05",492600
30.15,0.35,200,"bu","09:40:05",492400
30.15,0.35,100,"bu","09:38:20",492200
30.15,0.35,2600,"sd","09:37:58",492100
30.15,0.35,3000,"sd","09:37:50",489500
30.2,0.4,23700,"sd","09:37:32",486500
30.2,0.4,10000,"sd","09:37:28",462800
30.2,0.4,200,"sd","09:37:18",452800
30.25,0.45,700,"bu","09:36:50",452600
30.25,0.45,1900,"sd","09:36:45",451900
30.25,0.45,10000,"sd","09:36:43",450000
30.25,0.45,23400,"sd","09:36:36",440000
30.25,0.45,100,"sd","09:36:32",416600
30.25,0.45,2000,"sd","09:36:15",416500
30.3,0.5,1400,"bu","09:36:02",414500
30.3,0.5,500,"bu","09:35:38",413100
30.3,0.5,5000,"bu","09:35:12",412600
30.3,0.5,10000,"bu","09:35:00",407600
30.3,0.5,20000,"bu","09:34:51",397600
30.25,0.45,12600,"bu","09:34:41",377600
30.2,0.4,14300,"bu","09:34:36",365000
30.2,0.4,4000,"bu","09:34:33",350700
30.2,0.4,12000,"bu","09:34:18",346700
30.2,0.4,10000,"bu","09:34:12",334700
30.2,0.4,5000,"bu","09:34:00",324700
30.15,0.35,9400,"bu","09:33:52",319700
30.1,0.3,300,"sd","09:33:38",310300
30.15,0.35,5000,"bu","09:33:07",310000
30.1,0.3,500,"sd","09:32:50",305000
30.1,0.3,20500,"bu","09:32:27",304500
30.1,0.3,1000,"bu","09:32:25",284000
30.1,0.3,8000,"bu","09:32:22",283000
30.1,0.3,4900,"bu","09:32:06",275000
30.05,0.25,9100,"bu","09:32:06",270100
30,0.2,4000,"bu","09:31:19",261000
30,0.2,4100,"bu","09:31:15",257000
30,0.2,20000,"bu","09:31:11",252900
30,0.2,2000,"bu","09:30:07",232900
30,0.2,100,"bu","09:29:53",230900
30,0.2,9000,"bu","09:29:45",230800
30,0.2,20000,"bu","09:29:41",221800
30,0.2,3000,"bu","09:29:36",201800
30,0.2,30000,"bu","09:29:07",198800
30,0.2,5000,"bu","09:28:58",168800
30,0.2,10000,"bu","09:28:52",163800
30,0.2,10000,"bu","09:28:50",153800
30,0.2,20000,"bu","09:28:41",143800
29.95,0.15,11500,"sd","09:28:38",123800
29.95,0.15,3000,"sd","09:28:13",112300
29.95,0.15,100,"sd","09:27:55",109300
29.95,0.15,200,"bu","09:27:10",109200
29.95,0.15,1000,"bu","09:26:55",109000
29.95,0.15,4300,"bu","09:26:45",108000
29.95,0.15,2000,"bu","09:26:22",103700
29.95,0.15,100,"bu","09:26:07",101700
29.95,0.15,300,"bu","09:24:04",101600
29.95,0.15,1000,"bu","09:22:39",101300
29.95,0.15,8300,"sd","09:21:50",100300
29.95,0.15,500,"sd","09:21:39",92000
29.95,0.15,11200,"bu","09:21:36",91500
29.95,0.15,3800,"sd","09:21:15",80300
29.95,0.15,200,"sd","09:21:08",76500
29.95,0.15,500,"sd","09:21:04",76300
29.95,0.15,100,"sd","09:19:29",75800
29.95,0.15,100,"sd","09:19:06",75700
29.95,0.15,200,"sd","09:19:01",75600
29.95,0.15,100,"sd","09:18:39",75400
29.95,0.15,100,"sd","09:18:28",75300
29.95,0.15,100,"sd","09:18:15",75200
29.95,0.15,100,"sd","09:18:02",75100
29.95,0.15,100,"sd","09:17:20",75000
29.95,0.15,100,"sd","09:17:14",74900
29.95,0.15,1000,"sd","09:17:05",74800
29.9,0.1,2000,"sd","09:16:09",73800
29.9,0.1,100,"sd","09:15:50",71800
29.9,0.1,8000,"sd","09:15:15",71700
29.95,0.15,63700,"","09:15:12",63700
