"price","change","match_qtty","side","time","total_vol"
30,0.1,45300,"","14:45:03",1575900
29.75,-0.15,1000,"bu","14:30:00",1530600
29.65,-0.25,4400,"sd","14:29:56",1529600
29.7,-0.2,600,"sd","14:29:56",1525200
29.75,-0.15,2000,"bu","14:29:50",1524600
29.7,-0.2,4900,"sd","14:29:45",1522600
29.75,-0.15,100,"sd","14:29:45",1517700
29.75,-0.15,1000,"bu","14:29:40",1517600
29.75,-0.15,1000,"sd","14:29:36",1516600
29.8,-0.1,300,"bu","14:29:16",1515600
29.8,-0.1,600,"sd","14:29:14",1515300
29.75,-0.15,100,"bu","14:29:04",1514700
29.75,-0.15,2000,"bu","14:29:03",1514600
29.75,-0.15,1500,"sd","14:29:02",1512600
29.8,-0.1,400,"sd","14:28:53",1511100
29.85,-0.05,1000,"sd","14:28:53",1510700
29.8,-0.1,500,"sd","14:28:36",1509700
29.8,-0.1,100,"bu","14:28:11",1509200
29.8,-0.1,1000,"bu","14:27:58",1509100
29.75,-0.15,200,"sd","14:27:54",1505100
29.75,-0.15,5500,"bu","14:27:36",1504900
29.65,-0.25,4100,"bu","14:27:28",1499400
29.65,-0.25,100,"bu","14:27:27",1495300
29.65,-0.25,100,"bu","14:27:24",1495200
29.65,-0.25,1000,"bu","14:27:23",1495100
29.65,-0.25,300,"bu","14:27:20",1494100
29.65,-0.25,2000,"bu","14:27:14",1493800
29.6,-0.3,1000,"sd","14:27:11",1491800
29.65,-0.25,100,"bu","14:27:02",1490800
29.65,-0.25,2300,"sd","14:26:59",1490700
29.65,-0.25,1600,"sd","14:26:38",1488400
29.7,-0.2,1800,"sd","14:26:38",1486800
29.75,-0.15,1300,"sd","14:26:38",1485000
29.75,-0.15,1500,"sd","14:26:28",1483700
29.75,-0.15,100,"bu","14:26:00",1482200
29.75,-0.15,400,"sd","14:25:54",1482100
29.75,-0.15,100,"sd","14:25:51",1481700
29.7,-0.2,1000,"sd","14:25:33",1481600
29.7,-0.2,1000,"sd","14:25:25",1480600
29.7,-0.2,700,"bu","14:25:06",1479600
29.7,-0.2,1000,"bu","14:25:01",1478900
29.65,-0.25,100,"bu","14:24:33",1477900
29.65,-0.25,100,"bu","14:24:29",1477800
29.5,-0.4,4800,"sd","14:24:14",1477700
29.5,-0.4,500,"sd","14:24:03",1472900
29.5,-0.4,1000,"bu","14:23:53",1472400
29.5,-0.4,3200,"bu","14:23:48",1471400
29.5,-0.4,200,"bu","14:23:43",1468200
29.5,-0.4,3300,"sd","14:23:36",1468000
29.5,-0.4,6300,"sd","14:23:35",1464700
29.55,-0.35,6000,"sd","14:23:35",1458400
29.6,-0.3,400,"bu","14:23:27",1452200
29.6,-0.3,400,"sd","14:23:26",1451800
29.6,-0.3,1000,"sd","14:23:18",1451400
29.6,-0.3,600,"sd","14:23:14",1450400
29.6,-0.3,1000,"sd","14:23:14",1449800
29.6,-0.3,500,"bu","14:23:06",1448700
29.55,-0.35,200,"sd","14:23:04",1448200
29.55,-0.35,200,"sd","14:23:01",1448000
29.55,-0.35,1000,"sd","14:22:39",1447800
29.55,-0.35,500,"sd","14:22:13",1446800
29.5,-0.4,1100,"sd","14:22:09",1446300
29.5,-0.4,9900,"sd","14:22:08",1445200
29.5,-0.4,1000,"sd","14:22:00",1435200
29.65,-0.25,300,"bu","14:21:53",1434200
29.5,-0.4,16200,"sd","14:21:40",1433900
29.55,-0.35,7900,"sd","14:21:40",1417700
29.6,-0.3,13300,"sd","14:21:40",1409800
29.65,-0.25,100,"bu","14:21:35",1396500
29.65,-0.25,1000,"bu","14:21:24",1396400
29.65,-0.25,3200,"sd","14:21:11",1395400
29.7,-0.2,500,"bu","14:21:01",1392200
29.7,-0.2,6000,"sd","14:20:38",1391700
29.8,-0.1,200,"sd","14:20:06",1385700
29.8,-0.1,500,"sd","14:19:48",1385500
29.8,-0.1,2500,"sd","14:19:13",1385000
29.8,-0.1,100,"bu","14:18:35",1382500
29.8,-0.1,1000,"bu","14:18:27",1382400
29.8,-0.1,200,"bu","14:18:13",1381400
29.7,-0.2,1300,"sd","14:18:00",1381200
29.75,-0.15,700,"sd","14:18:00",1379900
29.8,-0.1,1300,"sd","14:17:47",1379200
29.85,-0.05,1400,"sd","14:17:37",1377900
29.85,-0.05,900,"sd","14:17:34",1376500
29.85,-0.05,3000,"sd","14:17:22",1375600
29.9,0,9400,"sd","14:16:31",1372600
29.9,0,1000,"sd","14:16:25",1363200
29.9,0,1700,"sd","14:16:12",1362200
29.9,0,1500,"sd","14:16:11",1360500
29.95,0.05,500,"sd","14:15:51",1359000
30,0.1,100,"bu","14:15:50",1358500
30,0.1,10000,"bu","14:15:48",1358400
29.95,0.05,800,"sd","14:15:47",1348400
30,0.1,1200,"bu","14:14:44",1347600
29.95,0.05,200,"sd","14:14:35",1346400
30,0.1,100,"sd","14:14:27",1346200
30,0.1,500,"sd","14:14:22",1346100
30,0.1,100,"sd","14:14:20",1345600
30,0.1,300,"sd","14:14:13",1345500
30,0.1,200,"sd","14:14:08",1345200
30,0.1,500,"sd","14:13:50",1345000
30,0.1,100,"sd","14:13:47",1344500
30,0.1,13600,"bu","14:13:32",1344400
29.95,0.05,1000,"sd","14:13:27",1330800
30,0.1,2000,"bu","14:13:24",1329800
30,0.1,500,"bu","14:13:17",1327800
30,0.1,21300,"bu","14:13:06",1327300
30,0.1,8100,"bu","14:12:43",1306000
29.95,0.05,8700,"bu","14:11:43",1297900
29.95,0.05,800,"bu","14:11:10",1289200
29.9,0,400,"sd","14:10:46",1288400
29.9,0,17000,"bu","14:10:44",1288000
29.85,-0.05,200,"sd","14:10:42",1271000
29.85,-0.05,800,"sd","14:10:11",1270800
29.9,0,2000,"bu","14:10:02",1270000
29.9,0,1000,"bu","14:09:28",1268000
29.85,-0.05,500,"sd","14:09:05",1267000
29.85,-0.05,5000,"sd","14:09:02",1266500
29.85,-0.05,4000,"bu","14:08:42",1261500
29.8,-0.1,1700,"bu","14:08:30",1257500
29.8,-0.1,300,"sd","14:08:18",1255800
29.8,-0.1,4100,"sd","14:07:38",1255500
29.8,-0.1,300,"sd","14:07:24",1251400
29.85,-0.05,900,"sd","14:07:24",1251100
29.85,-0.05,100,"sd","14:07:20",1250200
29.85,-0.05,700,"sd","14:07:04",1250100
29.85,-0.05,500,"sd","14:06:27",1249400
29.85,-0.05,100,"sd","14:05:45",1248900
29.85,-0.05,300,"sd","14:05:42",1248800
29.85,-0.05,9000,"sd","14:05:23",1248500
29.85,-0.05,1500,"sd","14:05:23",1239500
29.85,-0.05,500,"sd","14:05:15",1238000
29.85,-0.05,4000,"sd","14:05:09",1237500
29.85,-0.05,8200,"sd","14:04:57",1233500
29.9,0,8700,"bu","14:04:50",1225300
29.9,0,100,"bu","14:04:35",1216600
29.9,0,1000,"bu","14:04:31",1216500
29.9,0,2000,"bu","14:04:18",1215500
29.9,0,100,"bu","14:04:01",1213500
29.9,0,4800,"bu","14:03:38",1213400
29.9,0,300,"bu","14:03:34",1208600
29.9,0,16900,"sd","14:03:28",1208300
30,0.1,800,"bu","14:03:26",1191400
29.95,0.05,700,"bu","14:03:26",1190600
29.95,0.05,300,"sd","14:03:20",1189900
30,0.1,2700,"bu","14:03:09",1189600
30,0.1,500,"bu","14:03:02",1186900
29.95,0.05,500,"bu","14:03:02",1186400
29.95,0.05,2000,"sd","14:03:00",1185900
30,0.1,2000,"bu","14:02:58",1183900
30,0.1,500,"bu","14:02:32",1181900
30,0.1,100,"bu","14:02:24",1181400
30,0.1,300,"bu","14:02:00",1181300
30,0.1,500,"bu","14:01:58",1181000
30,0.1,4600,"bu","14:01:54",1180500
30,0.1,100,"bu","14:01:52",1175900
30,0.1,10000,"bu","14:01:29",1175800
29.95,0.05,2000,"sd","14:01:23",1165800
29.95,0.05,4600,"bu","14:00:47",1163800
29.95,0.05,600,"bu","14:00:44",1159200
29.9,0,1300,"bu","14:00:39",1158600
29.9,0,100,"bu","14:00:29",1157300
29.9,0,10000,"bu","14:00:26",1157200
29.85,-0.05,5200,"bu","14:00:17",1147200
29.85,-0.05,3000,"bu","14:00:16",1142000
29.85,-0.05,500,"bu","14:00:13",1139000
29.8,-0.1,300,"bu","13:59:50",1138500
29.8,-0.1,200,"bu","13:59:47",1138200
29.8,-0.1,2000,"bu","13:59:47",1138000
29.8,-0.1,2000,"bu","13:59:39",1136000
29.65,-0.25,1000,"sd","13:58:37",1134000
29.65,-0.25,12000,"bu","13:58:27",1133000
29.65,-0.25,400,"bu","13:58:17",1121000
29.65,-0.25,2000,"bu","13:58:14",1120600
29.65,-0.25,300,"bu","13:58:08",1118600
29.65,-0.25,100,"bu","13:57:52",1118300
29.65,-0.25,61900,"sd","13:57:33",1118200
29.7,-0.2,2700,"sd","13:57:33",1056300
29.7,-0.2,11500,"sd","13:57:32",1053600
29.75,-0.15,5800,"sd","13:57:32",1042100
29.8,-0.1,100,"bu","13:56:51",1036300
29.8,-0.1,500,"bu","13:56:06",1036200
29.75,-0.15,200,"sd","13:55:55",1035700
29.8,-0.1,500,"sd","13:55:09",1035500
29.8,-0.1,500,"bu","13:54:58",1035000
29.8,-0.1,300,"bu","13:54:53",1034500
29.8,-0.1,11700,"sd","13:54:38",1034200
29.8,-0.1,100,"sd","13:53:38",1022500
29.8,-0.1,200,"sd","13:53:11",1022400
29.85,-0.05,1000,"bu","13:53:00",1022200
29.8,-0.1,1800,"sd","13:52:54",1021200
29.8,-0.1,1200,"sd","13:52:34",1019400
29.85,-0.05,800,"sd","13:52:22",1018200
29.85,-0.05,1200,"bu","13:51:49",1017400
29.85,-0.05,2000,"bu","13:51:42",1016200
29.8,-0.1,100,"sd","13:50:54",1014200
29.8,-0.1,200,"sd","13:50:45",1014100
29.85,-0.05,700,"bu","13:50:33",1013900
29.85,-0.05,1700,"bu","13:50:11",1013200
29.8,-0.1,100,"sd","13:49:54",1011500
29.85,-0.05,400,"bu","13:49:31",1011400
29.85,-0.05,100,"bu","13:48:35",1011000
29.8,-0.1,200,"sd","13:48:12",1010900
29.8,-0.1,2500,"bu","13:47:51",1010700
29.8,-0.1,200,"bu","13:47:50",1008200
29.8,-0.1,1000,"bu","13:47:47",1008000
29.8,-0.1,1000,"bu","13:47:45",1007000
29.8,-0.1,1000,"bu","13:47:44",1006000
29.8,-0.1,1000,"bu","13:47:43",1005000
29.8,-0.1,1000,"bu","13:47:42",1004000
29.8,-0.1,1000,"bu","13:47:30",1003000
29.8,-0.1,200,"bu","13:47:29",1002000
29.7,-0.2,10000,"sd","13:46:52",1001800
29.7,-0.2,1000,"bu","13:46:10",991800
29.7,-0.2,200,"bu","13:46:10",990800
29.7,-0.2,200,"bu","13:46:05",990600
29.65,-0.25,300,"sd","13:45:41",990400
29.7,-0.2,100,"bu","13:45:41",990100
29.7,-0.2,100,"bu","13:45:35",990000
29.7,-0.2,100,"bu","13:45:26",989900
29.7,-0.2,3000,"bu","13:45:15",989800
29.65,-0.25,5000,"sd","13:44:44",986800
29.7,-0.2,100,"bu","13:44:06",981800
29.7,-0.2,800,"bu","13:44:04",981700
29.7,-0.2,300,"bu","13:43:36",980900
29.7,-0.2,700,"bu","13:43:33",980600
29.65,-0.25,1300,"bu","13:43:33",979900
29.7,-0.2,400,"bu","13:42:59",978600
29.6,-0.3,17600,"sd","13:42:57",978200
29.65,-0.25,11000,"sd","13:42:57",960600
29.7,-0.2,3500,"sd","13:42:41",949600
29.75,-0.15,500,"sd","13:42:07",946100
29.75,-0.15,1700,"sd","13:42:00",945600
29.8,-0.1,1400,"sd","13:41:44",943900
29.8,-0.1,800,"sd","13:41:31",942500
29.85,-0.05,200,"sd","13:41:31",941700
29.9,0,500,"sd","13:41:04",941500
29.9,0,200,"sd","13:40:51",941000
29.9,0,1000,"sd","13:40:46",940800
29.9,0,200,"sd","13:40:42",939800
29.9,0,5000,"sd","13:40:39",939600
29.9,0,200,"sd","13:40:34",934600
29.9,0,7000,"sd","13:40:32",934400
29.9,0,2100,"bu","13:40:23",927400
29.9,0,4100,"sd","13:40:16",925300
29.9,0,50000,"sd","13:40:03",921200
29.95,0.05,1300,"sd","13:39:56",871200
29.95,0.05,700,"sd","13:39:55",869900
29.9,0,5400,"sd","13:39:52",869200
29.95,0.05,900,"bu","13:39:50",863700
29.95,0.05,200,"bu","13:39:47",862800
29.95,0.05,200,"bu","13:39:45",862600
29.95,0.05,400,"bu","13:39:23",862400
29.95,0.05,100,"bu","13:39:20",862000
29.95,0.05,200,"bu","13:39:07",861900
29.95,0.05,300,"bu","13:38:39",861700
29.9,0,500,"sd","13:38:32",861400
29.95,0.05,600,"bu","13:38:31",860900
29.95,0.05,1200,"sd","13:38:21",860300
29.95,0.05,2600,"bu","13:38:09",859100
29.95,0.05,100,"bu","13:38:01",856500
29.95,0.05,4100,"bu","13:37:54",856400
29.85,-0.05,300,"sd","13:37:46",852300
29.9,0,1200,"sd","13:37:43",852000
29.9,0,4800,"bu","13:37:03",850800
29.9,0,3000,"bu","13:36:59",846000
29.9,0,2600,"bu","13:36:55",843000
29.85,-0.05,100,"bu","13:36:39",840400
29.8,-0.1,100,"bu","13:36:29",840300
29.75,-0.15,1900,"bu","13:36:11",840200
29.7,-0.2,2000,"sd","13:36:10",838300
29.75,-0.15,100,"bu","13:36:04",836300
29.75,-0.15,5000,"bu","13:36:01",836200
29.75,-0.15,300,"bu","13:35:50",831200
29.75,-0.15,100,"bu","13:35:43",830900
29.7,-0.2,500,"sd","13:35:39",830800
29.75,-0.15,100,"bu","13:35:12",830300
29.75,-0.15,1000,"bu","13:34:47",830200
29.75,-0.15,1000,"bu","13:34:30",829200
29.75,-0.15,5700,"bu","13:34:21",828200
29.7,-0.2,5000,"sd","13:33:50",822500
29.75,-0.15,1500,"bu","13:33:36",817500
29.75,-0.15,100,"bu","13:32:46",816000
29.7,-0.2,3300,"sd","13:32:12",815900
29.7,-0.2,2000,"sd","13:31:58",812600
29.75,-0.15,100,"bu","13:31:46",810600
29.7,-0.2,100,"sd","13:31:33",810500
29.7,-0.2,5000,"sd","13:31:19",810400
29.7,-0.2,5000,"sd","13:31:09",805400
29.7,-0.2,100,"sd","13:30:20",800400
29.7,-0.2,100,"sd","13:30:08",800300
29.7,-0.2,2000,"sd","13:29:57",800200
29.7,-0.2,3600,"bu","13:29:55",798200
29.65,-0.25,600,"sd","13:29:43",794600
29.65,-0.25,4600,"sd","13:29:38",794000
29.65,-0.25,800,"sd","13:29:31",789400
29.65,-0.25,2500,"sd","13:29:28",788600
29.65,-0.25,7000,"sd","13:28:39",786100
29.65,-0.25,1000,"sd","13:28:12",779100
29.7,-0.2,500,"bu","13:28:07",778100
29.65,-0.25,1000,"sd","13:27:45",777600
29.7,-0.2,200,"bu","13:27:36",776600
29.65,-0.25,2000,"sd","13:27:21",776400
29.7,-0.2,300,"bu","13:27:02",774400
29.7,-0.2,100,"bu","13:26:58",774100
29.7,-0.2,300,"bu","13:26:15",774000
29.65,-0.25,3500,"sd","13:26:05",773700
29.7,-0.2,700,"bu","13:25:54",770200
29.65,-0.25,2200,"sd","13:25:53",769500
29.7,-0.2,500,"bu","13:25:39",767300
29.7,-0.2,100,"bu","13:25:39",766800
29.7,-0.2,1000,"bu","13:25:36",766700
29.7,-0.2,500,"bu","13:25:23",765700
29.7,-0.2,100,"bu","13:24:42",765200
29.65,-0.25,100,"sd","13:24:32",765100
29.7,-0.2,200,"bu","13:24:27",765000
29.7,-0.2,500,"bu","13:24:23",764800
29.7,-0.2,100,"bu","13:24:21",764300
29.7,-0.2,500,"bu","13:24:11",764200
29.7,-0.2,100,"bu","13:24:04",763700
29.7,-0.2,500,"bu","13:23:56",763600
29.65,-0.25,300,"bu","13:22:19",763100
29.65,-0.25,700,"sd","13:22:05",762800
29.7,-0.2,100,"bu","13:21:49",762100
29.65,-0.25,300,"sd","13:21:49",762000
29.7,-0.2,500,"bu","13:21:40",761700
29.7,-0.2,500,"bu","13:20:58",761200
29.7,-0.2,100,"bu","13:20:55",760700
29.6,-0.3,13100,"sd","13:20:53",760600
29.65,-0.25,6900,"sd","13:20:53",747500
29.7,-0.2,6000,"bu","13:20:36",740600
29.7,-0.2,2000,"bu","13:19:52",734600
29.65,-0.25,1000,"sd","13:19:43",732600
29.65,-0.25,5800,"bu","13:19:25",731600
29.6,-0.3,2200,"sd","13:19:15",725800
29.65,-0.25,100,"bu","13:19:11",723600
29.65,-0.25,200,"bu","13:19:09",723500
29.65,-0.25,100,"bu","13:18:57",723300
29.65,-0.25,100,"bu","13:18:39",723200
29.65,-0.25,200,"bu","13:18:33",723100
29.65,-0.25,3000,"bu","13:18:32",722900
29.65,-0.25,100,"bu","13:18:22",719900
29.65,-0.25,13200,"sd","13:18:10",719800
29.7,-0.2,1200,"sd","13:18:10",706600
29.7,-0.2,100,"sd","13:18:05",705400
29.7,-0.2,100,"sd","13:17:50",705300
29.7,-0.2,1000,"sd","13:17:42",705200
29.7,-0.2,1000,"sd","13:17:34",704200
29.7,-0.2,1500,"sd","13:17:18",703200
29.7,-0.2,1100,"sd","13:17:15",701700
29.7,-0.2,7000,"sd","13:17:04",700600
29.7,-0.2,2000,"sd","13:16:41",693600
29.7,-0.2,2000,"sd","13:16:37",691600
29.7,-0.2,1000,"sd","13:16:16",689600
29.75,-0.15,500,"bu","13:16:05",688600
29.75,-0.15,100,"bu","13:15:54",688100
29.75,-0.15,200,"bu","13:15:35",688000
29.7,-0.2,400,"sd","13:15:02",687800
29.7,-0.2,4500,"sd","13:14:42",687400
29.7,-0.2,300,"sd","13:14:38",682900
29.7,-0.2,1000,"sd","13:14:36",682600
29.7,-0.2,1000,"sd","13:14:31",681600
29.7,-0.2,500,"sd","13:14:22",680600
29.75,-0.15,26700,"sd","13:13:54",680100
29.75,-0.15,600,"sd","13:13:35",653400
29.75,-0.15,400,"sd","13:13:01",652800
29.8,-0.1,400,"bu","13:12:27",652400
29.8,-0.1,800,"bu","13:12:25",652000
29.8,-0.1,500,"bu","13:12:13",651200
29.8,-0.1,18300,"sd","13:11:06",650700
29.8,-0.1,100,"sd","13:10:59",632400
29.8,-0.1,3000,"sd","13:10:52",632300
29.8,-0.1,100,"sd","13:10:10",629300
29.85,-0.05,100,"bu","13:10:06",629200
29.85,-0.05,2000,"sd","13:09:32",629100
29.9,0,1000,"bu","13:09:31",627100
29.85,-0.05,3000,"sd","13:09:24",626100
29.9,0,300,"bu","13:09:09",623100
29.9,0,2500,"sd","13:09:04",622800
29.9,0,300,"sd","13:08:42",620300
29.9,0,100,"sd","13:08:27",620000
29.9,0,1000,"sd","13:08:09",619900
29.9,0,1700,"bu","13:08:00",618900
29.85,-0.05,2600,"sd","13:07:55",617200
29.9,0,200,"bu","13:07:38",614600
29.9,0,1000,"bu","13:07:23",614400
29.9,0,100,"bu","13:07:12",613400
29.95,0.05,100,"bu","13:06:59",613300
29.9,0,200,"bu","13:06:18",613200
29.9,0,3000,"bu","13:06:14",613000
29.9,0,700,"bu","13:06:05",610000
29.9,0,500,"bu","13:06:04",609300
29.9,0,5000,"bu","13:05:53",608800
29.85,-0.05,3000,"sd","13:05:52",603800
29.85,-0.05,2000,"sd","13:05:25",600800
29.9,0,700,"bu","13:05:23",598800
29.85,-0.05,2600,"sd","13:05:09",598100
29.85,-0.05,300,"sd","13:05:07",595500
29.85,-0.05,4400,"bu","13:04:31",595200
29.8,-0.1,1900,"sd","13:04:20",590800
29.8,-0.1,100,"bu","13:03:12",588900
29.8,-0.1,1000,"bu","13:03:11",588800
29.8,-0.1,5000,"bu","13:03:06",587800
29.8,-0.1,100,"sd","13:02:27",582800
29.8,-0.1,1000,"sd","13:02:16",582700
29.8,-0.1,1100,"sd","13:01:48",581700
29.8,-0.1,400,"sd","13:00:46",580600
29.8,-0.1,500,"sd","13:00:33",580200
29.8,-0.1,1700,"bu","13:00:28",579700
29.75,-0.15,1000,"sd","13:00:18",578000
29.75,-0.15,200,"sd","13:00:16",577000
29.8,-0.1,500,"bu","13:00:14",576800
29.8,-0.1,500,"bu","13:00:12",576300
29.75,-0.15,4600,"sd","13:00:11",575800
29.8,-0.1,300,"bu","13:00:11",571200
29.8,-0.1,2000,"bu","13:00:09",570900
29.8,-0.1,3700,"sd","13:00:04",568900
29.85,-0.05,1000,"sd","11:28:19",565200
29.85,-0.05,1500,"sd","11:28:00",564200
29.85,-0.05,5100,"sd","11:26:24",562700
29.85,-0.05,400,"sd","11:25:01",557600
29.85,-0.05,1200,"sd","11:24:41",557200
29.85,-0.05,20000,"sd","11:23:30",556000
29.9,0,600,"sd","11:23:19",536000
29.9,0,15200,"sd","11:23:19",535400
29.9,0,200,"sd","11:23:13",520200
29.9,0,5500,"bu","11:22:19",520000
29.9,0,100,"bu","11:22:06",514500
29.9,0,1800,"sd","11:21:54",514400
29.9,0,200,"sd","11:21:44",512600
29.9,0,1000,"sd","11:21:38",512400
29.9,0,900,"bu","11:20:02",511400
29.9,0,500,"sd","11:19:52",510500
29.9,0,4200,"bu","11:19:34",510000
29.9,0,100,"bu","11:19:14",505800
29.85,-0.05,5000,"bu","11:18:26",505700
29.85,-0.05,300,"bu","11:18:22",500700
29.8,-0.1,1700,"bu","11:18:11",500400
29.75,-0.15,500,"bu","11:17:30",498700
29.75,-0.15,100,"sd","11:17:28",498200
29.75,-0.15,1600,"bu","11:17:11",498100
29.75,-0.15,300,"bu","11:17:04",496500
29.75,-0.15,100,"bu","11:15:15",496200
29.75,-0.15,1000,"bu","11:14:59",496100
29.8,-0.1,2600,"bu","11:13:57",495100
29.8,-0.1,2400,"bu","11:13:57",492500
29.8,-0.1,200,"bu","11:13:49",490100
29.8,-0.1,100,"bu","11:11:38",489900
29.7,-0.2,13300,"bu","11:10:54",489800
29.65,-0.25,200,"sd","11:10:37",476500
29.7,-0.2,10000,"bu","11:10:37",476300
29.7,-0.2,2000,"bu","11:08:45",466300
29.7,-0.2,100,"bu","11:08:06",464300
29.7,-0.2,1000,"bu","11:07:41",464200
29.7,-0.2,500,"bu","11:05:57",463200
29.7,-0.2,300,"bu","11:03:53",462700
29.7,-0.2,500,"bu","11:03:16",462400
29.65,-0.25,1000,"sd","11:03:15",461900
29.7,-0.2,1000,"bu","10:59:26",460900
29.7,-0.2,300,"bu","10:57:50",459900
29.7,-0.2,10900,"sd","10:57:46",459600
29.7,-0.2,5000,"sd","10:57:41",448700
29.7,-0.2,300,"sd","10:57:40",443700
29.7,-0.2,1000,"sd","10:57:19",443400
29.7,-0.2,1000,"sd","10:56:30",442400
29.7,-0.2,2000,"sd","10:56:06",441400
29.8,-0.1,1000,"bu","10:52:28",439400
29.8,-0.1,300,"sd","10:50:23",438400
29.8,-0.1,200,"sd","10:50:15",438100
29.8,-0.1,100,"sd","10:50:05",437900
29.8,-0.1,100,"sd","10:50:01",437800
29.8,-0.1,500,"sd","10:49:53",437700
29.8,-0.1,1300,"bu","10:48:49",437200
29.8,-0.1,1800,"bu","10:48:33",435900
29.8,-0.1,100,"bu","10:45:30",434100
29.8,-0.1,300,"bu","10:45:11",434000
29.8,-0.1,14900,"sd","10:44:01",433700
29.8,-0.1,100,"sd","10:43:50",418800
29.8,-0.1,200,"sd","10:43:21",418700
29.8,-0.1,200,"sd","10:43:16",418500
29.8,-0.1,3000,"sd","10:43:10",418300
29.8,-0.1,200,"sd","10:43:09",415300
29.8,-0.1,200,"sd","10:43:06",415100
29.8,-0.1,2500,"sd","10:43:06",414900
29.8,-0.1,1000,"sd","10:43:01",412400
29.8,-0.1,200,"sd","10:42:31",411400
29.8,-0.1,200,"sd","10:42:26",411200
29.8,-0.1,200,"sd","10:42:22",411000
29.8,-0.1,200,"sd","10:42:09",410800
29.8,-0.1,200,"sd","10:41:35",410600
29.8,-0.1,200,"sd","10:41:29",410400
29.8,-0.1,200,"sd","10:41:27",410200
29.8,-0.1,200,"sd","10:41:25",410000
29.8,-0.1,200,"sd","10:41:21",409800
29.8,-0.1,200,"sd","10:41:17",409600
29.85,-0.05,100,"bu","10:41:02",409400
29.85,-0.05,300,"bu","10:39:06",409300
29.8,-0.1,100,"sd","10:36:41",409000
29.85,-0.05,100,"bu","10:36:30",408900
29.8,-0.1,6600,"bu","10:36:18",408800
29.7,-0.2,100,"bu","10:35:44",402200
29.7,-0.2,1000,"sd","10:35:19",402100
29.7,-0.2,4000,"bu","10:35:06",401100
29.65,-0.25,700,"bu","10:34:35",397100
29.65,-0.25,600,"sd","10:33:09",396400
29.65,-0.25,500,"sd","10:32:33",395800
29.7,-0.2,1000,"bu","10:32:22",395300
29.6,-0.3,100,"sd","10:32:00",394300
29.6,-0.3,200,"sd","10:31:16",394200
29.6,-0.3,1100,"sd","10:31:15",394000
29.6,-0.3,900,"sd","10:30:47",392900
29.6,-0.3,100,"bu","10:30:12",392000
29.6,-0.3,200,"sd","10:30:08",391900
29.6,-0.3,200,"sd","10:30:06",391700
29.6,-0.3,100,"bu","10:29:44",391500
29.6,-0.3,100,"bu","10:29:28",391400
29.6,-0.3,1000,"bu","10:29:20",391300
29.6,-0.3,200,"bu","10:27:34",390300
29.55,-0.35,3000,"sd","10:27:03",390100
29.55,-0.35,2000,"bu","10:25:53",387100
29.55,-0.35,100,"bu","10:25:44",385100
29.55,-0.35,100,"bu","10:25:30",385000
29.55,-0.35,300,"bu","10:25:28",384900
29.55,-0.35,1200,"sd","10:25:05",384600
29.55,-0.35,5000,"sd","10:24:04",383400
29.6,-0.3,2300,"sd","10:23:49",378400
29.6,-0.3,10000,"sd","10:23:46",376100
29.6,-0.3,9600,"sd","10:23:38",366100
29.7,-0.2,100,"bu","10:23:31",356500
29.7,-0.2,1300,"bu","10:23:29",356400
29.6,-0.3,100,"sd","10:23:00",355100
29.6,-0.3,100,"sd","10:22:45",355000
29.7,-0.2,100,"bu","10:22:28",354900
29.6,-0.3,9100,"sd","10:21:52",354800
29.7,-0.2,300,"bu","10:21:01",345700
29.7,-0.2,100,"bu","10:19:46",345400
29.7,-0.2,100,"bu","10:19:29",345300
29.7,-0.2,1500,"sd","10:19:22",345200
29.7,-0.2,100,"sd","10:19:01",343700
29.8,-0.1,400,"sd","10:18:31",343600
29.8,-0.1,100,"bu","10:18:19",343200
29.8,-0.1,100,"bu","10:17:52",343100
29.8,-0.1,1800,"sd","10:17:49",343000
29.8,-0.1,200,"bu","10:17:43",341200
29.8,-0.1,500,"sd","10:17:21",341000
29.8,-0.1,200,"bu","10:16:57",340500
29.8,-0.1,1800,"sd","10:16:49",340300
29.8,-0.1,400,"bu","10:16:04",338500
29.8,-0.1,500,"bu","10:15:18",338100
29.7,-0.2,600,"bu","10:15:07",337600
29.7,-0.2,500,"bu","10:14:57",337000
29.7,-0.2,2500,"bu","10:14:54",336500
29.65,-0.25,500,"bu","10:14:45",334000
29.65,-0.25,700,"bu","10:14:44",333500
29.6,-0.3,1000,"sd","10:13:43",332800
29.6,-0.3,1000,"bu","10:13:09",331800
29.55,-0.35,300,"bu","10:12:36",330800
29.5,-0.4,1000,"sd","10:12:32",330500
29.55,-0.35,300,"bu","10:12:24",329500
29.5,-0.4,1400,"bu","10:10:44",329200
29.4,-0.5,800,"sd","10:10:22",327800
29.5,-0.4,100,"bu","10:10:13",327000
29.4,-0.5,800,"sd","10:08:28",326900
29.4,-0.5,200,"bu","10:08:23",326100
29.4,-0.5,100,"bu","10:08:18",325900
29.4,-0.5,300,"bu","10:07:28",325800
29.35,-0.55,300,"bu","10:04:24",325500
29.35,-0.55,300,"bu","10:04:16",325200
29.35,-0.55,800,"bu","10:03:53",324900
29.35,-0.55,1000,"bu","10:03:47",324100
29.35,-0.55,4200,"bu","10:03:40",323100
29.35,-0.55,4500,"bu","10:02:46",318900
29.35,-0.55,4700,"sd","10:02:42",314400
29.35,-0.55,300,"bu","10:02:39",309700
29.35,-0.55,4700,"sd","10:02:28",309400
29.35,-0.55,600,"sd","10:02:22",304700
29.35,-0.55,10000,"sd","10:02:11",304100
29.4,-0.5,100,"bu","10:01:26",294100
29.4,-0.5,1300,"sd","10:00:19",294000
29.4,-0.5,1500,"bu","09:59:49",292700
29.4,-0.5,100,"bu","09:59:38",291200
29.4,-0.5,100,"bu","09:59:29",291100
29.4,-0.5,300,"bu","09:59:28",291000
29.4,-0.5,100,"bu","09:59:09",290700
29.4,-0.5,200,"bu","09:59:05",290600
29.4,-0.5,500,"bu","09:58:17",290400
29.4,-0.5,100,"bu","09:58:12",289900
29.4,-0.5,1000,"bu","09:57:55",289800
29.35,-0.55,2700,"sd","09:57:24",288800
29.4,-0.5,1000,"bu","09:57:23",286100
29.4,-0.5,100,"bu","09:56:58",285100
29.4,-0.5,1000,"bu","09:56:27",285000
29.4,-0.5,1900,"sd","09:55:42",284000
29.45,-0.45,100,"sd","09:55:42",282100
29.4,-0.5,100,"sd","09:55:37",282000
29.45,-0.45,100,"sd","09:55:25",281900
29.5,-0.4,100,"bu","09:55:15",281800
29.5,-0.4,1200,"sd","09:55:02",281700
29.55,-0.35,700,"sd","09:54:06",280500
29.55,-0.35,500,"sd","09:53:37",279800
29.55,-0.35,800,"sd","09:53:12",279300
29.6,-0.3,700,"sd","09:52:55",278500
29.65,-0.25,1200,"sd","09:51:47",277800
29.65,-0.25,300,"sd","09:51:43",276600
29.65,-0.25,100,"bu","09:50:52",276300
29.6,-0.3,1400,"bu","09:50:14",276200
29.6,-0.3,200,"sd","09:50:01",274800
29.6,-0.3,100,"bu","09:49:58",274600
29.6,-0.3,100,"bu","09:49:52",274500
29.6,-0.3,100,"bu","09:49:35",274400
29.6,-0.3,700,"sd","09:49:19",274300
29.6,-0.3,2000,"sd","09:49:13",273600
29.7,-0.2,1300,"bu","09:49:09",271600
29.65,-0.25,200,"bu","09:49:09",270300
29.65,-0.25,800,"sd","09:49:03",270100
29.7,-0.2,1000,"bu","09:49:00",269300
29.7,-0.2,1000,"bu","09:48:54",268300
29.7,-0.2,100,"bu","09:48:35",267300
29.7,-0.2,1000,"bu","09:48:02",267200
29.7,-0.2,100,"bu","09:47:58",266200
29.7,-0.2,6700,"bu","09:47:46",266100
29.7,-0.2,300,"bu","09:47:05",259400
29.65,-0.25,200,"sd","09:46:56",259100
29.65,-0.25,200,"bu","09:46:50",258900
29.6,-0.3,1400,"bu","09:46:35",258700
29.6,-0.3,500,"bu","09:45:59",257300
29.55,-0.35,100,"sd","09:45:40",256800
29.55,-0.35,200,"sd","09:45:20",256700
29.55,-0.35,500,"sd","09:44:43",256500
29.55,-0.35,2300,"bu","09:44:41",256000
29.55,-0.35,500,"bu","09:44:30",253700
29.55,-0.35,5000,"bu","09:43:58",253200
29.5,-0.4,100,"bu","09:43:46",248200
29.5,-0.4,700,"bu","09:43:27",248100
29.5,-0.4,200,"bu","09:43:20",247400
29.5,-0.4,9800,"bu","09:43:06",247200
29.5,-0.4,200,"bu","09:43:05",237400
29.5,-0.4,100,"bu","09:43:02",237200
29.4,-0.5,700,"bu","09:42:31",237100
29.4,-0.5,100,"bu","09:42:22",236400
29.4,-0.5,1300,"sd","09:41:59",236300
29.4,-0.5,200,"bu","09:41:17",235000
29.35,-0.55,200,"sd","09:41:13",234800
29.4,-0.5,200,"bu","09:41:00",234600
29.4,-0.5,100,"bu","09:40:54",234400
29.35,-0.55,900,"bu","09:39:49",234300
29.35,-0.55,500,"bu","09:39:47",233400
29.35,-0.55,100,"bu","09:39:45",232900
29.35,-0.55,100,"bu","09:39:44",232800
29.35,-0.55,100,"bu","09:39:39",232700
29.3,-0.6,1000,"sd","09:39:37",232600
29.3,-0.6,500,"sd","09:38:58",231600
29.3,-0.6,900,"sd","09:38:15",231100
29.3,-0.6,900,"bu","09:38:10",230200
29.3,-0.6,100,"bu","09:37:58",229300
29.3,-0.6,100,"bu","09:37:52",229200
29.3,-0.6,100,"bu","09:37:50",229100
29.3,-0.6,1000,"bu","09:37:46",229000
29.3,-0.6,800,"sd","09:37:35",228000
29.3,-0.6,1000,"sd","09:37:02",227200
29.3,-0.6,600,"sd","09:36:59",226200
29.3,-0.6,200,"sd","09:36:54",225600
29.35,-0.55,200,"bu","09:36:40",225400
29.35,-0.55,200,"bu","09:36:20",225200
29.3,-0.6,2600,"bu","09:36:09",225000
29.25,-0.65,500,"sd","09:35:59",222400
29.25,-0.65,100,"sd","09:35:10",221900
29.25,-0.65,300,"sd","09:35:03",221800
29.25,-0.65,100,"bu","09:34:09",221500
29.25,-0.65,1000,"bu","09:34:08",221400
29.25,-0.65,1000,"bu","09:33:59",220400
29.25,-0.65,1000,"bu","09:33:43",219400
29.25,-0.65,100,"bu","09:33:29",218400
29.25,-0.65,10000,"bu","09:33:19",218300
29.25,-0.65,200,"bu","09:33:12",208300
29.25,-0.65,100,"bu","09:33:09",208100
29.25,-0.65,10000,"bu","09:32:49",208000
29.2,-0.7,2000,"sd","09:32:45",198000
29.2,-0.7,6000,"sd","09:32:43",196000
29.2,-0.7,1600,"sd","09:32:28",190000
29.25,-0.65,2800,"sd","09:32:25",188400
29.25,-0.65,2900,"sd","09:32:14",185600
29.25,-0.65,100,"bu","09:31:39",182700
29.15,-0.75,5700,"sd","09:30:30",182600
29.2,-0.7,3700,"sd","09:30:30",176900
29.25,-0.65,600,"sd","09:30:30",173200
29.25,-0.65,9900,"sd","09:30:16",172600
29.3,-0.6,100,"sd","09:30:16",162700
29.3,-0.6,200,"sd","09:30:07",162600
29.35,-0.55,100,"bu","09:30:07",162400
29.3,-0.6,300,"sd","09:29:53",162300
29.3,-0.6,1500,"bu","09:29:46",162000
29.3,-0.6,1500,"sd","09:29:37",160500
29.3,-0.6,1500,"sd","09:29:34",159000
29.3,-0.6,2000,"sd","09:29:32",157500
29.3,-0.6,7700,"sd","09:29:16",155500
29.35,-0.55,12300,"sd","09:29:16",147800
29.4,-0.5,200,"bu","09:29:04",135500
29.4,-0.5,1600,"sd","09:28:47",135300
29.4,-0.5,1000,"sd","09:28:43",133700
29.4,-0.5,800,"sd","09:28:38",132700
29.35,-0.55,400,"sd","09:28:06",131900
29.4,-0.5,600,"sd","09:28:06",131500
29.4,-0.5,400,"bu","09:28:02",130900
29.4,-0.5,2000,"bu","09:27:57",130500
29.4,-0.5,1500,"bu","09:27:52",128500
29.4,-0.5,200,"bu","09:27:49",127000
29.4,-0.5,500,"bu","09:27:41",126800
29.4,-0.5,200,"bu","09:27:32",126300
29.4,-0.5,1000,"bu","09:27:26",126100
29.4,-0.5,200,"sd","09:27:19",125100
29.5,-0.4,100,"bu","09:27:16",124900
29.5,-0.4,1000,"bu","09:27:11",124800
29.5,-0.4,200,"bu","09:27:07",123800
29.5,-0.4,2000,"bu","09:27:04",123600
29.4,-0.5,3600,"sd","09:26:56",121600
29.45,-0.45,1900,"sd","09:26:56",118000
29.5,-0.4,4500,"sd","09:26:56",116100
29.55,-0.35,100,"bu","09:26:36",111600
29.55,-0.35,500,"bu","09:26:35",111500
29.55,-0.35,1200,"bu","09:26:30",111000
29.55,-0.35,100,"bu","09:26:20",109800
29.55,-0.35,100,"bu","09:26:14",109700
29.55,-0.35,100,"bu","09:26:10",109600
29.55,-0.35,200,"bu","09:26:08",109500
29.55,-0.35,600,"bu","09:25:59",109300
29.55,-0.35,100,"bu","09:25:47",108700
29.6,-0.3,200,"bu","09:25:35",108600
29.5,-0.4,100,"bu","09:25:35",108400
29.45,-0.45,4600,"bu","09:25:04",108300
29.45,-0.45,200,"bu","09:25:00",103700
29.45,-0.45,100,"bu","09:24:49",103500
29.45,-0.45,200,"bu","09:24:47",103400
29.45,-0.45,200,"bu","09:24:34",103200
29.45,-0.45,200,"sd","09:24:33",103000
29.45,-0.45,300,"bu","09:24:31",102800
29.4,-0.5,600,"bu","09:24:17",102500
29.4,-0.5,100,"bu","09:24:14",101900
29.4,-0.5,2000,"bu","09:24:08",101800
29.4,-0.5,300,"bu","09:24:06",99800
29.35,-0.55,3000,"bu","09:23:55",99500
29.35,-0.55,5000,"bu","09:23:51",96500
29.35,-0.55,3000,"bu","09:23:42",91500
29.3,-0.6,1000,"sd","09:23:23",88500
29.3,-0.6,700,"bu","09:22:42",87500
29.3,-0.6,200,"bu","09:22:40",86800
29.3,-0.6,100,"bu","09:22:26",86600
29.3,-0.6,900,"bu","09:22:25",86500
29.3,-0.6,1100,"sd","09:22:20",85600
29.35,-0.55,5000,"bu","09:21:57",84500
29.25,-0.65,6000,"sd","09:21:51",79500
29.3,-0.6,14000,"sd","09:21:51",73500
29.35,-0.55,1000,"bu","09:21:36",59500
29.3,-0.6,200,"sd","09:21:30",58500
29.3,-0.6,500,"sd","09:21:29",58300
29.3,-0.6,200,"sd","09:21:15",57800
29.35,-0.55,500,"bu","09:20:59",57600
29.35,-0.55,200,"bu","09:20:57",57100
29.35,-0.55,100,"bu","09:20:55",56900
29.35,-0.55,100,"bu","09:20:42",56800
29.35,-0.55,1000,"bu","09:20:36",56700
29.35,-0.55,100,"bu","09:20:24",55700
29.35,-0.55,1000,"bu","09:20:22",55600
29.35,-0.55,4800,"bu","09:20:01",54600
29.3,-0.6,200,"bu","09:20:01",49800
29.3,-0.6,200,"bu","09:20:00",49600
29.3,-0.6,2100,"sd","09:19:47",49400
29.35,-0.55,100,"bu","09:19:47",47300
29.3,-0.6,300,"sd","09:19:42",47200
29.3,-0.6,1000,"sd","09:19:40",46900
29.3,-0.6,2600,"bu","09:19:29",45900
29.25,-0.65,1000,"sd","09:19:15",43300
29.25,-0.65,500,"sd","09:18:58",42300
29.25,-0.65,1300,"bu","09:18:50",41800
29.25,-0.65,200,"sd","09:18:42",40500
29.25,-0.65,1000,"sd","09:18:22",40300
29.3,-0.6,100,"sd","09:18:14",39300
29.3,-0.6,1000,"sd","09:18:11",39200
29.35,-0.55,1100,"bu","09:18:07",38200
29.35,-0.55,100,"bu","09:18:06",37100
29.35,-0.55,1200,"sd","09:18:04",37000
29.45,-0.45,1800,"sd","09:17:57",35800
29.45,-0.45,100,"sd","09:17:53",34000
29.5,-0.4,200,"bu","09:17:50",33900
29.45,-0.45,3200,"bu","09:17:25",33700
29.35,-0.55,2400,"bu","09:17:06",30500
29.35,-0.55,100,"bu","09:17:06",28100
29.35,-0.55,400,"bu","09:16:57",28000
29.25,-0.65,200,"bu","09:16:42",27600
29.25,-0.65,500,"bu","09:16:35",27400
29.15,-0.75,500,"sd","09:16:27",26900
29.15,-0.75,1500,"sd","09:16:01",26400
29.2,-0.7,100,"bu","09:15:57",24800
29.25,-0.65,500,"sd","09:15:49",24700
29.2,-0.7,300,"sd","09:15:29",24200
29.2,-0.7,1300,"bu","09:15:15",23900
29.15,-0.75,22600,"","09:15:03",22600
