"price","change","match_qtty","side","time","total_vol"
7.56,0,21800,"","14:45:07",414300
7.51,-0.05,1000,"bu","14:29:56",392500
7.51,-0.05,200,"sd","14:29:17",391500
7.51,-0.05,300,"bu","14:29:12",391300
7.51,-0.05,200,"sd","14:28:44",391000
7.52,-0.04,1000,"bu","14:28:06",390800
7.53,-0.03,100,"bu","14:25:43",389800
7.53,-0.03,1000,"bu","14:25:36",389700
7.53,-0.03,1000,"bu","14:24:56",388700
7.5,-0.06,100,"sd","14:24:45",387700
7.55,-0.01,1500,"bu","14:22:14",387600
7.54,-0.02,3200,"bu","14:22:14",386100
7.5,-0.06,2000,"sd","14:20:44",382900
7.55,-0.01,1000,"bu","14:20:26",380900
7.55,-0.01,1800,"sd","14:15:03",379900
7.56,0,100,"sd","14:07:28",378100
7.56,0,100,"sd","14:07:06",378000
7.56,0,1000,"sd","14:06:26",377900
7.56,0,300,"bu","14:05:39",376900
7.56,0,200,"bu","14:01:55",376600
7.56,0,3000,"bu","14:01:25",376400
7.56,0,5300,"bu","14:00:39",373400
7.55,-0.01,1300,"bu","13:58:48",368100
7.5,-0.06,3600,"bu","13:57:37",366800
7.5,-0.06,1000,"bu","13:57:29",363200
7.5,-0.06,1000,"bu","13:53:11",362200
7.5,-0.06,200,"bu","13:52:34",361200
7.49,-0.07,400,"sd","13:48:29",361000
7.5,-0.06,2000,"bu","13:48:22",360600
7.49,-0.07,100,"sd","13:48:16",358600
7.5,-0.06,1000,"bu","13:45:48",358500
7.49,-0.07,1000,"bu","13:45:22",357500
7.48,-0.08,600,"bu","13:45:02",356500
7.48,-0.08,700,"bu","13:44:25",355900
7.48,-0.08,6700,"sd","13:43:24",355200
7.48,-0.08,700,"sd","13:42:50",348500
7.5,-0.06,300,"sd","13:42:11",347800
7.5,-0.06,200,"sd","13:42:08",347500
7.5,-0.06,1000,"bu","13:41:13",347300
7.5,-0.06,100,"bu","13:41:09",346300
7.5,-0.06,2000,"bu","13:39:58",346200
7.5,-0.06,400,"bu","13:39:37",344200
7.5,-0.06,5500,"bu","13:39:30",343800
7.5,-0.06,500,"bu","13:39:21",338300
7.5,-0.06,500,"bu","13:39:06",337800
7.49,-0.07,2000,"bu","13:38:13",337300
7.49,-0.07,10000,"bu","13:38:09",335300
7.48,-0.08,700,"bu","13:38:02",325300
7.48,-0.08,5000,"bu","13:37:54",324600
7.48,-0.08,1000,"bu","13:37:44",319600
7.48,-0.08,300,"bu","13:36:24",318600
7.48,-0.08,3500,"bu","13:35:14",318300
7.45,-0.11,100,"sd","13:35:12",314800
7.47,-0.09,6600,"sd","13:34:51",314700
7.47,-0.09,5000,"sd","13:34:18",308100
7.47,-0.09,5000,"sd","13:33:29",303100
7.47,-0.09,3500,"bu","13:30:00",298100
7.47,-0.09,1500,"bu","13:29:51",294600
7.47,-0.09,500,"bu","13:29:06",293100
7.47,-0.09,1600,"bu","13:26:28",292600
7.47,-0.09,1000,"bu","13:25:41",291000
7.48,-0.08,1000,"bu","13:21:48",290000
7.48,-0.08,8300,"bu","13:20:20",289000
7.47,-0.09,700,"bu","13:20:20",280700
7.47,-0.09,200,"bu","13:18:17",280000
7.45,-0.11,7600,"bu","13:15:18",279800
7.45,-0.11,2500,"bu","13:15:17",272200
7.45,-0.11,900,"bu","13:14:55",269700
7.45,-0.11,7000,"sd","13:14:49",268800
7.45,-0.11,3000,"bu","13:13:54",261800
7.45,-0.11,5000,"bu","13:13:12",258800
7.45,-0.11,2000,"sd","13:12:49",253800
7.45,-0.11,200,"sd","13:12:29",251800
7.45,-0.11,4400,"sd","13:11:50",251600
7.45,-0.11,1000,"sd","13:11:40",247200
7.45,-0.11,1000,"sd","13:10:31",246200
7.45,-0.11,100,"sd","13:10:28",245200
7.45,-0.11,700,"sd","13:09:34",245100
7.47,-0.09,5000,"bu","13:09:23",244400
7.45,-0.11,400,"sd","13:09:22",239400
7.46,-0.1,400,"sd","13:09:22",239000
7.46,-0.1,200,"bu","13:07:19",238600
7.45,-0.11,100,"sd","13:06:27",238400
7.46,-0.1,5000,"bu","13:06:12",238300
7.46,-0.1,100,"bu","13:06:03",233300
7.46,-0.1,200,"bu","13:05:57",233200
7.46,-0.1,1000,"bu","13:05:54",233000
7.46,-0.1,1000,"bu","13:05:50",232000
7.46,-0.1,100,"bu","13:05:44",231000
7.46,-0.1,200,"bu","13:05:40",230900
7.46,-0.1,100,"bu","13:05:38",230700
7.46,-0.1,2000,"bu","13:05:37",230600
7.46,-0.1,1000,"bu","13:05:33",228600
7.46,-0.1,100,"bu","13:05:27",227600
7.46,-0.1,100,"bu","13:04:49",227500
7.46,-0.1,500,"bu","13:04:33",227400
7.46,-0.1,2400,"bu","13:04:23",226900
7.46,-0.1,100,"bu","13:03:46",224500
7.46,-0.1,1000,"bu","13:02:37",224400
7.46,-0.1,600,"bu","13:01:58",223400
7.45,-0.11,1000,"sd","13:00:18",222800
7.46,-0.1,100,"bu","13:00:11",221800
7.46,-0.1,100,"bu","11:23:25",221700
7.46,-0.1,1200,"sd","11:23:01",221600
7.47,-0.09,200,"bu","11:19:16",220400
7.45,-0.11,3200,"bu","11:18:35",220200
7.45,-0.11,500,"bu","11:17:41",217000
7.43,-0.13,5000,"sd","11:10:34",216500
7.43,-0.13,200,"bu","11:04:11",211500
7.42,-0.14,400,"bu","11:04:11",211300
7.42,-0.14,100,"sd","11:03:52",210900
7.42,-0.14,900,"bu","11:03:32",210800
7.42,-0.14,100,"bu","11:02:43",209900
7.42,-0.14,1000,"bu","10:59:54",209800
7.42,-0.14,2000,"sd","10:57:34",208800
7.41,-0.15,4900,"sd","10:56:44",206800
7.42,-0.14,5100,"sd","10:56:44",201900
7.43,-0.13,100,"bu","10:55:29",196800
7.42,-0.14,1000,"sd","10:53:12",196700
7.43,-0.13,3000,"bu","10:51:42",195700
7.43,-0.13,100,"bu","10:50:14",192700
7.43,-0.13,6000,"sd","10:45:55",192600
7.44,-0.12,600,"sd","10:45:55",186600
7.44,-0.12,400,"sd","10:45:49",186000
7.44,-0.12,800,"sd","10:41:06",185600
7.45,-0.11,100,"bu","10:38:16",184800
7.45,-0.11,1500,"bu","10:35:19",184700
7.44,-0.12,900,"sd","10:33:59",183200
7.45,-0.11,1000,"bu","10:33:39",182300
7.45,-0.11,1900,"bu","10:32:51",181300
7.45,-0.11,500,"sd","10:32:15",179400
7.47,-0.09,100,"bu","10:30:50",178900
7.46,-0.1,5000,"sd","10:30:32",178800
7.46,-0.1,100,"sd","10:30:08",173800
7.47,-0.09,100,"bu","10:28:53",173700
7.46,-0.1,200,"bu","10:28:41",173600
7.45,-0.11,200,"sd","10:25:38",173400
7.46,-0.1,200,"bu","10:24:52",173200
7.44,-0.12,800,"sd","10:24:32",173000
7.45,-0.11,100,"sd","10:24:32",172200
7.45,-0.11,200,"bu","10:23:24",172100
7.45,-0.11,6800,"sd","10:23:15",171900
7.46,-0.1,100,"bu","10:22:12",165100
7.46,-0.1,200,"bu","10:21:04",165000
7.46,-0.1,1000,"sd","10:19:49",164800
7.47,-0.09,4000,"sd","10:18:18",163800
7.48,-0.08,100,"bu","10:15:09",159800
7.47,-0.09,2300,"bu","10:14:30",159700
7.47,-0.09,100,"bu","10:13:29",157400
7.45,-0.11,100,"sd","10:13:23",157300
7.45,-0.11,400,"bu","10:11:57",157200
7.45,-0.11,100,"bu","10:10:21",156800
7.45,-0.11,2000,"bu","10:07:25",156700
7.45,-0.11,300,"bu","10:05:38",154700
7.43,-0.13,2500,"sd","10:02:07",154400
7.44,-0.12,300,"sd","10:01:46",151900
7.45,-0.11,7200,"sd","09:59:54",151600
7.45,-0.11,2800,"bu","09:58:44",144400
7.45,-0.11,6500,"sd","09:56:45",141600
7.46,-0.1,2700,"sd","09:56:45",135100
7.46,-0.1,400,"sd","09:56:30",132400
7.48,-0.08,100,"bu","09:54:39",132000
7.45,-0.11,1000,"sd","09:51:01",131900
7.45,-0.11,400,"sd","09:49:45",130900
7.49,-0.07,700,"bu","09:49:40",130500
7.49,-0.07,1000,"bu","09:47:32",129800
7.45,-0.11,3100,"bu","09:47:02",128800
7.44,-0.12,100,"bu","09:46:39",125700
7.44,-0.12,4700,"bu","09:46:34",125600
7.44,-0.12,200,"bu","09:46:33",120900
7.44,-0.12,300,"bu","09:46:27",120700
7.44,-0.12,10000,"bu","09:45:22",120400
7.44,-0.12,100,"bu","09:45:13",110400
7.44,-0.12,200,"bu","09:44:48",110300
7.44,-0.12,1000,"bu","09:44:34",110100
7.44,-0.12,200,"bu","09:43:49",109100
7.43,-0.13,1300,"bu","09:43:35",108900
7.42,-0.14,300,"bu","09:42:56",107600
7.42,-0.14,6000,"bu","09:42:52",107300
7.42,-0.14,1000,"bu","09:42:30",101300
7.42,-0.14,100,"bu","09:41:45",100300
7.4,-0.16,1800,"sd","09:41:04",100200
7.41,-0.15,200,"sd","09:41:04",98400
7.42,-0.14,100,"bu","09:38:40",98200
7.4,-0.16,1900,"sd","09:37:38",98100
7.41,-0.15,100,"sd","09:37:38",96200
7.42,-0.14,200,"bu","09:37:23",96100
7.42,-0.14,1000,"bu","09:37:01",95900
7.42,-0.14,2000,"bu","09:36:52",94900
7.42,-0.14,300,"sd","09:34:30",92900
7.41,-0.15,5000,"sd","09:33:50",92600
7.43,-0.13,100,"bu","09:32:39",87600
7.43,-0.13,100,"sd","09:32:10",87500
7.43,-0.13,100,"sd","09:32:00",87400
7.43,-0.13,800,"bu","09:31:28",87300
7.43,-0.13,200,"bu","09:31:03",86500
7.4,-0.16,5000,"sd","09:31:02",86300
7.4,-0.16,1600,"sd","09:30:54",81300
7.4,-0.16,2000,"sd","09:30:05",79700
7.4,-0.16,2000,"sd","09:28:17",77700
7.44,-0.12,2400,"bu","09:27:51",75700
7.43,-0.13,100,"bu","09:27:51",73300
7.44,-0.12,200,"bu","09:27:20",73200
7.44,-0.12,5000,"bu","09:26:51",73000
7.4,-0.16,900,"bu","09:26:23",68000
7.4,-0.16,900,"bu","09:26:02",67100
7.4,-0.16,100,"bu","09:26:01",66200
7.4,-0.16,400,"bu","09:25:56",66100
7.4,-0.16,1600,"bu","09:25:47",65700
7.4,-0.16,20200,"sd","09:25:29",64100
7.42,-0.14,900,"sd","09:25:29",43900
7.42,-0.14,2000,"sd","09:25:27",43000
7.44,-0.12,100,"bu","09:25:12",41000
7.42,-0.14,300,"bu","09:24:37",40900
7.42,-0.14,200,"bu","09:24:30",40600
7.4,-0.16,900,"bu","09:24:02",40400
7.4,-0.16,1600,"bu","09:24:00",39500
7.4,-0.16,100,"bu","09:23:54",37900
7.4,-0.16,1000,"bu","09:23:35",37800
7.4,-0.16,500,"bu","09:23:25",36800
7.4,-0.16,500,"bu","09:22:28",36300
7.4,-0.16,200,"bu","09:21:54",35800
7.4,-0.16,100,"bu","09:21:35",35600
7.38,-0.18,300,"sd","09:20:29",35500
7.38,-0.18,100,"sd","09:20:24",35200
7.36,-0.2,1500,"sd","09:20:08",35100
7.38,-0.18,300,"bu","09:20:05",33600
7.38,-0.18,200,"bu","09:20:03",33300
7.36,-0.2,700,"sd","09:20:02",33100
7.37,-0.19,400,"sd","09:20:02",32400
7.4,-0.16,1500,"bu","09:19:55",32000
7.4,-0.16,100,"bu","09:19:34",30500
7.4,-0.16,1000,"bu","09:19:24",30400
7.4,-0.16,3200,"sd","09:19:17",29400
7.4,-0.16,200,"sd","09:19:01",26200
7.4,-0.16,500,"sd","09:18:54",26000
7.4,-0.16,1500,"bu","09:18:38",25500
7.4,-0.16,300,"sd","09:17:56",24000
7.44,-0.12,100,"bu","09:17:45",23700
7.4,-0.16,3000,"sd","09:17:45",23600
7.4,-0.16,100,"bu","09:17:14",20600
7.4,-0.16,100,"bu","09:16:57",20500
7.4,-0.16,200,"bu","09:16:54",20400
7.4,-0.16,100,"bu","09:16:49",20200
7.4,-0.16,500,"sd","09:16:45",20100
7.4,-0.16,100,"sd","09:16:29",19600
7.4,-0.16,200,"bu","09:16:28",19500
7.4,-0.16,1000,"bu","09:16:24",19300
7.4,-0.16,100,"bu","09:16:23",18300
7.4,-0.16,1700,"sd","09:16:22",18200
7.44,-0.12,100,"bu","09:16:14",16500
7.44,-0.12,5000,"bu","09:16:06",16400
7.44,-0.12,300,"sd","09:16:01",11400
7.45,-0.11,100,"sd","09:15:35",11100
7.47,-0.09,100,"sd","09:15:35",11000
7.48,-0.08,200,"bu","09:15:35",10900
7.48,-0.08,100,"bu","09:15:27",10700
7.48,-0.08,100,"sd","09:15:23",10600
7.48,-0.08,500,"sd","09:15:09",10500
7.49,-0.07,10000,"","09:15:03",10000
