"price","change","match_qtty","side","time","total_vol"
51,0.5,68500,"","14:45:20",864500
50.5,0,4700,"sd","14:29:34",796000
50.6,0.1,300,"sd","14:29:34",791300
50.6,0.1,200,"bu","14:29:33",791000
50.6,0.1,400,"bu","14:29:23",790800
50.5,0,1600,"sd","14:28:55",790400
50.5,0,100,"sd","14:28:12",788800
50.5,0,100,"sd","14:27:58",788700
50.5,0,200,"sd","14:27:38",788600
50.5,0,500,"sd","14:27:32",788400
50.5,0,200,"sd","14:27:14",787900
50.5,0,300,"bu","14:26:04",787700
50.5,0,700,"bu","14:26:02",787400
50.5,0,1000,"bu","14:25:58",786700
50.5,0,100,"bu","14:25:46",785700
50.5,0,400,"bu","14:25:42",785600
50.5,0,500,"bu","14:25:41",785200
50.5,0,1000,"bu","14:25:38",784700
50.5,0,200,"bu","14:25:37",783700
50.5,0,100,"bu","14:25:25",783500
50.5,0,500,"bu","14:25:23",783400
50.5,0,1000,"bu","14:25:22",782900
50.5,0,100,"bu","14:25:18",781900
50.5,0,100,"bu","14:25:16",781800
50.5,0,500,"bu","14:25:12",781700
50.5,0,1000,"bu","14:25:04",781200
50.5,0,100,"bu","14:25:03",780200
50.5,0,300,"bu","14:24:56",780100
50.5,0,500,"bu","14:24:49",779800
50.5,0,100,"bu","14:24:44",779300
50.4,-0.1,500,"sd","14:24:37",779200
50.4,-0.1,1000,"sd","14:24:14",778700
50.4,-0.1,500,"sd","14:24:07",777700
50.4,-0.1,200,"sd","14:24:02",777200
50.4,-0.1,2000,"sd","14:23:56",777000
50.4,-0.1,2000,"sd","14:23:51",775000
50.4,-0.1,1000,"sd","14:23:46",773000
50.4,-0.1,400,"sd","14:23:45",772000
50.4,-0.1,1000,"sd","14:23:41",771600
50.4,-0.1,1100,"sd","14:23:39",770600
50.4,-0.1,1000,"sd","14:23:29",769500
50.4,-0.1,400,"sd","14:23:20",768500
50.4,-0.1,200,"sd","14:23:12",768100
50.4,-0.1,1300,"sd","14:23:05",767900
50.4,-0.1,100,"sd","14:23:03",766600
50.5,0,500,"bu","14:22:48",766500
50.4,-0.1,200,"sd","14:22:42",766000
50.5,0,1000,"bu","14:22:25",765800
50.5,0,2900,"sd","14:22:19",764800
50.5,0,500,"sd","14:22:11",761900
50.5,0,200,"sd","14:22:03",761400
50.5,0,2400,"bu","14:21:30",761200
50.4,-0.1,1000,"sd","14:21:26",758800
50.5,0,500,"bu","14:21:14",757800
50.5,0,2000,"bu","14:20:57",757300
50.5,0,200,"bu","14:20:46",755300
50.5,0,500,"bu","14:20:13",755100
50.5,0,100,"bu","14:19:45",754600
50.5,0,1200,"bu","14:19:44",754500
50.5,0,300,"bu","14:19:41",753300
50.5,0,100,"bu","14:19:31",753000
50.5,0,100,"bu","14:19:07",752900
50.5,0,100,"bu","14:18:45",752800
50.5,0,1000,"bu","14:18:41",752700
50.5,0,300,"bu","14:18:33",751700
50.5,0,1000,"bu","14:17:58",751400
50.5,0,800,"bu","14:17:48",750400
50.5,0,300,"bu","14:17:38",749600
50.4,-0.1,8000,"sd","14:17:31",749300
50.5,0,200,"bu","14:17:28",741300
50.5,0,10200,"sd","14:17:19",741100
50.6,0.1,1200,"sd","14:16:48",730900
50.6,0.1,800,"bu","14:16:43",729700
50.6,0.1,1200,"sd","14:16:42",728900
50.6,0.1,200,"sd","14:16:36",727700
50.6,0.1,800,"sd","14:16:31",727500
50.6,0.1,3000,"sd","14:16:19",726700
50.7,0.2,100,"bu","14:15:24",723700
50.6,0.1,100,"sd","14:15:16",723600
50.7,0.2,1000,"bu","14:14:24",723500
50.7,0.2,1900,"bu","14:14:02",722500
50.7,0.2,500,"bu","14:13:57",720600
50.7,0.2,5600,"bu","14:13:32",720100
50.7,0.2,1000,"bu","14:13:27",714500
50.7,0.2,100,"bu","14:13:17",713500
50.7,0.2,200,"bu","14:13:14",713400
50.7,0.2,200,"bu","14:12:50",713200
50.7,0.2,1100,"bu","14:12:38",713000
50.7,0.2,500,"bu","14:12:35",711900
50.7,0.2,1000,"bu","14:12:27",711400
50.7,0.2,500,"bu","14:11:51",710400
50.7,0.2,1000,"bu","14:11:11",709900
50.7,0.2,500,"bu","14:10:46",708900
50.7,0.2,100,"bu","14:10:45",708400
50.7,0.2,200,"bu","14:10:29",708300
50.7,0.2,100,"bu","14:10:12",708100
50.7,0.2,100,"bu","14:10:07",708000
50.7,0.2,500,"bu","14:10:06",707900
50.7,0.2,5000,"bu","14:10:03",707400
50.7,0.2,300,"bu","14:09:56",702400
50.7,0.2,1000,"bu","14:09:55",702100
50.7,0.2,1000,"bu","14:09:53",701100
50.7,0.2,500,"bu","14:09:51",700100
50.7,0.2,1000,"bu","14:09:47",699600
50.7,0.2,20500,"sd","14:09:45",698600
50.8,0.3,500,"sd","14:09:28",678100
50.9,0.4,300,"bu","14:09:25",677600
50.9,0.4,200,"bu","14:09:11",677300
50.8,0.3,200,"bu","14:09:09",677100
50.8,0.3,9800,"sd","14:09:08",676900
50.9,0.4,2700,"sd","14:08:40",667100
51,0.5,2900,"sd","14:08:21",664400
51.1,0.6,100,"bu","14:08:13",661400
51.1,0.6,200,"sd","14:07:59",661300
51.1,0.6,1000,"sd","14:07:38",661100
51.1,0.6,700,"sd","14:07:34",660100
51.1,0.6,500,"sd","14:07:20",659400
51.1,0.6,500,"bu","14:07:07",658900
51.1,0.6,2000,"sd","14:06:22",658400
51.1,0.6,200,"sd","14:06:16",656400
51.1,0.6,2000,"sd","14:05:56",656200
51.1,0.6,200,"sd","14:05:12",654200
51.1,0.6,100,"sd","14:04:26",654000
51.1,0.6,500,"bu","14:04:14",653900
51,0.5,2500,"sd","14:04:08",653400
51.1,0.6,500,"sd","14:04:02",650900
51.1,0.6,100,"sd","14:03:40",650400
51.3,0.8,200,"bu","14:03:18",650300
51.3,0.8,200,"sd","14:02:25",650100
51.3,0.8,500,"sd","14:02:15",649900
51.3,0.8,100,"bu","14:01:19",649400
51.5,1,500,"bu","14:00:52",649300
51.4,0.9,200,"bu","14:00:52",648800
51.3,0.8,700,"bu","14:00:52",648600
51.2,0.7,1300,"bu","14:00:52",647900
51.2,0.7,100,"bu","14:00:44",646600
51.1,0.6,200,"bu","14:00:35",646500
51.1,0.6,800,"bu","14:00:20",646300
51,0.5,1100,"sd","14:00:08",645500
51.1,0.6,100,"bu","14:00:05",644400
51,0.5,20000,"bu","13:59:54",644300
50.9,0.4,8300,"bu","13:59:54",624300
50.9,0.4,3200,"bu","13:59:53",616000
50.9,0.4,400,"bu","13:59:42",612800
50.9,0.4,1400,"bu","13:59:37",612400
50.9,0.4,1000,"bu","13:59:33",611000
50.9,0.4,500,"bu","13:59:28",610000
50.9,0.4,400,"bu","13:59:22",609500
50.9,0.4,500,"bu","13:59:21",609100
50.9,0.4,500,"bu","13:59:03",608600
50.9,0.4,100,"bu","13:59:02",608100
50.9,0.4,1000,"bu","13:59:02",608000
50.9,0.4,1000,"bu","13:59:00",607000
50.9,0.4,5000,"bu","13:58:59",606000
50.9,0.4,4000,"bu","13:58:37",601000
50.8,0.3,500,"sd","13:58:27",597000
50.8,0.3,2600,"bu","13:57:40",596500
50.8,0.3,1400,"sd","13:57:38",593900
50.8,0.3,700,"bu","13:57:06",592500
50.8,0.3,100,"bu","13:57:03",591800
50.8,0.3,300,"bu","13:56:58",591700
50.8,0.3,1000,"bu","13:56:54",591400
50.8,0.3,1000,"bu","13:56:39",590400
50.8,0.3,600,"sd","13:56:27",589400
50.8,0.3,500,"sd","13:56:26",588800
50.8,0.3,1000,"sd","13:56:25",588300
50.8,0.3,2000,"sd","13:56:08",587300
50.8,0.3,6000,"sd","13:56:05",585300
50.8,0.3,2000,"sd","13:56:01",579300
50.8,0.3,1000,"sd","13:55:52",577300
50.8,0.3,1000,"sd","13:55:44",576300
50.8,0.3,1000,"sd","13:55:26",575300
50.8,0.3,100,"sd","13:55:20",574300
50.8,0.3,4600,"bu","13:54:50",574200
50.8,0.3,100,"bu","13:54:24",569600
50.8,0.3,1000,"bu","13:54:22",569500
50.8,0.3,200,"bu","13:54:13",568500
50.8,0.3,100,"bu","13:53:42",568300
50.8,0.3,500,"bu","13:53:32",568200
50.8,0.3,400,"bu","13:52:34",567700
50.8,0.3,500,"bu","13:52:26",567300
50.8,0.3,200,"bu","13:51:59",566800
50.8,0.3,500,"bu","13:51:41",566600
50.8,0.3,500,"bu","13:50:33",566100
50.9,0.4,3600,"bu","13:49:46",565600
50.7,0.2,1000,"sd","13:49:19",560600
50.9,0.4,4000,"bu","13:47:33",559600
50.9,0.4,500,"bu","13:47:32",555600
50.9,0.4,200,"bu","13:47:05",555100
50.8,0.3,2000,"sd","13:46:47",554900
50.9,0.4,2000,"bu","13:46:27",552900
50.9,0.4,1000,"bu","13:45:49",550900
50.8,0.3,6300,"bu","13:45:30",549900
50.8,0.3,100,"bu","13:44:55",543600
50.7,0.2,300,"sd","13:44:42",543500
50.8,0.3,300,"bu","13:44:30",543200
50.7,0.2,100,"sd","13:44:23",542900
50.7,0.2,1000,"sd","13:44:07",542800
50.7,0.2,1300,"sd","13:43:59",541800
50.8,0.3,5000,"bu","13:43:19",540500
50.7,0.2,1000,"sd","13:43:07",535500
50.8,0.3,100,"bu","13:42:29",534500
50.8,0.3,100,"sd","13:42:08",534400
50.8,0.3,100,"sd","13:41:59",533900
50.8,0.3,1000,"bu","13:41:44",533800
50.8,0.3,1000,"bu","13:41:40",532800
50.8,0.3,100,"bu","13:41:28",531800
50.8,0.3,200,"sd","13:41:15",531700
50.8,0.3,200,"sd","13:41:07",531500
50.8,0.3,1000,"sd","13:40:55",531300
50.9,0.4,500,"bu","13:40:34",530300
50.9,0.4,200,"bu","13:40:23",529800
50.9,0.4,200,"bu","13:40:21",529600
50.9,0.4,200,"bu","13:40:01",529400
50.9,0.4,2600,"bu","13:39:59",529200
50.9,0.4,300,"bu","13:39:31",526600
50.9,0.4,300,"bu","13:39:21",526300
50.9,0.4,500,"bu","13:38:52",526000
50.8,0.3,1000,"sd","13:38:43",525500
50.9,0.4,100,"bu","13:38:33",524500
50.9,0.4,200,"bu","13:38:29",524400
50.9,0.4,300,"bu","13:38:27",524200
50.9,0.4,1500,"bu","13:38:16",523900
50.8,0.3,5800,"bu","13:38:16",522400
50.8,0.3,2900,"bu","13:38:16",516600
50.7,0.2,300,"sd","13:37:48",513700
50.7,0.2,1100,"bu","13:36:59",513400
50.7,0.2,200,"bu","13:36:54",512300
50.7,0.2,100,"bu","13:36:49",512100
50.6,0.1,3600,"bu","13:36:44",512000
50.6,0.1,100,"bu","13:36:34",508400
50.6,0.1,200,"bu","13:36:29",508300
50.6,0.1,1100,"sd","13:36:17",508100
50.6,0.1,200,"sd","13:36:06",507000
50.7,0.2,2400,"bu","13:35:58",506800
50.6,0.1,1600,"bu","13:35:58",504400
50.5,0,200,"sd","13:35:58",502800
50.5,0,4000,"sd","13:35:36",502600
50.5,0,500,"bu","13:34:10",498600
50.5,0,300,"bu","13:34:06",498100
50.5,0,100,"bu","13:33:52",497800
50.5,0,700,"sd","13:33:45",497700
50.5,0,800,"bu","13:33:39",497000
50.5,0,2300,"sd","13:33:12",496200
50.5,0,1000,"sd","13:33:09",493900
50.5,0,2000,"sd","13:32:25",492900
50.5,0,500,"sd","13:32:12",490900
50.5,0,500,"sd","13:31:45",490400
50.5,0,1000,"sd","13:31:29",489900
50.5,0,200,"sd","13:29:16",488900
50.5,0,100,"sd","13:28:42",488700
50.5,0,100,"bu","13:28:21",488600
50.5,0,600,"bu","13:28:12",488500
50.5,0,100,"bu","13:28:06",487900
50.5,0,17600,"sd","13:27:44",487800
50.5,0,500,"sd","13:27:38",470200
50.6,0.1,100,"bu","13:25:33",469700
50.6,0.1,300,"bu","13:25:11",469600
50.6,0.1,300,"bu","13:25:08",469300
50.6,0.1,200,"bu","13:25:07",469000
50.6,0.1,400,"bu","13:24:48",468800
50.6,0.1,1000,"bu","13:24:14",468400
50.6,0.1,400,"sd","13:23:47",467400
50.6,0.1,1000,"sd","13:22:59",467000
50.6,0.1,100,"sd","13:20:05",466000
50.6,0.1,200,"sd","13:19:21",465900
50.6,0.1,300,"sd","13:19:06",465700
50.7,0.2,500,"sd","13:19:00",464700
50.7,0.2,6400,"bu","13:18:59",464200
50.7,0.2,100,"bu","13:17:43",457800
50.5,0,200,"sd","13:15:37",457700
50.6,0.1,200,"bu","13:14:52",457500
50.6,0.1,300,"sd","13:14:39",457300
50.6,0.1,100,"sd","13:14:17",457000
50.6,0.1,100,"sd","13:14:16",456900
50.6,0.1,200,"sd","13:14:06",456800
50.7,0.2,100,"bu","13:13:44",456600
50.7,0.2,100,"bu","13:12:36",456500
50.6,0.1,200,"sd","13:12:35",456400
50.6,0.1,2000,"sd","13:12:25",456200
50.6,0.1,100,"bu","13:12:04",454200
50.7,0.2,2000,"bu","13:11:21",454100
50.5,0,200,"sd","13:10:56",452100
50.5,0,100,"sd","13:09:42",451900
50.5,0,500,"sd","13:08:05",451800
50.5,0,600,"sd","13:07:44",451300
50.6,0.1,1000,"sd","13:07:44",450700
50.7,0.2,400,"sd","13:07:44",449700
50.8,0.3,100,"bu","13:07:43",449300
50.8,0.3,100,"bu","13:07:39",449200
50.8,0.3,200,"bu","13:07:15",449100
50.8,0.3,500,"bu","13:06:58",448900
50.8,0.3,500,"bu","13:06:56",448400
50.8,0.3,3800,"sd","13:06:55",447900
50.8,0.3,2400,"bu","13:06:28",444100
50.7,0.2,200,"bu","13:06:00",441700
50.7,0.2,300,"bu","13:05:43",441500
50.7,0.2,100,"bu","13:05:12",441200
50.7,0.2,1100,"bu","13:05:07",441100
50.7,0.2,4800,"bu","13:04:37",440000
50.5,0,200,"bu","13:03:54",435200
50.5,0,1100,"bu","13:03:50",435000
50.5,0,700,"sd","13:03:35",433900
50.5,0,7000,"sd","13:03:34",433200
50.7,0.2,200,"bu","13:03:17",426200
50.7,0.2,100,"bu","13:01:26",426000
50.5,0,500,"sd","13:00:21",425900
50.5,0,100,"sd","13:00:05",425400
50.6,0.1,100,"bu","13:00:04",425300
50.5,0,2000,"sd","13:00:04",425200
50.5,0,200,"sd","11:29:20",423200
50.6,0.1,1000,"bu","11:29:13",423000
50.7,0.2,100,"bu","11:28:53",422000
50.7,0.2,3000,"sd","11:28:09",419900
50.8,0.3,100,"bu","11:28:06",416900
50.7,0.2,700,"sd","11:27:20",416800
50.8,0.3,100,"bu","11:27:18",416100
50.7,0.2,700,"bu","11:27:03",416000
50.6,0.1,100,"bu","11:27:03",415300
50.5,0,3300,"sd","11:26:21",415200
50.6,0.1,500,"bu","11:25:48",411900
50.6,0.1,500,"sd","11:25:14",411400
50.6,0.1,700,"bu","11:24:58",410900
50.6,0.1,200,"bu","11:24:29",410200
50.6,0.1,100,"sd","11:24:13",410000
50.8,0.3,100,"bu","11:24:10",409900
50.8,0.3,200,"sd","11:23:30",409800
50.9,0.4,100,"bu","11:23:26",409600
51,0.5,1000,"bu","11:23:15",409500
51,0.5,35800,"bu","11:23:01",408500
50.9,0.4,1000,"bu","11:23:01",372700
50.7,0.2,3600,"bu","11:23:01",362100
50.8,0.3,800,"bu","11:20:01",358500
50.7,0.2,200,"bu","11:20:01",357700
50.6,0.1,2400,"bu","11:19:38",357500
50.5,0,4600,"bu","11:19:32",355100
50.5,0,5000,"bu","11:19:15",350500
50.5,0,4100,"bu","11:18:58",345500
50.3,-0.2,200,"sd","11:18:16",341400
50.4,-0.1,400,"bu","11:17:14",341200
50.4,-0.1,6300,"bu","11:17:12",340800
50.3,-0.2,7500,"sd","11:16:21",334500
50.3,-0.2,500,"sd","11:16:01",327000
50.3,-0.2,100,"sd","11:15:18",326500
50.4,-0.1,100,"bu","11:12:39",326400
50.3,-0.2,1000,"sd","11:12:33",326300
50.3,-0.2,200,"sd","11:12:13",325300
50.3,-0.2,2900,"bu","11:12:02",325100
50.2,-0.3,800,"bu","11:09:56",322200
50.1,-0.4,100,"bu","11:04:34",321400
50.1,-0.4,500,"bu","11:04:14",321300
50.1,-0.4,1000,"bu","11:04:11",320800
50.1,-0.4,1000,"bu","11:03:54",319800
50.1,-0.4,300,"bu","11:02:42",318800
50.1,-0.4,2000,"bu","11:02:35",318500
50.1,-0.4,2000,"bu","11:02:29",316500
50.1,-0.4,1000,"bu","11:02:07",314500
50,-0.5,1500,"sd","11:00:23",313500
50,-0.5,5000,"sd","11:00:20",312000
50,-0.5,4200,"sd","11:00:18",307000
50,-0.5,2300,"sd","10:59:39",302800
50,-0.5,3000,"sd","10:59:20",300500
50,-0.5,200,"sd","10:59:05",297500
50,-0.5,300,"sd","10:59:02",297300
50,-0.5,1100,"sd","10:58:21",297000
50.1,-0.4,100,"bu","10:58:14",295900
50.1,-0.4,1000,"bu","10:58:12",295800
50.1,-0.4,10100,"sd","10:58:08",294800
50.1,-0.4,1600,"sd","10:56:38",284700
50.2,-0.3,200,"bu","10:54:50",283100
50.2,-0.3,200,"sd","10:54:07",282900
50.2,-0.3,2600,"sd","10:53:28",282700
50.3,-0.2,2800,"sd","10:51:23",280100
50.3,-0.2,200,"bu","10:50:01",277300
50.3,-0.2,300,"sd","10:49:54",277100
50.3,-0.2,800,"sd","10:48:17",276800
50.3,-0.2,1000,"sd","10:48:04",276000
50.4,-0.1,100,"bu","10:46:02",275000
50.3,-0.2,100,"sd","10:45:39",274900
50.3,-0.2,3500,"sd","10:45:21",274800
50.3,-0.2,1000,"sd","10:45:10",271300
50.3,-0.2,1000,"sd","10:44:59",270300
50.3,-0.2,100,"sd","10:44:30",269300
50.3,-0.2,500,"sd","10:42:00",269200
50.3,-0.2,2000,"sd","10:41:40",268700
50.4,-0.1,100,"bu","10:41:06",266700
50.4,-0.1,100,"bu","10:40:49",266600
50.3,-0.2,900,"sd","10:40:39",266500
50.3,-0.2,500,"bu","10:39:56",265600
50.3,-0.2,700,"sd","10:39:12",265100
50.3,-0.2,300,"bu","10:39:08",264400
50.3,-0.2,100,"sd","10:39:07",264100
50.3,-0.2,100,"bu","10:36:13",264000
50.3,-0.2,900,"sd","10:35:50",263900
50.3,-0.2,400,"bu","10:35:30",263000
50.2,-0.3,300,"bu","10:34:50",262600
50.2,-0.3,300,"bu","10:34:19",262300
50.1,-0.4,1500,"sd","10:32:44",262000
50.1,-0.4,500,"sd","10:30:18",260500
50.2,-0.3,100,"bu","10:30:04",260000
50.2,-0.3,100,"bu","10:29:41",259900
50.2,-0.3,100,"bu","10:28:58",259800
50.2,-0.3,400,"sd","10:28:16",259700
50.2,-0.3,200,"sd","10:27:42",259300
50.2,-0.3,100,"bu","10:27:05",259100
50.2,-0.3,900,"sd","10:26:45",259000
50.3,-0.2,100,"bu","10:25:58",258100
50.3,-0.2,100,"bu","10:25:11",258000
50.3,-0.2,1000,"bu","10:24:04",257900
50.3,-0.2,1800,"sd","10:23:48",256900
50.4,-0.1,500,"bu","10:23:39",255100
50.4,-0.1,1000,"bu","10:22:32",254600
50.4,-0.1,600,"bu","10:22:05",253600
50.4,-0.1,200,"sd","10:21:54",253000
50.4,-0.1,2000,"sd","10:21:44",252800
50.4,-0.1,1000,"sd","10:21:10",250800
50.4,-0.1,1000,"sd","10:20:33",249800
50.4,-0.1,200,"sd","10:20:28",248800
50.4,-0.1,100,"sd","10:20:22",248600
50.4,-0.1,600,"sd","10:20:12",248500
50.4,-0.1,300,"sd","10:20:03",247900
50.4,-0.1,100,"sd","10:19:40",247600
50.5,0,100,"bu","10:18:32",247500
50.4,-0.1,700,"bu","10:18:29",247400
50.4,-0.1,100,"bu","10:18:21",246700
50.4,-0.1,500,"bu","10:18:16",246600
50.4,-0.1,300,"bu","10:17:47",246100
50.4,-0.1,200,"bu","10:17:38",245800
50.4,-0.1,400,"bu","10:17:23",245600
50.4,-0.1,4500,"bu","10:17:16",245200
50.3,-0.2,4500,"bu","10:16:58",240700
50.3,-0.2,1000,"bu","10:16:53",236200
50.3,-0.2,500,"bu","10:16:51",235200
50.3,-0.2,1000,"bu","10:16:45",234700
50.2,-0.3,1100,"bu","10:16:23",233700
50.2,-0.3,600,"bu","10:16:22",232600
50.2,-0.3,100,"bu","10:16:19",232000
50.2,-0.3,800,"bu","10:16:11",231900
50.2,-0.3,100,"bu","10:16:09",231100
50.2,-0.3,500,"bu","10:16:04",231000
50.2,-0.3,500,"bu","10:15:57",230500
50.2,-0.3,100,"bu","10:15:51",230000
50.2,-0.3,100,"bu","10:15:48",229900
50.2,-0.3,100,"bu","10:15:42",229800
50.2,-0.3,1000,"bu","10:15:32",229700
50.2,-0.3,500,"bu","10:15:10",228700
50.2,-0.3,100,"bu","10:14:54",228200
50.2,-0.3,300,"bu","10:14:44",228100
50.2,-0.3,200,"bu","10:14:39",227800
50.2,-0.3,8000,"bu","10:14:32",227600
50.1,-0.4,100,"bu","10:14:22",219600
50,-0.5,400,"bu","10:13:05",219500
50,-0.5,100,"bu","10:13:03",219100
50,-0.5,300,"bu","10:12:14",219000
50,-0.5,200,"sd","10:12:09",218700
50,-0.5,100,"sd","10:11:36",218500
50,-0.5,200,"sd","10:11:11",218400
50,-0.5,1000,"bu","10:10:42",218200
50,-0.5,100,"bu","10:10:28",217200
50,-0.5,500,"bu","10:10:16",217100
50,-0.5,100,"bu","10:10:15",216600
50,-0.5,100,"bu","10:09:58",216500
50,-0.5,500,"bu","10:09:48",216400
50,-0.5,200,"bu","10:09:16",215900
50,-0.5,500,"sd","10:08:46",215700
50,-0.5,500,"bu","10:08:24",215200
50,-0.5,500,"sd","10:08:11",214700
50,-0.5,100,"sd","10:07:22",214200
50,-0.5,200,"bu","10:07:17",214100
50,-0.5,100,"bu","10:07:10",213900
50,-0.5,400,"sd","10:06:48",213800
50,-0.5,200,"sd","10:06:32",213400
50,-0.5,300,"sd","10:06:30",213200
50,-0.5,2100,"bu","10:06:15",212900
49.95,-0.55,200,"sd","10:04:28",210800
49.95,-0.55,300,"sd","10:03:50",210600
49.9,-0.6,200,"sd","10:03:03",210300
49.9,-0.6,4800,"bu","10:02:45",210100
49.9,-0.6,200,"bu","10:02:34",205300
49.9,-0.6,2000,"bu","10:02:13",205100
49.9,-0.6,2900,"bu","10:01:52",203100
49.9,-0.6,1100,"sd","10:00:58",200200
50,-0.5,100,"bu","09:59:18",199100
50,-0.5,1900,"bu","09:58:42",199000
50,-0.5,600,"sd","09:58:35",197100
50,-0.5,300,"sd","09:58:34",196500
50,-0.5,4000,"sd","09:58:34",196200
50,-0.5,1000,"sd","09:58:14",192200
50,-0.5,2000,"sd","09:57:43",191200
50,-0.5,5000,"sd","09:57:07",189200
50.1,-0.4,1000,"bu","09:56:44",184200
50,-0.5,1000,"sd","09:56:39",183200
50.1,-0.4,200,"sd","09:56:12",182200
50.1,-0.4,1000,"sd","09:56:09",182000
50.1,-0.4,400,"sd","09:55:30",181000
50.1,-0.4,1400,"bu","09:55:22",180600
50.1,-0.4,500,"bu","09:55:14",179200
50.1,-0.4,3100,"sd","09:55:08",178700
50.1,-0.4,500,"sd","09:55:03",175600
50.1,-0.4,1000,"sd","09:55:03",175100
50.1,-0.4,200,"sd","09:54:04",174100
50.1,-0.4,100,"sd","09:52:55",173900
50.1,-0.4,800,"sd","09:52:49",173800
50.1,-0.4,500,"sd","09:52:46",173000
50.1,-0.4,100,"sd","09:52:22",172500
50.1,-0.4,1000,"sd","09:52:21",172400
50.1,-0.4,100,"sd","09:52:16",171400
50.1,-0.4,2000,"sd","09:51:32",171300
50.2,-0.3,200,"bu","09:51:27",169300
50.2,-0.3,100,"bu","09:51:19",169100
50.2,-0.3,100,"bu","09:51:17",169000
50.2,-0.3,1000,"bu","09:51:06",168900
50.2,-0.3,500,"bu","09:50:59",167900
50.1,-0.4,100,"sd","09:50:57",167400
50.2,-0.3,100,"bu","09:50:50",167300
50.2,-0.3,200,"bu","09:50:46",167200
50.2,-0.3,1000,"bu","09:50:42",167000
50.2,-0.3,300,"bu","09:50:40",166000
50.2,-0.3,100,"bu","09:50:29",165700
50.2,-0.3,100,"bu","09:50:02",165600
50.2,-0.3,300,"bu","09:49:48",165500
50.2,-0.3,500,"bu","09:49:44",165200
50.1,-0.4,3000,"bu","09:49:21",164700
50.1,-0.4,300,"bu","09:48:57",161700
50.1,-0.4,1000,"bu","09:48:53",161400
50.1,-0.4,500,"bu","09:48:41",160400
50.1,-0.4,200,"bu","09:48:35",159900
50.1,-0.4,400,"bu","09:48:34",159700
50,-0.5,1000,"sd","09:48:31",159300
50.1,-0.4,100,"bu","09:48:25",158300
50.1,-0.4,500,"bu","09:48:23",158200
50.1,-0.4,500,"bu","09:48:13",157700
50.1,-0.4,1000,"bu","09:48:11",157200
50.1,-0.4,100,"bu","09:48:06",156200
50,-0.5,500,"sd","09:47:02",156100
50.1,-0.4,500,"bu","09:47:00",155600
50,-0.5,200,"sd","09:46:56",155100
50.1,-0.4,500,"bu","09:46:46",154900
50,-0.5,100,"bu","09:46:18",154400
50,-0.5,300,"bu","09:45:59",154300
50,-0.5,500,"bu","09:45:58",154000
50,-0.5,200,"bu","09:45:56",153500
50,-0.5,500,"bu","09:45:53",153300
50,-0.5,200,"bu","09:45:49",152800
50,-0.5,2000,"bu","09:45:40",152600
50,-0.5,2000,"bu","09:45:25",150600
50,-0.5,500,"bu","09:45:22",148600
50,-0.5,300,"bu","09:45:21",148100
50,-0.5,100,"bu","09:45:20",147800
50,-0.5,1000,"bu","09:45:13",147700
50,-0.5,100,"bu","09:44:46",146700
50,-0.5,100,"bu","09:44:40",146600
50,-0.5,500,"bu","09:44:26",146500
50,-0.5,2000,"bu","09:44:09",146000
50,-0.5,1000,"bu","09:44:01",144000
50,-0.5,300,"bu","09:43:52",143000
50,-0.5,100,"bu","09:43:35",142700
49.9,-0.6,500,"bu","09:43:25",142600
49.75,-0.75,200,"sd","09:42:38",142100
49.7,-0.8,200,"sd","09:42:15",141900
49.75,-0.75,2900,"sd","09:42:15",141700
49.8,-0.7,1900,"sd","09:42:15",138800
49.8,-0.7,1200,"bu","09:42:03",136900
49.8,-0.7,100,"bu","09:41:59",135700
49.8,-0.7,100,"bu","09:41:58",135600
49.8,-0.7,1000,"bu","09:41:55",135500
49.8,-0.7,100,"bu","09:41:53",134500
49.8,-0.7,500,"bu","09:41:36",134400
49.8,-0.7,100,"bu","09:41:25",133900
49.75,-0.75,1600,"sd","09:41:04",133800
49.8,-0.7,500,"bu","09:41:02",132200
49.75,-0.75,500,"sd","09:40:49",131700
49.75,-0.75,600,"bu","09:40:37",131200
49.75,-0.75,100,"bu","09:40:34",130600
49.75,-0.75,100,"bu","09:40:22",130500
49.75,-0.75,200,"bu","09:40:21",130400
49.75,-0.75,100,"bu","09:40:06",130200
49.75,-0.75,200,"bu","09:40:05",130100
49.75,-0.75,100,"bu","09:39:50",129900
49.75,-0.75,1000,"bu","09:39:31",129800
49.75,-0.75,500,"bu","09:39:23",128800
49.75,-0.75,200,"bu","09:39:10",128300
49.75,-0.75,600,"bu","09:38:47",128100
49.7,-0.8,500,"sd","09:38:40",127500
49.7,-0.8,600,"sd","09:38:27",127000
49.7,-0.8,700,"sd","09:38:07",126400
49.7,-0.8,200,"sd","09:38:00",125700
49.7,-0.8,3000,"sd","09:37:48",125500
49.75,-0.75,1000,"bu","09:37:48",122500
49.75,-0.75,200,"bu","09:37:39",121500
49.75,-0.75,100,"bu","09:37:27",121300
49.75,-0.75,200,"bu","09:37:19",121200
49.7,-0.8,300,"sd","09:37:11",121000
49.7,-0.8,1000,"bu","09:37:07",120700
49.7,-0.8,1000,"bu","09:37:00",119700
49.7,-0.8,100,"bu","09:36:27",118700
49.7,-0.8,500,"bu","09:36:07",118600
49.7,-0.8,3400,"bu","09:36:02",118100
49.65,-0.85,400,"sd","09:35:42",114700
49.7,-0.8,1000,"bu","09:35:41",114300
49.7,-0.8,1100,"sd","09:35:27",113300
49.7,-0.8,1000,"sd","09:35:01",112200
49.7,-0.8,400,"sd","09:34:55",111200
49.7,-0.8,1500,"sd","09:34:25",110800
49.7,-0.8,6000,"sd","09:34:25",109300
49.7,-0.8,1000,"sd","09:34:23",103300
49.7,-0.8,500,"sd","09:33:45",102300
49.7,-0.8,400,"sd","09:33:34",101800
49.75,-0.75,1000,"sd","09:33:13",101400
49.8,-0.7,100,"bu","09:33:06",100400
49.8,-0.7,200,"sd","09:33:03",100300
49.8,-0.7,1000,"sd","09:33:01",100100
49.85,-0.65,200,"bu","09:32:45",99100
49.85,-0.65,100,"bu","09:32:44",98900
49.85,-0.65,500,"bu","09:32:39",98800
49.85,-0.65,200,"bu","09:32:24",98300
49.8,-0.7,500,"sd","09:32:24",98100
49.8,-0.7,2000,"sd","09:32:23",97600
49.8,-0.7,200,"sd","09:32:18",95600
49.85,-0.65,100,"bu","09:32:17",95400
49.85,-0.65,700,"sd","09:31:53",95300
49.85,-0.65,500,"sd","09:31:47",94600
49.85,-0.65,300,"sd","09:31:37",94100
49.85,-0.65,1000,"sd","09:31:32",93800
49.85,-0.65,400,"sd","09:31:02",92800
49.9,-0.6,500,"sd","09:30:46",92400
49.9,-0.6,300,"bu","09:30:43",91900
49.9,-0.6,200,"bu","09:30:31",91600
49.9,-0.6,100,"bu","09:30:26",91400
49.9,-0.6,300,"sd","09:30:16",91300
49.9,-0.6,2000,"sd","09:30:10",91000
50,-0.5,100,"bu","09:29:59",89000
50,-0.5,6800,"sd","09:29:36",88900
50,-0.5,100,"sd","09:29:36",82100
50,-0.5,500,"sd","09:29:31",82000
50,-0.5,5000,"sd","09:29:27",81500
50,-0.5,1000,"sd","09:29:04",76500
50.1,-0.4,200,"bu","09:28:45",75500
50.1,-0.4,100,"bu","09:28:40",75300
50,-0.5,800,"sd","09:27:51",75200
50,-0.5,500,"sd","09:27:37",74400
50,-0.5,100,"sd","09:27:32",73900
50,-0.5,400,"bu","09:26:53",73800
49.9,-0.6,1500,"sd","09:26:47",73400
49.9,-0.6,2000,"sd","09:26:41",71900
49.9,-0.6,900,"sd","09:26:37",69900
49.95,-0.55,100,"sd","09:26:37",69000
50,-0.5,600,"sd","09:26:30",68900
50,-0.5,1900,"sd","09:26:18",68300
50.1,-0.4,1900,"sd","09:26:18",66400
50.2,-0.3,1200,"sd","09:26:18",64500
50.3,-0.2,2000,"bu","09:26:05",63300
50.3,-0.2,900,"sd","09:25:53",61300
50.3,-0.2,200,"sd","09:25:43",60400
50.4,-0.1,200,"bu","09:25:28",60200
50.4,-0.1,100,"bu","09:25:04",60000
50.2,-0.3,200,"sd","09:24:47",59900
50.2,-0.3,100,"bu","09:24:33",59700
50.2,-0.3,1000,"bu","09:24:16",59600
50.1,-0.4,500,"bu","09:23:52",58600
50,-0.5,1500,"bu","09:23:38",58100
50,-0.5,3000,"bu","09:23:29",56600
50,-0.5,100,"bu","09:23:24",53600
50,-0.5,500,"bu","09:23:21",53500
50,-0.5,1000,"bu","09:23:20",53000
50,-0.5,100,"bu","09:23:15",52000
50,-0.5,3000,"bu","09:23:14",51900
50,-0.5,1000,"bu","09:23:10",48900
50,-0.5,100,"bu","09:23:04",47900
50,-0.5,400,"bu","09:22:29",47800
49.95,-0.55,200,"sd","09:22:20",47400
50,-0.5,100,"bu","09:22:12",47200
50,-0.5,2000,"bu","09:21:41",47100
49.95,-0.55,100,"sd","09:21:29",45100
49.95,-0.55,100,"bu","09:21:28",45000
49.95,-0.55,3000,"bu","09:21:27",44900
49.9,-0.6,2000,"sd","09:21:26",41900
49.9,-0.6,200,"bu","09:21:17",39900
49.9,-0.6,5000,"bu","09:21:14",39700
49.9,-0.6,1000,"bu","09:21:11",34700
49.9,-0.6,5000,"bu","09:21:02",33700
49.8,-0.7,100,"bu","09:20:33",28700
49.8,-0.7,500,"bu","09:20:25",28600
49.7,-0.8,100,"sd","09:20:18",28100
49.7,-0.8,100,"sd","09:20:12",28000
49.8,-0.7,300,"bu","09:20:12",27900
49.7,-0.8,500,"sd","09:20:07",27600
49.7,-0.8,200,"sd","09:19:56",27100
49.7,-0.8,100,"bu","09:19:25",26900
49.7,-0.8,300,"bu","09:19:15",26800
49.7,-0.8,3000,"bu","09:19:10",26500
49.7,-0.8,2000,"bu","09:18:53",23500
49.7,-0.8,500,"bu","09:18:51",21500
49.6,-0.9,400,"sd","09:18:38",21000
49.7,-0.8,300,"bu","09:18:38",20600
49.7,-0.8,200,"bu","09:18:31",20300
49.7,-0.8,100,"bu","09:18:29",20100
49.7,-0.8,400,"bu","09:18:26",20000
49.7,-0.8,1000,"bu","09:18:15",19600
49.7,-0.8,100,"bu","09:18:06",18600
49.6,-0.9,1000,"sd","09:18:05",18500
49.7,-0.8,200,"bu","09:17:57",17500
49.7,-0.8,2200,"sd","09:17:51",17300
49.8,-0.7,200,"bu","09:17:48",15100
49.8,-0.7,1000,"bu","09:17:44",14900
49.8,-0.7,900,"sd","09:16:58",13900
49.9,-0.6,100,"bu","09:16:57",13000
49.9,-0.6,100,"bu","09:16:50",12900
49.9,-0.6,200,"bu","09:16:49",12800
49.9,-0.6,200,"bu","09:16:34",12600
49.8,-0.7,100,"sd","09:16:32",12400
49.9,-0.6,500,"bu","09:16:20",12300
49.7,-0.8,100,"sd","09:16:02",11800
49.8,-0.7,100,"bu","09:15:55",11700
50,-0.5,100,"bu","09:15:25",11600
50,-0.5,500,"bu","09:15:10",11500
49.6,-0.9,11000,"","09:15:07",11000
