"price","change","match_qtty","side","time","total_vol"
20.15,-1.5,17700,"","14:45:21",1273500
20.15,-1.5,1000,"bu","14:30:02",1255800
20.15,-1.5,100,"bu","14:30:01",1254800
20.15,-1.5,5000,"bu","14:30:00",1254700
20.15,-1.5,3000,"bu","14:29:58",1249700
20.15,-1.5,6900,"bu","14:29:51",1246700
20.15,-1.5,5300,"bu","14:29:45",1239800
20.15,-1.5,1000,"bu","14:29:40",1234500
20.15,-1.5,100,"bu","14:29:39",1233500
20.15,-1.5,1500,"bu","14:29:38",1233400
20.15,-1.5,200,"bu","14:29:35",1231900
20.15,-1.5,100,"bu","14:29:34",1231700
20.15,-1.5,200,"bu","14:29:26",1231600
20.15,-1.5,100,"bu","14:29:25",1231400
20.15,-1.5,1000,"bu","14:29:25",1231300
20.15,-1.5,200,"bu","14:29:20",1230300
20.15,-1.5,1600,"bu","14:29:18",1230100
20.15,-1.5,500,"bu","14:29:17",1228500
20.15,-1.5,100,"bu","14:29:16",1228000
20.15,-1.5,100,"bu","14:29:11",1227900
20.15,-1.5,400,"bu","14:29:09",1227800
20.15,-1.5,1600,"bu","14:29:05",1227400
20.15,-1.5,100,"bu","14:29:02",1225800
20.15,-1.5,300,"bu","14:29:01",1225700
20.15,-1.5,16200,"sd","14:29:01",1225400
20.2,-1.45,2000,"sd","14:29:01",1209200
20.2,-1.45,3700,"sd","14:28:48",1207200
20.25,-1.4,1000,"sd","14:28:48",1203500
20.3,-1.35,1700,"sd","14:28:48",1202500
20.4,-1.25,700,"bu","14:28:41",1200800
20.4,-1.25,500,"sd","14:28:36",1200100
20.5,-1.15,400,"bu","14:28:27",1199600
20.5,-1.15,100,"bu","14:28:25",1199200
20.5,-1.15,300,"bu","14:28:17",1199100
20.3,-1.35,600,"sd","14:28:03",1198800
20.35,-1.3,1000,"sd","14:28:03",1198200
20.4,-1.25,3300,"sd","14:28:03",1197200
20.6,-1.05,1800,"bu","14:27:49",1193900
20.6,-1.05,1000,"bu","14:27:44",1192100
20.6,-1.05,400,"bu","14:27:26",1191100
20.55,-1.1,500,"bu","14:27:26",1190700
20.5,-1.15,600,"bu","14:27:20",1190200
20.45,-1.2,1000,"bu","14:27:20",1189600
20.4,-1.25,4000,"sd","14:27:13",1188600
20.4,-1.25,4500,"sd","14:27:11",1184600
20.45,-1.2,400,"sd","14:27:11",1180100
20.45,-1.2,4600,"bu","14:27:08",1179700
20.45,-1.2,100,"bu","14:27:07",1175100
20.45,-1.2,1900,"bu","14:26:53",1175000
20.4,-1.25,1000,"sd","14:26:50",1173100
20.4,-1.25,100,"sd","14:26:48",1172100
20.4,-1.25,500,"sd","14:26:42",1172000
20.4,-1.25,100,"bu","14:26:37",1171500
20.4,-1.25,3400,"bu","14:26:34",1171400
20.4,-1.25,1500,"bu","14:26:16",1168000
20.2,-1.45,300,"bu","14:26:13",1166500
20.2,-1.45,1000,"bu","14:26:13",1166200
20.15,-1.5,100,"sd","14:26:08",1165200
20.15,-1.5,1000,"bu","14:25:59",1165100
20.15,-1.5,1000,"bu","14:25:58",1164100
20.15,-1.5,2100,"bu","14:25:58",1163100
20.15,-1.5,4000,"bu","14:25:57",1161000
20.15,-1.5,5900,"bu","14:25:54",1157000
20.15,-1.5,100,"bu","14:25:52",1151100
20.15,-1.5,600,"bu","14:25:50",1151000
20.15,-1.5,1200,"bu","14:25:48",1150400
20.15,-1.5,10100,"bu","14:25:47",1149200
20.15,-1.5,1000,"bu","14:25:46",1139100
20.15,-1.5,1000,"bu","14:25:44",1138100
20.15,-1.5,1000,"bu","14:25:43",1137100
20.15,-1.5,2100,"bu","14:25:42",1136100
20.15,-1.5,2900,"bu","14:25:40",1134000
20.15,-1.5,2000,"bu","14:25:39",1131100
20.15,-1.5,200,"bu","14:25:36",1129100
20.15,-1.5,10000,"bu","14:25:33",1128900
20.15,-1.5,1000,"bu","14:25:32",1118900
20.15,-1.5,100,"bu","14:25:31",1117900
20.15,-1.5,1000,"bu","14:25:20",1117800
20.15,-1.5,200,"bu","14:25:18",1116800
20.15,-1.5,2000,"bu","14:25:16",1116600
20.15,-1.5,300,"bu","14:25:13",1114600
20.15,-1.5,1000,"bu","14:25:07",1114300
20.15,-1.5,5200,"bu","14:25:04",1113300
20.15,-1.5,300,"bu","14:25:00",1108100
20.15,-1.5,200,"bu","14:24:59",1107800
20.15,-1.5,1700,"bu","14:24:58",1107600
20.15,-1.5,100,"bu","14:24:57",1105900
20.15,-1.5,8100,"bu","14:24:56",1105800
20.15,-1.5,500,"bu","14:24:49",1097700
20.15,-1.5,100,"bu","14:24:40",1097200
20.15,-1.5,2000,"bu","14:24:39",1097100
20.15,-1.5,100,"bu","14:24:39",1095100
20.15,-1.5,300,"bu","14:24:37",1095000
20.15,-1.5,14700,"sd","14:24:31",1094700
20.2,-1.45,1000,"bu","14:24:25",1080000
20.2,-1.45,7700,"sd","14:24:22",1079000
20.2,-1.45,100,"sd","14:24:14",1071300
20.25,-1.4,300,"bu","14:24:03",1071200
20.25,-1.4,2200,"sd","14:23:56",1070900
20.25,-1.4,3600,"sd","14:23:19",1068700
20.3,-1.35,1300,"sd","14:23:19",1065100
20.3,-1.35,800,"sd","14:23:15",1063800
20.3,-1.35,300,"sd","14:23:06",1063000
20.3,-1.35,3000,"sd","14:22:52",1062700
20.35,-1.3,2000,"sd","14:22:46",1059700
20.35,-1.3,1700,"sd","14:22:35",1057700
20.35,-1.3,2300,"sd","14:22:28",1056000
20.4,-1.25,3400,"sd","14:22:28",1053700
20.5,-1.15,9500,"sd","14:21:40",1050300
20.5,-1.15,4900,"sd","14:21:25",1040800
20.5,-1.15,200,"sd","14:20:53",1035900
20.5,-1.15,1900,"sd","14:20:35",1035700
20.6,-1.05,3000,"sd","14:20:35",1033800
20.5,-1.15,600,"sd","14:20:26",1030800
20.6,-1.05,4400,"sd","14:20:26",1030200
20.65,-1,900,"sd","14:20:15",1025800
20.65,-1,100,"sd","14:20:13",1024900
20.6,-1.05,4900,"sd","14:19:41",1024800
20.65,-1,100,"sd","14:19:41",1019900
20.7,-0.95,4000,"sd","14:19:20",1019800
20.7,-0.95,1100,"bu","14:19:07",1015800
20.6,-1.05,400,"sd","14:19:02",1014700
20.6,-1.05,200,"sd","14:19:01",1014300
20.6,-1.05,800,"sd","14:18:59",1014100
20.6,-1.05,800,"sd","14:18:47",1013300
20.6,-1.05,1400,"sd","14:18:39",1012500
20.6,-1.05,100,"sd","14:18:27",1011100
20.7,-0.95,1300,"bu","14:18:13",1011000
20.7,-0.95,100,"bu","14:18:12",1009700
20.6,-1.05,900,"sd","14:18:12",1009600
20.65,-1,100,"sd","14:18:12",1008700
20.7,-0.95,500,"sd","14:18:06",1008600
20.7,-0.95,800,"sd","14:18:04",1008100
20.7,-0.95,2000,"sd","14:17:58",1007300
20.7,-0.95,800,"sd","14:17:55",1005300
20.7,-0.95,2000,"sd","14:17:51",1004500
20.7,-0.95,300,"sd","14:17:38",1002500
20.7,-0.95,200,"sd","14:17:34",1002200
20.7,-0.95,1700,"sd","14:17:27",1002000
20.7,-0.95,2300,"sd","14:17:23",1000300
20.75,-0.9,4300,"sd","14:17:13",998000
20.75,-0.9,300,"sd","14:17:05",993700
20.8,-0.85,100,"bu","14:17:05",993400
20.8,-0.85,8400,"sd","14:16:59",993300
20.8,-0.85,5000,"sd","14:16:45",984900
20.8,-0.85,4300,"sd","14:16:44",979900
20.85,-0.8,1000,"sd","14:16:26",975600
20.85,-0.8,1600,"sd","14:16:26",974600
20.85,-0.8,2500,"sd","14:16:04",973000
20.9,-0.75,100,"bu","14:15:27",970500
20.9,-0.75,1300,"sd","14:14:32",970400
20.9,-0.75,1200,"bu","14:13:44",969100
20.85,-0.8,2500,"bu","14:13:44",967900
20.85,-0.8,27500,"sd","14:13:22",965400
20.9,-0.75,2000,"bu","14:13:17",937900
20.9,-0.75,500,"bu","14:12:18",935900
20.9,-0.75,1400,"sd","14:12:17",935400
20.9,-0.75,100,"bu","14:09:58",934000
20.9,-0.75,100,"bu","14:09:35",933900
20.9,-0.75,100,"bu","14:09:32",933800
20.9,-0.75,9700,"sd","14:09:25",933700
20.95,-0.7,4400,"sd","14:08:30",924000
20.95,-0.7,20000,"sd","14:08:06",919600
21,-0.65,100,"bu","14:06:04",899600
21,-0.65,1200,"bu","14:05:54",899500
20.95,-0.7,200,"sd","14:05:31",898300
21,-0.65,1200,"bu","14:04:44",898100
21,-0.65,900,"bu","14:04:33",896900
21,-0.65,3800,"bu","14:04:20",896000
21,-0.65,2800,"bu","14:04:09",892200
21,-0.65,100,"bu","14:04:04",889400
21,-0.65,900,"bu","14:03:54",889300
21,-0.65,2000,"bu","14:03:47",888400
21,-0.65,1900,"bu","14:03:40",886400
20.95,-0.7,4400,"bu","14:03:28",884500
20.9,-0.75,1400,"sd","14:02:18",880100
20.9,-0.75,100,"bu","14:02:00",878700
20.9,-0.75,1500,"sd","14:01:52",878600
20.9,-0.75,5000,"sd","14:00:56",877100
20.9,-0.75,5500,"sd","14:00:50",872100
20.9,-0.75,500,"bu","14:00:35",866600
20.95,-0.7,200,"bu","14:00:14",866100
20.9,-0.75,800,"bu","14:00:14",865900
20.9,-0.75,5800,"sd","14:00:11",865100
20.9,-0.75,1100,"bu","13:58:16",859300
20.9,-0.75,100,"bu","13:58:16",858200
20.9,-0.75,2000,"bu","13:58:15",858100
20.9,-0.75,3000,"bu","13:58:11",856100
20.9,-0.75,700,"sd","13:57:50",853100
20.9,-0.75,3100,"sd","13:57:50",852400
20.9,-0.75,1400,"bu","13:57:21",849300
20.9,-0.75,300,"bu","13:57:08",847900
20.9,-0.75,500,"bu","13:57:02",847600
20.9,-0.75,100,"bu","13:56:16",847100
20.9,-0.75,100,"bu","13:55:44",847000
20.9,-0.75,300,"bu","13:55:38",846900
20.9,-0.75,500,"bu","13:54:55",846600
20.9,-0.75,2300,"sd","13:54:53",846100
20.9,-0.75,900,"bu","13:54:23",843800
20.9,-0.75,1000,"bu","13:53:01",842900
20.9,-0.75,500,"bu","13:52:20",841900
20.9,-0.75,1000,"bu","13:52:09",841400
20.9,-0.75,7500,"sd","13:52:06",840400
20.9,-0.75,2500,"sd","13:52:04",832900
20.9,-0.75,100,"sd","13:51:38",830400
21,-0.65,100,"bu","13:49:34",830300
21,-0.65,100,"bu","13:49:22",830200
21,-0.65,6800,"sd","13:49:19",830100
21.1,-0.55,2000,"bu","13:48:41",823300
21.1,-0.55,400,"bu","13:48:17",821300
21.1,-0.55,1100,"sd","13:45:24",820900
21.1,-0.55,4000,"sd","13:45:19",819800
21.3,-0.35,3100,"bu","13:45:01",815800
21.2,-0.45,400,"bu","13:45:01",812700
21.2,-0.45,100,"sd","13:45:00",812300
21.2,-0.45,200,"sd","13:43:35",812200
21.2,-0.45,900,"bu","13:43:19",812000
21.2,-0.45,2000,"bu","13:43:16",811100
21.15,-0.5,100,"bu","13:42:21",809100
21.15,-0.5,3000,"bu","13:41:55",809000
21.15,-0.5,100,"bu","13:41:02",806000
21.15,-0.5,100,"bu","13:41:00",805900
21.15,-0.5,1900,"sd","13:40:41",805800
21.55,-0.1,100,"bu","13:40:20",803900
21.55,-0.1,300,"bu","13:40:03",803800
21.5,-0.15,200,"bu","13:40:03",803500
21.5,-0.15,4400,"bu","13:39:57",803300
21.45,-0.2,600,"bu","13:39:57",798900
21.45,-0.2,5000,"bu","13:39:54",798300
21.45,-0.2,100,"bu","13:39:45",793300
21.4,-0.25,3200,"bu","13:39:45",793200
21.35,-0.3,4200,"bu","13:39:45",790000
21.3,-0.35,2500,"bu","13:39:45",785800
21.3,-0.35,3500,"bu","13:39:38",783300
21.25,-0.4,3300,"bu","13:39:38",779800
21.2,-0.45,3200,"bu","13:39:38",776500
21.15,-0.5,1100,"bu","13:39:20",773300
21.15,-0.5,3800,"bu","13:39:16",772200
21.1,-0.55,7800,"bu","13:38:55",768400
21,-0.65,1500,"bu","13:38:34",760600
21,-0.65,300,"bu","13:38:13",759100
20.9,-0.75,13100,"sd","13:38:11",758800
21,-0.65,2200,"sd","13:37:15",745700
21.1,-0.55,400,"bu","13:36:13",743500
21.1,-0.55,1600,"sd","13:35:41",743100
21.1,-0.55,3500,"bu","13:34:36",741500
21,-0.65,1800,"bu","13:33:50",738000
21,-0.65,3000,"bu","13:32:42",736200
21,-0.65,1200,"bu","13:32:38",733200
21,-0.65,800,"bu","13:30:45",732000
20.9,-0.75,700,"bu","13:30:19",731200
20.9,-0.75,2000,"bu","13:30:15",730500
20.9,-0.75,200,"bu","13:30:04",728500
20.9,-0.75,5000,"sd","13:29:33",728300
20.9,-0.75,2100,"sd","13:29:33",723300
21,-0.65,100,"sd","13:28:46",721200
21.15,-0.5,100,"bu","13:27:37",721100
21.1,-0.55,1900,"bu","13:27:37",721000
21.15,-0.5,500,"bu","13:26:10",719100
21.1,-0.55,200,"bu","13:26:10",718600
21.1,-0.55,3000,"bu","13:24:56",718400
21,-0.65,700,"bu","13:24:37",715400
20.9,-0.75,9900,"sd","13:24:32",714700
20.95,-0.7,100,"sd","13:24:32",704800
21,-0.65,800,"bu","13:24:16",704700
21,-0.65,1000,"bu","13:23:16",703900
20.9,-0.75,10000,"sd","13:23:05",702900
21,-0.65,1800,"bu","13:22:43",692900
21,-0.65,2500,"bu","13:22:37",691100
21,-0.65,1100,"bu","13:20:51",688600
20.95,-0.7,100,"bu","13:20:51",687500
20.95,-0.7,1000,"bu","13:20:49",687400
20.95,-0.7,3900,"sd","13:20:32",686400
20.95,-0.7,3200,"bu","13:19:59",682500
20.95,-0.7,2000,"bu","13:18:57",679300
20.95,-0.7,100,"bu","13:17:31",677300
20.95,-0.7,1700,"sd","13:17:19",677200
20.95,-0.7,10000,"sd","13:16:58",675500
21,-0.65,1000,"bu","13:16:43",665500
21,-0.65,1000,"bu","13:16:36",664500
21,-0.65,4400,"sd","13:16:29",663500
21,-0.65,5000,"sd","13:16:16",659100
21,-0.65,2000,"bu","13:15:57",654100
21,-0.65,2000,"bu","13:15:08",652100
21.1,-0.55,3000,"bu","13:14:22",650100
21.1,-0.55,100,"bu","13:13:53",647100
21,-0.65,100,"bu","13:13:48",647000
21,-0.65,2000,"bu","13:13:42",646900
21,-0.65,1000,"bu","13:13:34",644900
21,-0.65,2000,"sd","13:13:19",643900
21.15,-0.5,400,"bu","13:13:10",641900
21.15,-0.5,700,"bu","13:12:45",641500
21.1,-0.55,3900,"bu","13:12:45",640800
21.05,-0.6,400,"bu","13:12:45",636900
21,-0.65,2000,"sd","13:12:40",636500
21,-0.65,600,"bu","13:12:07",634500
21,-0.65,2000,"bu","13:11:58",633900
21,-0.65,5000,"bu","13:11:22",631900
21,-0.65,9900,"sd","13:10:27",626900
21.05,-0.6,900,"bu","13:10:21",617000
21.05,-0.6,2800,"bu","13:09:26",616100
21,-0.65,3500,"bu","13:09:13",613300
21,-0.65,100,"bu","13:08:44",609800
21,-0.65,100,"bu","13:08:40",609700
21,-0.65,200,"bu","13:08:28",609600
21,-0.65,300,"bu","13:07:57",609400
21,-0.65,10000,"bu","13:07:42",609100
21,-0.65,3600,"bu","13:07:35",599100
20.95,-0.7,300,"bu","13:03:39",595500
20.95,-0.7,5500,"bu","13:03:30",595200
20.9,-0.75,700,"bu","13:03:06",589700
20.9,-0.75,200,"bu","13:03:04",589000
20.9,-0.75,3000,"bu","13:02:55",588800
20.9,-0.75,1000,"sd","13:02:07",585800
20.95,-0.7,1400,"bu","13:00:51",584800
20.9,-0.75,1600,"bu","13:00:51",583400
20.9,-0.75,900,"sd","13:00:42",581800
20.9,-0.75,300,"sd","13:00:14",580900
20.9,-0.75,100,"bu","13:00:11",580600
20.85,-0.8,900,"sd","13:00:09",580500
20.85,-0.8,2000,"sd","11:29:47",579600
20.9,-0.75,400,"sd","11:29:23",577600
20.9,-0.75,500,"sd","11:29:11",577200
20.9,-0.75,500,"sd","11:27:54",576700
20.9,-0.75,200,"bu","11:26:28",576200
20.9,-0.75,800,"sd","11:26:13",576000
20.9,-0.75,600,"sd","11:26:10",575200
20.9,-0.75,100,"bu","11:25:09",574600
20.9,-0.75,3000,"bu","11:24:51",574500
20.9,-0.75,300,"bu","11:24:29",571500
20.9,-0.75,100,"bu","11:24:06",571200
20.9,-0.75,200,"bu","11:23:20",571100
20.9,-0.75,600,"bu","11:23:08",570900
20.9,-0.75,3200,"sd","11:23:00",570300
20.95,-0.7,7900,"sd","11:22:54",567100
21,-0.65,100,"bu","11:22:26",559200
21,-0.65,1000,"sd","11:21:46",559100
21,-0.65,1000,"bu","11:21:32",558100
21,-0.65,3000,"bu","11:21:23",557100
21,-0.65,3000,"bu","11:21:10",554100
20.95,-0.7,5300,"bu","11:20:57",551100
20.9,-0.75,2800,"bu","11:20:31",545800
20.9,-0.75,100,"bu","11:19:50",543000
20.9,-0.75,1000,"bu","11:19:18",542900
20.9,-0.75,200,"bu","11:19:16",541900
20.9,-0.75,100,"bu","11:18:56",541700
20.9,-0.75,100,"bu","11:18:39",541600
20.9,-0.75,100,"bu","11:16:49",541500
20.9,-0.75,200,"bu","11:15:53",541400
20.9,-0.75,300,"bu","11:15:52",541200
20.9,-0.75,500,"bu","11:15:48",540900
20.9,-0.75,600,"bu","11:14:35",540400
20.9,-0.75,600,"bu","11:13:19",539800
20.9,-0.75,100,"bu","11:13:15",539200
20.9,-0.75,900,"bu","11:12:02",539100
20.9,-0.75,300,"bu","11:11:11",538200
20.9,-0.75,2000,"bu","11:10:38",537900
20.9,-0.75,200,"bu","11:09:25",535900
20.9,-0.75,8500,"sd","11:09:22",535700
20.95,-0.7,200,"bu","11:09:17",527200
20.95,-0.7,200,"bu","11:09:16",527000
20.95,-0.7,2000,"sd","11:08:57",526800
20.95,-0.7,6000,"sd","11:08:54",524800
20.95,-0.7,7000,"sd","11:08:39",518800
21,-0.65,12200,"sd","11:08:21",511800
21,-0.65,10000,"sd","11:08:14",499600
21.05,-0.6,500,"bu","11:08:13",489600
21.05,-0.6,600,"bu","11:08:09",489100
21,-0.65,8000,"sd","11:07:58",488500
21,-0.65,100,"sd","11:07:44",480500
21.05,-0.6,1000,"bu","11:07:23",480400
21.05,-0.6,1700,"sd","11:06:49",479400
21.05,-0.6,6000,"sd","11:06:40",477700
21.1,-0.55,100,"bu","11:06:35",471700
21.1,-0.55,13000,"sd","11:05:10",471600
21.15,-0.5,500,"bu","11:01:34",458600
21.15,-0.5,500,"bu","11:00:28",458100
21.15,-0.5,200,"sd","10:56:43",457600
21.15,-0.5,3800,"sd","10:56:23",457400
21.2,-0.45,2200,"sd","10:54:57",453600
21.2,-0.45,1900,"bu","10:54:26",451400
21.2,-0.45,1800,"bu","10:54:01",449500
21.15,-0.5,1800,"bu","10:51:22",447700
21.15,-0.5,900,"bu","10:48:52",445900
21.1,-0.55,3000,"sd","10:46:42",445000
21.1,-0.55,2000,"sd","10:46:25",442000
21.15,-0.5,2200,"sd","10:45:53",440000
21.15,-0.5,10000,"sd","10:45:48",437800
21.15,-0.5,3000,"sd","10:45:34",427800
21.15,-0.5,500,"sd","10:44:10",424800
21.2,-0.45,200,"bu","10:41:45",424300
21.2,-0.45,2600,"bu","10:41:13",424100
21.2,-0.45,200,"bu","10:40:35",421500
21.2,-0.45,500,"bu","10:34:36",421300
21.2,-0.45,2000,"bu","10:34:21",420800
21.2,-0.45,1000,"bu","10:34:20",418800
21.2,-0.45,700,"sd","10:32:41",417800
21.2,-0.45,1000,"sd","10:32:26",417100
21.2,-0.45,500,"sd","10:31:52",416100
21.2,-0.45,3400,"bu","10:31:15",415600
21.2,-0.45,300,"sd","10:27:21",412200
21.2,-0.45,3000,"sd","10:27:09",411900
21.25,-0.4,2800,"sd","10:25:00",408900
21.25,-0.4,1100,"bu","10:23:33",406100
21.25,-0.4,1500,"bu","10:21:41",405000
21.25,-0.4,600,"bu","10:20:39",403500
21.25,-0.4,1300,"bu","10:20:37",402900
21.2,-0.45,3200,"bu","10:19:25",401600
21.2,-0.45,400,"bu","10:18:13",398400
21.2,-0.45,600,"bu","10:17:56",398000
21.2,-0.45,1200,"bu","10:17:48",397400
21.2,-0.45,1000,"bu","10:16:51",396200
21.15,-0.5,2400,"bu","10:16:44",395200
21.15,-0.5,500,"sd","10:16:03",392800
21.15,-0.5,3000,"sd","10:15:55",392300
21.2,-0.45,600,"bu","10:15:11",389300
21.15,-0.5,1500,"bu","10:13:23",388700
21.15,-0.5,3500,"sd","10:12:44",387200
21.2,-0.45,1000,"bu","10:11:35",383700
21.15,-0.5,1700,"bu","10:10:11",382700
21.15,-0.5,2900,"sd","10:09:42",381000
21.2,-0.45,400,"sd","10:09:42",378100
21.2,-0.45,1000,"bu","10:08:01",377700
21.2,-0.45,200,"bu","10:03:18",376700
21.15,-0.5,1100,"sd","10:02:58",376500
21.2,-0.45,900,"bu","10:02:01",375400
21.2,-0.45,500,"bu","10:01:24",374500
21.2,-0.45,9600,"sd","10:00:03",374000
21.2,-0.45,1900,"sd","09:59:42",364400
21.3,-0.35,100,"bu","09:58:54",362500
21.3,-0.35,3400,"sd","09:58:44",362400
21.3,-0.35,4100,"sd","09:58:40",359000
21.4,-0.25,100,"sd","09:58:11",354900
21.4,-0.25,5000,"sd","09:58:07",354800
21.5,-0.15,10000,"bu","09:56:25",349800
21.5,-0.15,6000,"bu","09:55:46",339800
21.5,-0.15,100,"bu","09:55:20",333800
21.5,-0.15,1200,"bu","09:54:53",333700
21.45,-0.2,3800,"bu","09:54:53",332500
21.45,-0.2,8100,"bu","09:54:32",328700
21.4,-0.25,2200,"bu","09:54:24",320600
21.3,-0.35,100,"sd","09:53:48",318400
21.3,-0.35,400,"sd","09:53:39",318300
21.3,-0.35,2800,"bu","09:52:44",317900
21.2,-0.45,500,"sd","09:52:16",315100
21.3,-0.35,300,"bu","09:52:16",314600
21.3,-0.35,2300,"bu","09:51:04",314300
21.2,-0.45,100,"sd","09:50:34",312000
21.3,-0.35,200,"bu","09:49:52",311900
21.3,-0.35,500,"bu","09:49:17",311700
21.3,-0.35,2000,"bu","09:48:41",311200
21.3,-0.35,600,"bu","09:48:38",309200
21.3,-0.35,1200,"bu","09:48:34",308600
21.3,-0.35,900,"bu","09:48:25",307400
21.2,-0.45,2900,"bu","09:47:52",306500
21.2,-0.45,800,"bu","09:47:35",303600
21.2,-0.45,500,"bu","09:46:51",302800
21.2,-0.45,400,"bu","09:46:10",302300
21.2,-0.45,500,"bu","09:46:07",301900
21.2,-0.45,1600,"bu","09:45:42",301400
21.15,-0.5,3400,"bu","09:45:42",299800
21.15,-0.5,500,"bu","09:45:30",296400
21.1,-0.55,1600,"bu","09:45:19",295900
21.1,-0.55,200,"bu","09:45:16",294300
21.1,-0.55,1200,"bu","09:45:09",294100
21.1,-0.55,900,"bu","09:45:03",292900
21.1,-0.55,700,"bu","09:43:55",292000
21.1,-0.55,900,"bu","09:43:47",291300
21.1,-0.55,200,"bu","09:43:24",290400
21.1,-0.55,200,"bu","09:42:41",290200
21.1,-0.55,1500,"bu","09:42:30",290000
21.1,-0.55,200,"bu","09:42:15",288500
21.1,-0.55,100,"bu","09:41:54",288300
21.1,-0.55,1000,"bu","09:41:50",288200
21.1,-0.55,3100,"sd","09:40:12",287200
21.1,-0.55,8000,"sd","09:40:07",284100
21.15,-0.5,1100,"sd","09:39:29",276100
21.15,-0.5,7800,"sd","09:39:19",275000
21.2,-0.45,2200,"sd","09:39:19",267200
21.3,-0.35,600,"bu","09:38:09",265000
21.25,-0.4,1600,"bu","09:38:09",264400
21.2,-0.45,3000,"bu","09:38:09",262800
21.25,-0.4,1500,"sd","09:36:13",259800
21.4,-0.25,1000,"bu","09:36:09",258300
21.4,-0.25,800,"sd","09:36:01",257300
21.4,-0.25,5200,"bu","09:35:46",256500
21.35,-0.3,8500,"bu","09:35:46",251300
21.3,-0.35,500,"bu","09:35:46",242800
21.25,-0.4,5000,"sd","09:35:37",242300
21.3,-0.35,2600,"sd","09:35:25",237300
21.35,-0.3,10000,"bu","09:35:24",234700
21.3,-0.35,1400,"bu","09:35:11",224700
21.3,-0.35,2000,"bu","09:34:57",223300
21.3,-0.35,6500,"bu","09:34:54",221300
21.25,-0.4,15000,"bu","09:34:27",214800
21.2,-0.45,8500,"bu","09:34:27",199800
21.15,-0.5,3700,"bu","09:34:18",191300
21.15,-0.5,3800,"bu","09:33:21",187600
21.1,-0.55,3800,"bu","09:33:09",183800
21.1,-0.55,5000,"bu","09:33:00",180000
21.05,-0.6,4700,"bu","09:32:49",175000
21.05,-0.6,100,"bu","09:32:42",170300
21.05,-0.6,2000,"bu","09:32:41",170200
21.05,-0.6,7000,"bu","09:32:34",168200
21,-0.65,700,"sd","09:32:25",161200
21.05,-0.6,5000,"bu","09:32:17",160500
21,-0.65,3400,"bu","09:32:08",155500
20.95,-0.7,100,"sd","09:31:27",152100
21,-0.65,1600,"sd","09:30:53",152000
21,-0.65,4900,"bu","09:29:18",150400
20.95,-0.7,4200,"bu","09:29:11",145500
20.95,-0.7,2300,"sd","09:29:06",141300
20.95,-0.7,10000,"sd","09:29:00",139000
20.95,-0.7,300,"sd","09:28:40",129000
21,-0.65,500,"bu","09:27:46",128700
21,-0.65,1000,"bu","09:26:54",128200
21,-0.65,500,"sd","09:26:23",127200
21,-0.65,3900,"sd","09:26:14",126700
21,-0.65,3600,"bu","09:26:02",122800
21,-0.65,100,"bu","09:25:54",119200
21,-0.65,100,"bu","09:25:18",119100
21,-0.65,500,"bu","09:25:11",119000
21,-0.65,3900,"sd","09:23:59",118500
21,-0.65,3300,"sd","09:23:53",114600
21,-0.65,200,"sd","09:23:26",111300
21,-0.65,1200,"bu","09:23:21",111100
21,-0.65,3000,"bu","09:23:18",109900
21,-0.65,100,"bu","09:23:03",106900
21,-0.65,300,"bu","09:22:59",106800
21,-0.65,1000,"bu","09:22:56",106500
21,-0.65,500,"bu","09:22:30",105500
21,-0.65,100,"bu","09:22:21",105000
21,-0.65,4300,"sd","09:21:46",104900
21,-0.65,500,"sd","09:21:30",100600
21,-0.65,200,"sd","09:21:28",100100
21,-0.65,3200,"bu","09:21:13",99900
20.95,-0.7,200,"sd","09:20:30",96700
21,-0.65,200,"bu","09:19:31",96500
21,-0.65,500,"bu","09:18:38",96300
21,-0.65,2000,"bu","09:18:12",95800
21,-0.65,2000,"sd","09:17:58",93800
21,-0.65,2400,"bu","09:17:18",91800
21,-0.65,700,"bu","09:16:32",89400
21,-0.65,7900,"sd","09:15:40",88700
21,-0.65,16500,"sd","09:15:34",80800
21.05,-0.6,100,"bu","09:15:33",64300
21,-0.65,15000,"sd","09:15:26",64200
21.1,-0.55,1500,"sd","09:15:10",49200
21.1,-0.55,47700,"","09:15:09",47700
