"price","change","match_qtty","side","time","total_vol"
46.9,-0.2,200,"sd","14:59:13",257100
46.9,-0.2,500,"sd","14:59:10",256900
46.9,-0.2,500,"sd","14:58:43",256400
46.9,-0.2,500,"sd","14:58:35",255900
46.9,-0.2,300,"sd","14:58:24",255400
46.9,-0.2,4000,"bu","14:56:59",255100
46.9,-0.2,700,"bu","14:56:25",251100
46.8,-0.3,500,"sd","14:55:34",250400
46.8,-0.3,1500,"bu","14:50:34",249900
46.7,-0.4,400,"bu","14:49:57",248400
46.7,-0.4,300,"bu","14:49:40",248000
46.7,-0.4,300,"sd","14:47:08",247700
46.7,-0.4,1900,"bu","14:38:10",247400
46.6,-0.5,100,"sd","14:29:58",245500
46.6,-0.5,300,"sd","14:29:50",245400
46.6,-0.5,100,"sd","14:29:07",245100
46.6,-0.5,200,"sd","14:27:33",245000
46.6,-0.5,500,"sd","14:27:27",244800
46.6,-0.5,500,"bu","14:27:18",244300
46.6,-0.5,100,"bu","14:26:58",243800
46.6,-0.5,2000,"bu","14:26:57",243700
46.6,-0.5,100,"bu","14:26:46",241700
46.6,-0.5,200,"bu","14:26:10",241600
46.6,-0.5,4000,"bu","14:26:09",241400
46.5,-0.6,300,"sd","14:25:06",237400
46.6,-0.5,700,"bu","14:24:29",237100
46.5,-0.6,1000,"sd","14:24:24",236400
46.6,-0.5,1000,"bu","14:24:21",235400
46.5,-0.6,200,"sd","14:23:33",234400
46.5,-0.6,400,"sd","14:23:32",234200
46.5,-0.6,700,"sd","14:22:21",233800
46.5,-0.6,1000,"sd","14:21:51",233100
46.6,-0.5,100,"bu","14:20:55",232100
46.6,-0.5,300,"bu","14:20:52",232000
46.6,-0.5,300,"bu","14:20:46",231700
46.6,-0.5,200,"bu","14:19:33",231400
46.6,-0.5,1000,"bu","14:19:11",231200
46.6,-0.5,1000,"bu","14:18:50",230200
46.6,-0.5,500,"bu","14:16:48",229200
46.6,-0.5,100,"sd","14:16:03",228700
46.6,-0.5,400,"","14:14:04",228600
46.6,-0.5,100,"bu","14:13:29",228200
46.6,-0.5,2000,"bu","14:13:26",228100
46.6,-0.5,200,"bu","14:13:07",226100
46.6,-0.5,1000,"","14:12:00",225900
46.6,-0.5,1000,"sd","14:11:57",224900
46.6,-0.5,3800,"sd","14:11:12",223900
46.6,-0.5,5800,"bu","14:10:39",220100
46.5,-0.6,500,"sd","14:08:20",214300
46.5,-0.6,500,"sd","14:07:57",213800
46.5,-0.6,100,"sd","14:06:40",213300
46.5,-0.6,100,"sd","14:06:15",213200
46.5,-0.6,300,"sd","14:05:20",213100
46.6,-0.5,200,"bu","14:04:05",212800
46.6,-0.5,300,"bu","14:03:42",212600
46.6,-0.5,5000,"bu","14:03:41",212300
46.6,-0.5,1200,"bu","14:02:58",207300
46.5,-0.6,300,"sd","14:02:56",206100
46.6,-0.5,500,"bu","14:02:08",205800
46.5,-0.6,700,"sd","14:01:01",205300
46.5,-0.6,1000,"bu","14:00:57",204600
46.5,-0.6,1000,"bu","14:00:52",203600
46.5,-0.6,100,"bu","14:00:26",202600
46.5,-0.6,100,"bu","14:00:19",202500
46.5,-0.6,600,"bu","14:00:02",202400
46.5,-0.6,900,"bu","13:59:54",201800
46.5,-0.6,400,"bu","13:59:49",200900
46.5,-0.6,100,"bu","13:59:48",200500
46.5,-0.6,2100,"bu","13:59:45",200400
46.5,-0.6,300,"bu","13:59:24",198300
46.5,-0.6,5000,"bu","13:59:22",198000
46.4,-0.7,1000,"sd","13:58:57",193000
46.4,-0.7,10000,"sd","13:57:27",192000
46.4,-0.7,1600,"sd","13:56:23",182000
46.4,-0.7,100,"sd","13:55:42",180400
46.4,-0.7,700,"sd","13:55:37",180300
46.4,-0.7,5000,"sd","13:55:09",179600
46.5,-0.6,100,"bu","13:55:06",174600
46.5,-0.6,100,"bu","13:54:49",174500
46.5,-0.6,2600,"sd","13:54:46",174400
46.5,-0.6,4000,"sd","13:54:21",171800
46.6,-0.5,500,"bu","13:54:09",167800
46.5,-0.6,400,"sd","13:52:52",167300
46.6,-0.5,500,"bu","13:52:17",166900
46.6,-0.5,1000,"bu","13:49:16",166400
46.6,-0.5,100,"bu","13:49:03",165400
46.6,-0.5,100,"bu","13:46:13",165300
46.6,-0.5,1500,"sd","13:46:11",165200
46.6,-0.5,3000,"sd","13:44:59",163700
46.7,-0.4,1200,"sd","13:44:03",160700
46.7,-0.4,500,"sd","13:43:52",159500
46.7,-0.4,200,"sd","13:43:36",159000
46.7,-0.4,300,"bu","13:43:17",158800
46.7,-0.4,200,"sd","13:42:57",158500
46.7,-0.4,500,"sd","13:42:35",158300
46.7,-0.4,4700,"sd","13:42:21",157800
46.7,-0.4,100,"bu","13:41:52",153100
46.6,-0.5,100,"","13:37:26",153000
46.6,-0.5,100,"bu","13:37:19",152900
46.6,-0.5,1600,"bu","13:37:17",152800
46.5,-0.6,800,"sd","13:36:45",151200
46.5,-0.6,200,"bu","13:36:41",150400
46.5,-0.6,1100,"bu","13:36:38",150200
46.5,-0.6,1000,"bu","13:36:34",149100
46.4,-0.7,400,"sd","13:36:24",148100
46.5,-0.6,1000,"bu","13:36:03",147700
46.5,-0.6,200,"bu","13:36:01",146700
46.5,-0.6,100,"bu","13:34:55",146500
46.5,-0.6,2000,"bu","13:34:52",146400
46.4,-0.7,100,"sd","13:32:41",144400
46.4,-0.7,1900,"sd","13:30:48",144300
46.4,-0.7,5300,"sd","13:30:16",142400
46.4,-0.7,6000,"sd","13:28:59",137100
46.4,-0.7,200,"sd","13:27:16",131100
46.5,-0.6,300,"bu","13:27:01",130900
46.5,-0.6,4700,"sd","13:26:58",130600
46.5,-0.6,100,"sd","13:26:25",125900
46.5,-0.6,1000,"sd","13:26:05",125800
46.5,-0.6,200,"sd","13:24:35",124800
46.5,-0.6,6100,"sd","13:24:16",124600
46.6,-0.5,100,"bu","13:24:03",118500
46.5,-0.6,6500,"sd","13:23:45",118400
46.5,-0.6,200,"sd","13:23:29",111900
46.6,-0.5,100,"bu","13:20:25",111700
46.6,-0.5,100,"bu","13:19:00",111600
46.6,-0.5,200,"bu","13:18:55",111500
46.6,-0.5,1600,"bu","13:18:53",111300
46.6,-0.5,200,"bu","13:18:41",109700
46.6,-0.5,200,"bu","13:18:09",109500
46.6,-0.5,400,"bu","13:17:06",109300
46.6,-0.5,400,"bu","13:16:27",108900
46.6,-0.5,100,"bu","13:13:49",108500
46.5,-0.6,100,"sd","13:13:38",108400
46.5,-0.6,2000,"sd","13:13:02",108300
46.5,-0.6,100,"sd","13:13:00",106300
46.5,-0.6,200,"sd","13:12:00",106200
46.6,-0.5,300,"bu","13:10:53",106000
46.6,-0.5,100,"bu","13:09:51",105700
46.6,-0.5,300,"bu","13:09:36",105600
46.6,-0.5,100,"bu","13:09:24",105300
46.5,-0.6,100,"","13:04:31",105200
46.5,-0.6,600,"sd","13:03:26",105100
46.5,-0.6,1000,"sd","13:02:18",104500
46.5,-0.6,300,"sd","13:01:25",103500
46.5,-0.6,300,"sd","13:00:06",103200
46.5,-0.6,3000,"sd","13:00:03",102900
46.5,-0.6,800,"sd","13:00:02",99900
46.5,-0.6,5000,"sd","11:21:18",99100
46.7,-0.4,2900,"sd","11:20:57",94100
46.7,-0.4,300,"bu","11:20:54",91200
46.7,-0.4,1000,"bu","11:20:38",90900
46.7,-0.4,300,"bu","11:20:29",89900
46.7,-0.4,5000,"bu","11:20:26",89600
46.6,-0.5,700,"sd","11:18:28",84600
46.7,-0.4,500,"bu","11:18:26",83900
46.6,-0.5,100,"sd","11:14:34",83400
46.6,-0.5,8700,"sd","11:12:56",83300
46.5,-0.6,1000,"sd","11:06:31",74600
46.5,-0.6,2300,"bu","10:56:59",73600
46.5,-0.6,1000,"bu","10:56:43",71300
46.5,-0.6,100,"bu","10:56:28",70300
46.5,-0.6,500,"bu","10:55:35",70200
46.5,-0.6,200,"","10:50:53",69700
46.5,-0.6,500,"bu","10:49:17",69500
46.5,-0.6,300,"bu","10:48:48",69000
46.5,-0.6,100,"bu","10:48:07",68700
46.5,-0.6,800,"bu","10:48:04",68600
46.5,-0.6,100,"bu","10:46:11",67800
46.5,-0.6,500,"bu","10:44:23",67700
46.5,-0.6,500,"bu","10:43:14",67200
46.5,-0.6,500,"sd","10:42:42",66700
46.5,-0.6,5000,"sd","10:42:41",66200
46.5,-0.6,2300,"sd","10:42:31",61200
46.5,-0.6,200,"sd","10:42:17",58900
46.5,-0.6,1500,"sd","10:42:07",58700
46.5,-0.6,100,"sd","10:42:03",57200
46.5,-0.6,100,"sd","10:41:18",57100
46.5,-0.6,100,"sd","10:41:12",57000
46.5,-0.6,1000,"sd","10:40:58",56900
46.5,-0.6,1000,"sd","10:40:49",55900
46.5,-0.6,1000,"sd","10:40:16",54900
46.5,-0.6,1000,"sd","10:38:49",53900
46.5,-0.6,200,"sd","10:37:28",52900
46.6,-0.5,100,"bu","10:33:41",52700
46.6,-0.5,2800,"bu","10:33:39",52600
46.7,-0.4,2000,"sd","10:25:49",49800
46.8,-0.3,1000,"bu","10:21:44",47800
46.8,-0.3,1200,"bu","10:20:43",46800
46.8,-0.3,200,"bu","10:20:13",45600
46.8,-0.3,100,"bu","10:19:14",45400
46.8,-0.3,100,"sd","10:16:25",45300
46.8,-0.3,600,"bu","10:15:35",45200
46.6,-0.5,1000,"sd","10:14:36",44600
46.6,-0.5,400,"bu","10:12:42",43600
46.6,-0.5,300,"sd","10:12:15",43200
46.6,-0.5,100,"sd","10:12:08",42900
46.6,-0.5,100,"sd","10:11:08",42800
46.6,-0.5,1800,"bu","10:08:52",42700
46.6,-0.5,100,"bu","10:08:03",40900
46.6,-0.5,1500,"sd","10:08:01",40800
46.6,-0.5,500,"bu","10:06:02",39300
46.6,-0.5,300,"bu","10:06:00",38800
46.6,-0.5,500,"bu","10:05:27",38500
46.6,-0.5,100,"bu","10:04:58",38000
46.6,-0.5,100,"bu","10:04:12",37900
46.6,-0.5,100,"bu","10:04:07",37800
46.6,-0.5,200,"bu","10:03:43",37700
46.5,-0.6,300,"sd","10:02:22",37500
46.5,-0.6,100,"sd","10:01:16",37200
46.6,-0.5,200,"bu","10:00:58",37100
46.6,-0.5,100,"bu","10:00:56",36900
46.6,-0.5,1700,"bu","10:00:55",36800
46.6,-0.5,300,"sd","09:59:46",35100
46.7,-0.4,1500,"sd","09:56:37",34800
46.8,-0.3,100,"","09:56:30",33300
46.8,-0.3,400,"bu","09:56:14",33200
46.8,-0.3,100,"bu","09:53:21",32800
46.8,-0.3,100,"bu","09:52:51",32700
46.9,-0.2,1000,"bu","09:51:57",32600
46.9,-0.2,100,"bu","09:51:24",31600
46.7,-0.4,100,"","09:48:13",31500
46.7,-0.4,100,"bu","09:46:57",31400
46.6,-0.5,1300,"bu","09:46:15",31300
46.6,-0.5,100,"bu","09:46:05",30000
46.6,-0.5,2000,"bu","09:46:04",29900
46.6,-0.5,100,"bu","09:45:57",27900
46.6,-0.5,1500,"sd","09:45:55",27800
46.7,-0.4,100,"bu","09:45:49",26300
46.7,-0.4,2000,"bu","09:45:46",26200
46.6,-0.5,100,"","09:43:50",24200
46.6,-0.5,200,"bu","09:43:17",24100
46.6,-0.5,800,"sd","09:41:13",23900
46.6,-0.5,300,"bu","09:38:33",23100
46.6,-0.5,1000,"","09:37:07",22800
46.5,-0.6,200,"sd","09:36:03",21800
46.5,-0.6,500,"sd","09:35:55",21600
46.6,-0.5,100,"sd","09:33:14",21100
46.6,-0.5,1000,"","09:31:46",21000
46.5,-0.6,100,"sd","09:29:02",20000
46.5,-0.6,200,"bu","09:24:44",19900
46.5,-0.6,200,"bu","09:24:42",19700
46.5,-0.6,200,"bu","09:24:40",19500
46.5,-0.6,1000,"bu","09:24:31",19300
46.4,-0.7,500,"sd","09:24:13",18300
46.4,-0.7,1100,"bu","09:23:03",17800
46.4,-0.7,200,"bu","09:22:54",16700
46.4,-0.7,300,"bu","09:22:09",16500
46.4,-0.7,200,"bu","09:21:31",16200
46.4,-0.7,300,"bu","09:20:56",16000
46.4,-0.7,1000,"bu","09:20:55",15700
46.4,-0.7,100,"bu","09:20:31",14700
46.2,-0.9,100,"sd","09:18:22",14600
46.1,-1,300,"sd","09:17:52",14500
46.1,-1,2600,"sd","09:17:19",14200
46.2,-0.9,100,"bu","09:16:38",11600
46.2,-0.9,2300,"bu","09:16:36",11500
46.3,-0.8,100,"sd","09:16:01",9200
46.4,-0.7,200,"bu","09:13:43",9100
46.2,-0.9,300,"sd","09:13:20",8900
46.4,-0.7,1200,"bu","09:13:18",8600
46.2,-0.9,1000,"sd","09:11:51",7400
46.4,-0.7,300,"","09:11:14",6400
46.4,-0.7,700,"bu","09:10:54",6100
46.4,-0.7,400,"sd","09:10:19",5400
46.4,-0.7,100,"sd","09:09:54",5000
46.4,-0.7,400,"sd","09:09:12",4900
46.4,-0.7,300,"sd","09:07:12",4500
46.4,-0.7,100,"bu","09:07:07",4200
46.4,-0.7,400,"bu","09:06:54",4100
46.5,-0.6,600,"","09:04:07",3700
46.5,-0.6,2000,"sd","09:03:38",3100
46.5,-0.6,200,"sd","09:03:17",1100
46.5,-0.6,300,"sd","09:00:43",900
46.5,-0.6,400,"sd","09:00:15",600
47,-0.1,200,"bu","09:00:13",200
