"price","change","match_qtty","side","time","total_vol"
7.3,0.1,10000,"bu","14:59:55",2178500
7.2,0,40500,"sd","14:59:40",2168500
7.3,0.1,3100,"bu","14:59:36",2128000
7.2,0,14000,"sd","14:59:31",2124900
7.3,0.1,3000,"bu","14:58:58",2110900
7.3,0.1,3000,"bu","14:58:47",2107900
7.3,0.1,5000,"bu","14:58:02",2104900
7.3,0.1,3000,"bu","14:58:01",2099900
7.3,0.1,300,"bu","14:57:55",2096900
7.3,0.1,1000,"bu","14:57:49",2096600
7.3,0.1,6000,"bu","14:55:42",2095600
7.3,0.1,5000,"bu","14:55:30",2089600
7.3,0.1,1400,"bu","14:54:20",2084600
7.3,0.1,1000,"bu","14:53:04",2083200
7.3,0.1,200,"bu","14:52:40",2082200
7.2,0,400,"sd","14:52:16",2082000
7.3,0.1,100,"bu","14:52:15",2081600
7.2,0,500,"sd","14:51:03",2081500
7.3,0.1,100,"bu","14:50:26",2081000
7.2,0,20000,"sd","14:47:08",2080900
7.3,0.1,500,"bu","14:45:34",2060900
7.3,0.1,3000,"bu","14:45:06",2060400
7.3,0.1,5500,"bu","14:44:27",2057400
7.3,0.1,5000,"bu","14:44:22",2051900
7.3,0.1,3000,"bu","14:37:58",2046900
7.3,0.1,2000,"bu","14:35:42",2043900
7.2,0,700,"sd","14:34:28",2041900
7.3,0.1,100,"bu","14:33:02",2041200
7.3,0.1,3000,"bu","14:31:45",2041100
7.2,0,5000,"sd","14:31:21",2038100
7.2,0,100,"sd","14:29:24",2033100
7.2,0,100,"sd","14:28:59",2033000
7.2,0,200,"sd","14:28:47",2032900
7.2,0,100,"sd","14:28:42",2032700
7.2,0,600,"sd","14:28:09",2032600
7.2,0,3000,"sd","14:27:44",2032000
7.2,0,1300,"sd","14:26:34",2029000
7.2,0,1200,"sd","14:26:11",2027700
7.2,0,1000,"sd","14:23:50",2026500
7.2,0,3700,"sd","14:23:48",2025500
7.2,0,500,"sd","14:23:45",2021800
7.2,0,14000,"sd","14:23:24",2021300
7.2,0,100,"sd","14:23:08",2007300
7.2,0,600,"sd","14:23:03",2007200
7.2,0,8600,"sd","14:23:02",2006600
7.2,0,9900,"sd","14:22:10",1998000
7.2,0,400,"sd","14:22:09",1988100
7.2,0,300,"sd","14:21:51",1987700
7.2,0,1200,"sd","14:21:42",1987400
7.2,0,3000,"sd","14:20:38",1986200
7.3,0.1,20200,"bu","14:18:59",1983200
7.2,0,500,"sd","14:18:36",1963000
7.3,0.1,100,"bu","14:18:14",1962500
7.3,0.1,100,"bu","14:17:53",1962400
7.3,0.1,500,"bu","14:17:39",1962300
7.3,0.1,1000,"bu","14:16:54",1961800
7.2,0,300,"sd","14:16:20",1960800
7.3,0.1,10000,"bu","14:16:00",1960500
7.3,0.1,1000,"bu","14:15:13",1950500
7.3,0.1,1000,"bu","14:14:05",1949500
7.3,0.1,400,"bu","14:14:01",1948500
7.3,0.1,300,"bu","14:12:54",1948100
7.3,0.1,200,"bu","14:12:05",1947800
7.3,0.1,800,"bu","14:12:04",1947600
7.3,0.1,1400,"bu","14:11:57",1946800
7.3,0.1,30000,"bu","14:11:45",1945400
7.3,0.1,200,"bu","14:11:18",1915400
7.3,0.1,100,"bu","14:11:03",1915200
7.3,0.1,1000,"bu","14:10:34",1915100
7.3,0.1,1000,"bu","14:10:02",1914100
7.3,0.1,6000,"bu","14:09:58",1913100
7.3,0.1,1000,"bu","14:09:57",1907100
7.3,0.1,400,"bu","14:09:00",1906100
7.3,0.1,300,"bu","14:08:45",1905700
7.3,0.1,2600,"bu","14:08:30",1905400
7.3,0.1,100,"bu","14:07:19",1902800
7.3,0.1,200,"bu","14:07:18",1902700
7.3,0.1,800,"bu","14:07:10",1902500
7.3,0.1,1000,"bu","14:07:02",1901700
7.3,0.1,4100,"sd","14:06:58",1900700
7.3,0.1,500,"sd","14:06:57",1896600
7.3,0.1,2000,"sd","14:06:54",1896100
7.3,0.1,2000,"sd","14:06:53",1894100
7.3,0.1,5000,"sd","14:06:45",1892100
7.3,0.1,2900,"sd","14:06:40",1887100
7.3,0.1,1000,"sd","14:06:33",1884200
7.3,0.1,10000,"sd","14:06:25",1883200
7.3,0.1,10000,"sd","14:06:11",1873200
7.3,0.1,1000,"sd","14:05:45",1863200
7.3,0.1,5000,"sd","14:05:08",1862200
7.4,0.2,20000,"bu","14:03:34",1857200
7.3,0.1,100,"sd","14:03:27",1837200
7.4,0.2,5000,"bu","14:03:10",1837100
7.4,0.2,500,"bu","14:03:09",1832100
7.4,0.2,500,"bu","14:02:26",1831600
7.4,0.2,5000,"bu","14:02:25",1831100
7.4,0.2,3000,"bu","14:02:09",1826100
7.4,0.2,5000,"bu","14:02:05",1823100
7.4,0.2,10000,"bu","14:01:34",1818100
7.4,0.2,200,"bu","14:01:30",1808100
7.4,0.2,10000,"bu","14:01:26",1807900
7.3,0.1,6200,"sd","14:01:25",1797900
7.4,0.2,4000,"bu","14:01:06",1791700
7.3,0.1,1000,"sd","14:00:39",1787700
7.3,0.1,1400,"sd","14:00:38",1786700
7.3,0.1,1000,"bu","14:00:35",1785300
7.3,0.1,2000,"bu","14:00:34",1784300
7.3,0.1,30000,"bu","14:00:33",1782300
7.3,0.1,1000,"bu","14:00:32",1752300
7.3,0.1,200,"bu","14:00:31",1751300
7.3,0.1,6500,"bu","14:00:30",1751100
7.3,0.1,15000,"bu","14:00:28",1744600
7.3,0.1,4000,"bu","14:00:27",1729600
7.3,0.1,2000,"bu","14:00:25",1725600
7.3,0.1,300,"bu","14:00:24",1723600
7.3,0.1,300,"bu","14:00:18",1723300
7.3,0.1,20000,"bu","14:00:16",1723000
7.3,0.1,8000,"bu","14:00:14",1703000
7.3,0.1,20000,"bu","14:00:09",1695000
7.3,0.1,100,"bu","14:00:08",1675000
7.3,0.1,5700,"bu","14:00:06",1674900
7.3,0.1,3000,"bu","14:00:03",1669200
7.3,0.1,19600,"bu","13:59:58",1666200
7.3,0.1,2000,"bu","13:59:55",1646600
7.3,0.1,5000,"bu","13:59:48",1644600
7.3,0.1,10000,"bu","13:59:43",1639600
7.3,0.1,200,"bu","13:59:41",1629600
7.3,0.1,500,"bu","13:59:35",1629400
7.3,0.1,2000,"bu","13:59:27",1628900
7.3,0.1,3000,"bu","13:59:18",1626900
7.3,0.1,1400,"bu","13:59:14",1623900
7.3,0.1,2000,"bu","13:59:08",1622500
7.3,0.1,10000,"bu","13:58:49",1620500
7.3,0.1,1000,"bu","13:58:42",1610500
7.3,0.1,500,"bu","13:58:34",1609500
7.3,0.1,6800,"bu","13:57:41",1609000
7.2,0,7000,"sd","13:57:28",1602200
7.3,0.1,6300,"bu","13:56:55",1595200
7.3,0.1,600,"bu","13:55:54",1588900
7.3,0.1,10000,"bu","13:55:30",1588300
7.3,0.1,4000,"bu","13:54:45",1578300
7.3,0.1,6000,"bu","13:53:48",1574300
7.2,0,500,"sd","13:51:51",1568300
7.2,0,1000,"sd","13:51:02",1567800
7.2,0,5000,"sd","13:50:58",1566800
7.2,0,6000,"sd","13:50:13",1561800
7.2,0,3300,"sd","13:47:49",1555800
7.2,0,4000,"bu","13:47:28",1552500
7.2,0,1000,"bu","13:47:16",1548500
7.2,0,100,"bu","13:47:13",1547500
7.2,0,27900,"sd","13:46:55",1547400
7.2,0,3000,"bu","13:46:09",1519500
7.2,0,100,"bu","13:45:53",1516500
7.2,0,5000,"bu","13:45:48",1516400
7.2,0,1900,"bu","13:45:26",1511400
7.2,0,3100,"sd","13:45:18",1509500
7.2,0,1000,"bu","13:45:10",1506400
7.2,0,200,"bu","13:45:04",1505400
7.2,0,2000,"bu","13:44:57",1505200
7.2,0,300,"bu","13:44:56",1503200
7.2,0,100,"bu","13:44:51",1502900
7.2,0,5000,"bu","13:44:48",1502800
7.2,0,1000,"bu","13:44:31",1497800
7.2,0,5000,"bu","13:44:19",1496800
7.2,0,200,"bu","13:44:13",1491800
7.2,0,6600,"bu","13:44:08",1491600
7.2,0,27600,"sd","13:44:05",1485000
7.2,0,500,"sd","13:44:02",1457400
7.2,0,1000,"sd","13:44:01",1456900
7.2,0,21400,"sd","13:43:59",1455900
7.2,0,1000,"sd","13:43:55",1434500
7.2,0,1000,"sd","13:43:53",1433500
7.2,0,20500,"sd","13:43:51",1432500
7.2,0,2000,"sd","13:43:49",1412000
7.2,0,26000,"sd","13:43:35",1410000
7.2,0,500,"sd","13:43:08",1384000
7.2,0,10000,"sd","13:42:00",1383500
7.3,0.1,4000,"bu","13:41:57",1373500
7.3,0.1,10000,"bu","13:41:36",1369500
7.3,0.1,200,"bu","13:41:35",1359500
7.3,0.1,5900,"bu","13:41:03",1359300
7.3,0.1,500,"bu","13:40:07",1353400
7.3,0.1,2000,"bu","13:39:38",1352900
7.2,0,500,"sd","13:39:30",1350900
7.3,0.1,100,"bu","13:39:10",1350400
7.3,0.1,5000,"bu","13:38:55",1350300
7.2,0,30500,"bu","13:38:03",1345300
7.2,0,10000,"bu","13:38:02",1314800
7.2,0,1000,"bu","13:38:00",1304800
7.2,0,7000,"bu","13:37:58",1303800
7.2,0,500,"bu","13:37:57",1296800
7.2,0,10500,"bu","13:37:55",1296300
7.2,0,2000,"bu","13:37:54",1285800
7.2,0,4900,"bu","13:37:53",1283800
7.2,0,5000,"bu","13:37:51",1278900
7.2,0,200,"bu","13:37:49",1273900
7.2,0,5000,"bu","13:37:45",1273700
7.2,0,100,"bu","13:37:44",1268700
7.2,0,30000,"bu","13:37:39",1268600
7.2,0,2500,"bu","13:37:38",1238600
7.2,0,1000,"bu","13:37:34",1236100
7.2,0,10300,"bu","13:37:32",1235100
7.2,0,6000,"bu","13:37:29",1224800
7.2,0,100,"bu","13:37:26",1218800
7.2,0,1000,"bu","13:37:18",1218700
7.2,0,3000,"bu","13:37:11",1217700
7.2,0,300,"bu","13:37:06",1214700
7.2,0,5100,"bu","13:37:05",1214400
7.2,0,3000,"bu","13:37:03",1209300
7.2,0,300,"bu","13:36:57",1206300
7.2,0,15000,"bu","13:36:52",1206000
7.2,0,10000,"bu","13:36:51",1191000
7.2,0,2000,"bu","13:36:47",1181000
7.2,0,2000,"bu","13:36:44",1179000
7.2,0,300,"bu","13:36:37",1177000
7.2,0,300,"bu","13:36:23",1176700
7.2,0,100,"bu","13:34:19",1176400
7.2,0,100,"bu","13:31:53",1176300
7.2,0,100,"bu","13:31:35",1176200
7.2,0,200,"bu","13:29:42",1176100
7.1,-0.1,20000,"sd","13:28:57",1175900
7.1,-0.1,400,"sd","13:27:47",1155900
7.1,-0.1,900,"sd","13:26:47",1155500
7.1,-0.1,30000,"sd","13:25:43",1154600
7.1,-0.1,10000,"sd","13:25:02",1124600
7.1,-0.1,20000,"sd","13:24:34",1114600
7.1,-0.1,15100,"sd","13:23:59",1094600
7.1,-0.1,200,"sd","13:23:49",1079500
7.1,-0.1,200,"sd","13:23:37",1079300
7.1,-0.1,300,"sd","13:23:31",1079100
7.1,-0.1,6000,"sd","13:23:30",1078800
7.1,-0.1,5000,"sd","13:22:42",1072800
7.2,0,4000,"bu","13:20:13",1067800
7.1,-0.1,300,"sd","13:20:12",1063800
7.2,0,2000,"bu","13:19:47",1063500
7.2,0,5000,"bu","13:19:38",1061500
7.2,0,5000,"bu","13:19:19",1056500
7.2,0,5000,"bu","13:18:33",1051500
7.1,-0.1,200,"sd","13:15:26",1046500
7.1,-0.1,5000,"sd","13:13:48",1046300
7.1,-0.1,500,"sd","13:13:08",1041300
7.1,-0.1,2000,"sd","13:12:39",1040800
7.1,-0.1,8800,"sd","13:10:52",1038800
7.1,-0.1,2000,"sd","13:09:44",1030000
7.1,-0.1,200,"sd","13:09:25",1028000
7.2,0,100,"bu","13:09:07",1027800
7.2,0,100,"bu","13:06:41",1027700
7.2,0,800,"bu","13:05:11",1027600
7.1,-0.1,6000,"sd","13:04:57",1026800
7.2,0,100,"bu","13:04:14",1020800
7.2,0,200,"bu","13:00:06",1020700
7.1,-0.1,5000,"sd","13:00:03",1020500
7.1,-0.1,1000,"sd","11:25:45",1015500
7.2,0,1000,"bu","11:25:37",1014500
7.2,0,1000,"bu","11:23:08",1013500
7.2,0,2800,"bu","11:20:04",1012500
7.1,-0.1,8200,"sd","11:16:26",1009700
7.1,-0.1,1000,"bu","11:16:24",1001500
7.1,-0.1,100,"bu","11:16:09",1000500
7.1,-0.1,7100,"bu","11:15:58",1000400
7.1,-0.1,100,"bu","11:13:29",993300
7.1,-0.1,1000,"bu","11:13:27",993200
7.1,-0.1,1000,"bu","11:13:25",992200
7.1,-0.1,4000,"bu","11:13:08",991200
7.1,-0.1,1500,"bu","11:12:44",987200
7.1,-0.1,1000,"bu","11:12:03",985700
7.1,-0.1,1000,"bu","11:11:43",984700
7.1,-0.1,5000,"bu","11:11:36",983700
7.1,-0.1,5000,"bu","11:11:33",978700
7.1,-0.1,1000,"bu","11:11:25",973700
7.1,-0.1,3000,"bu","11:11:17",972700
7.1,-0.1,1000,"bu","11:11:12",969700
7.1,-0.1,10000,"bu","11:10:59",968700
7.1,-0.1,3000,"bu","11:10:53",958700
7.1,-0.1,2000,"bu","11:10:16",955700
7.1,-0.1,5000,"bu","11:10:08",953700
7.1,-0.1,500,"bu","11:09:44",948700
7.1,-0.1,100,"bu","11:09:34",948200
7.1,-0.1,500,"bu","11:09:16",948100
7.1,-0.1,3000,"bu","11:09:12",947600
7.1,-0.1,5000,"bu","11:09:02",944600
7.1,-0.1,300,"bu","11:08:08",939600
7.1,-0.1,100,"bu","11:07:30",939300
7,-0.2,500,"sd","11:06:09",939200
7.1,-0.1,9600,"bu","11:04:32",938700
7,-0.2,500,"sd","11:03:44",929100
7,-0.2,1000,"sd","11:03:01",928600
7.1,-0.1,500,"bu","10:58:31",927600
7.1,-0.1,200,"bu","10:58:07",927100
7.1,-0.1,600,"bu","10:58:01",926900
7.1,-0.1,1000,"bu","10:56:31",926300
7.1,-0.1,1000,"bu","10:55:07",925300
7.1,-0.1,500,"bu","10:53:48",924300
7.1,-0.1,7600,"bu","10:53:27",923800
7.1,-0.1,800,"bu","10:52:58",916200
7,-0.2,4300,"sd","10:52:29",915400
7,-0.2,2000,"sd","10:46:46",911100
7,-0.2,200,"sd","10:40:43",909100
7.1,-0.1,100,"bu","10:39:18",908900
7.1,-0.1,200,"bu","10:37:33",908800
7.1,-0.1,5000,"bu","10:36:50",908600
7.1,-0.1,1100,"bu","10:35:49",903600
7.1,-0.1,3000,"bu","10:35:14",902500
7.1,-0.1,500,"bu","10:35:10",899500
7.1,-0.1,200,"bu","10:34:50",899000
7.1,-0.1,4000,"bu","10:33:48",898800
7.1,-0.1,800,"bu","10:31:57",894800
7.1,-0.1,100,"bu","10:29:00",894000
7.1,-0.1,1000,"bu","10:27:53",893900
7.1,-0.1,100,"bu","10:27:40",892900
7.1,-0.1,5000,"bu","10:27:20",892800
7.1,-0.1,18100,"sd","10:26:38",887800
7.1,-0.1,7000,"sd","10:26:07",869700
7.1,-0.1,1000,"sd","10:26:03",862700
7.1,-0.1,10000,"sd","10:25:30",861700
7.1,-0.1,10000,"sd","10:25:29",851700
7.1,-0.1,1300,"sd","10:25:27",841700
7.1,-0.1,25000,"sd","10:24:53",840400
7.1,-0.1,1000,"sd","10:24:36",815400
7.1,-0.1,2000,"sd","10:24:12",814400
7.2,0,100,"bu","10:21:21",812400
7.2,0,500,"bu","10:19:25",812300
7.1,-0.1,1000,"sd","10:19:00",811800
7.2,0,200,"bu","10:18:19",810800
7.2,0,1000,"bu","10:17:48",810600
7.2,0,1900,"bu","10:17:12",809600
7.1,-0.1,1000,"sd","10:16:32",807700
7.1,-0.1,7000,"bu","10:15:15",806700
7.1,-0.1,1000,"bu","10:15:14",799700
7.1,-0.1,1000,"bu","10:15:12",798700
7.1,-0.1,1300,"bu","10:15:10",797700
7.1,-0.1,2500,"bu","10:15:08",796400
7.1,-0.1,100,"bu","10:15:03",793900
7.1,-0.1,17000,"bu","10:15:02",793800
7.1,-0.1,2900,"bu","10:14:59",776800
7.1,-0.1,1000,"bu","10:14:51",773900
7.1,-0.1,200,"bu","10:14:48",772900
7.1,-0.1,5000,"bu","10:14:43",772700
7.1,-0.1,600,"bu","10:14:41",767700
7.1,-0.1,1000,"bu","10:14:35",767100
7.1,-0.1,2000,"bu","10:14:32",766100
7.1,-0.1,400,"bu","10:14:18",764100
7.1,-0.1,1100,"bu","10:14:17",763700
7.1,-0.1,1000,"bu","10:14:15",762600
7.1,-0.1,9000,"bu","10:14:13",761600
7.1,-0.1,8000,"bu","10:14:12",752600
7.1,-0.1,2000,"bu","10:13:59",744600
7.1,-0.1,300,"bu","10:13:41",742600
7.1,-0.1,10000,"bu","10:13:38",742300
7.1,-0.1,5000,"bu","10:13:30",732300
7.1,-0.1,3000,"bu","10:13:29",727300
7.1,-0.1,100,"bu","10:13:27",724300
7.1,-0.1,5000,"bu","10:13:26",724200
7.1,-0.1,1700,"bu","10:13:25",719200
7.1,-0.1,500,"bu","10:13:14",717500
7.1,-0.1,1000,"bu","10:13:09",717000
7,-0.2,100,"sd","10:12:51",716000
7,-0.2,2100,"sd","10:12:18",715900
7.1,-0.1,100,"bu","10:12:07",713800
7,-0.2,100,"sd","10:11:17",713700
7,-0.2,100,"sd","10:07:06",713600
7.1,-0.1,200,"bu","10:05:04",713500
7.1,-0.1,500,"bu","10:03:22",713300
7,-0.2,100,"sd","10:03:06",712800
7.1,-0.1,800,"bu","10:02:59",712700
7.1,-0.1,2000,"bu","10:01:50",711900
7.1,-0.1,500,"bu","10:01:06",709900
7,-0.2,200,"sd","10:01:05",709400
7.1,-0.1,2000,"bu","10:00:58",709200
7.1,-0.1,200,"bu","10:00:46",707200
7.1,-0.1,1000,"bu","09:59:39",707000
7.1,-0.1,5000,"bu","09:59:25",706000
7.1,-0.1,300,"bu","09:58:52",701000
7.1,-0.1,100,"bu","09:57:48",700700
7.1,-0.1,2000,"bu","09:54:32",700600
7.1,-0.1,500,"bu","09:53:49",698600
7,-0.2,700,"sd","09:53:42",698100
7.1,-0.1,100,"bu","09:52:50",697400
7.1,-0.1,10000,"bu","09:51:58",697300
7.1,-0.1,500,"bu","09:51:42",687300
7.1,-0.1,500,"bu","09:51:22",686800
7.1,-0.1,2700,"bu","09:51:12",686300
7.1,-0.1,5000,"bu","09:51:11",683600
7.1,-0.1,20000,"bu","09:51:08",678600
7.1,-0.1,600,"bu","09:51:00",658600
7.1,-0.1,1000,"bu","09:50:54",658000
7.1,-0.1,2000,"bu","09:50:27",657000
7.1,-0.1,100,"bu","09:50:22",655000
7.1,-0.1,3000,"bu","09:50:14",654900
7.1,-0.1,1100,"bu","09:50:03",651900
7.1,-0.1,100,"bu","09:48:55",650800
7.1,-0.1,200,"bu","09:48:51",650700
7.1,-0.1,500,"bu","09:48:48",650500
7.1,-0.1,300,"bu","09:47:47",650000
7.1,-0.1,2000,"bu","09:47:41",649700
7.1,-0.1,12900,"bu","09:47:19",647700
7,-0.2,100,"sd","09:47:05",634800
7,-0.2,200,"sd","09:46:03",634700
7,-0.2,20000,"sd","09:44:18",634500
7,-0.2,37100,"bu","09:43:25",614500
7,-0.2,10100,"bu","09:43:23",577400
7,-0.2,18700,"bu","09:43:22",567300
7,-0.2,20000,"bu","09:43:20",548600
7,-0.2,1000,"bu","09:43:19",528600
7,-0.2,10000,"bu","09:43:18",527600
7,-0.2,5000,"bu","09:43:15",517600
7,-0.2,10000,"bu","09:43:12",512600
7,-0.2,1500,"bu","09:43:07",502600
7,-0.2,2000,"bu","09:42:59",501100
7,-0.2,100,"bu","09:42:58",499100
7,-0.2,1000,"bu","09:42:48",499000
7,-0.2,5000,"bu","09:42:43",498000
7,-0.2,2000,"bu","09:42:36",493000
7,-0.2,100,"bu","09:42:33",491000
7,-0.2,100,"bu","09:42:26",490900
7,-0.2,200,"bu","09:42:20",490800
7,-0.2,100,"bu","09:42:17",490600
7,-0.2,200,"bu","09:42:06",490500
7,-0.2,3000,"bu","09:42:05",490300
7,-0.2,2500,"bu","09:42:01",487300
7,-0.2,100,"bu","09:41:50",484800
7,-0.2,3000,"bu","09:41:35",484700
7,-0.2,400,"bu","09:41:34",481700
7,-0.2,700,"bu","09:41:25",481300
7,-0.2,100,"bu","09:41:12",480600
7,-0.2,2500,"bu","09:41:00",480500
7,-0.2,1000,"bu","09:40:31",478000
7,-0.2,500,"bu","09:40:29",477000
7,-0.2,500,"bu","09:40:08",476500
7,-0.2,1000,"bu","09:39:57",476000
7,-0.2,200,"bu","09:39:48",475000
7,-0.2,100,"bu","09:39:47",474800
7,-0.2,1300,"bu","09:39:26",474700
6.9,-0.3,1500,"sd","09:38:28",473400
7,-0.2,800,"bu","09:38:27",471900
7,-0.2,200,"bu","09:37:37",471100
7,-0.2,2000,"bu","09:37:32",470900
7,-0.2,500,"bu","09:37:19",468900
7,-0.2,100,"bu","09:36:39",468400
7,-0.2,100,"bu","09:36:34",468300
7,-0.2,500,"bu","09:36:09",468200
7,-0.2,100,"bu","09:35:13",467700
7,-0.2,5000,"bu","09:34:51",467600
7,-0.2,1300,"bu","09:34:28",462600
7,-0.2,200,"bu","09:34:12",461300
7,-0.2,20600,"bu","09:34:06",461100
7,-0.2,1900,"sd","09:34:04",440500
7,-0.2,16000,"sd","09:33:53",438600
7,-0.2,100,"sd","09:33:52",422600
7,-0.2,100,"sd","09:33:47",422500
7,-0.2,8600,"sd","09:33:43",422400
7,-0.2,2000,"sd","09:33:37",413800
7,-0.2,500,"sd","09:33:36",411800
7,-0.2,100,"sd","09:33:17",411300
7,-0.2,2000,"sd","09:32:57",411200
7,-0.2,3000,"sd","09:32:51",409200
7,-0.2,3000,"sd","09:32:35",406200
7,-0.2,2000,"sd","09:32:34",403200
7,-0.2,2000,"sd","09:32:31",401200
7,-0.2,100,"sd","09:31:59",399200
7,-0.2,30000,"sd","09:31:55",399100
7,-0.2,3200,"sd","09:31:42",369100
7,-0.2,30000,"sd","09:31:33",365900
7,-0.2,500,"sd","09:31:15",335900
7.1,-0.1,1000,"bu","09:29:57",335400
7.1,-0.1,9000,"bu","09:28:46",334400
7.1,-0.1,1000,"bu","09:27:46",325400
7.1,-0.1,2000,"bu","09:27:22",324400
7.1,-0.1,2000,"bu","09:27:17",322400
7.1,-0.1,200,"bu","09:27:05",320400
7.1,-0.1,1000,"bu","09:26:43",320200
7,-0.2,200,"sd","09:26:42",319200
7.1,-0.1,300,"bu","09:26:41",319000
7.1,-0.1,2200,"bu","09:26:11",318700
7.1,-0.1,100,"bu","09:25:24",316500
7.1,-0.1,500,"bu","09:24:46",316400
7.1,-0.1,5000,"bu","09:24:02",315900
7.1,-0.1,3000,"bu","09:23:12",310900
7,-0.2,2000,"sd","09:22:37",307900
7.1,-0.1,3100,"bu","09:22:33",305900
7,-0.2,600,"sd","09:22:25",302800
7,-0.2,2000,"sd","09:22:16",302200
7,-0.2,10000,"sd","09:22:03",300200
7,-0.2,1000,"sd","09:21:08",290200
7,-0.2,1100,"sd","09:20:55",289200
7,-0.2,3000,"sd","09:20:44",288100
7,-0.2,2000,"sd","09:20:39",285100
7,-0.2,2000,"sd","09:20:01",283100
7,-0.2,10000,"sd","09:19:52",281100
7,-0.2,1500,"sd","09:19:07",271100
7,-0.2,16000,"sd","09:18:53",269600
7,-0.2,1000,"sd","09:18:22",253600
7,-0.2,2000,"sd","09:18:11",252600
7,-0.2,1000,"sd","09:18:06",250600
7,-0.2,200,"sd","09:18:05",249600
7,-0.2,300,"sd","09:17:55",249400
7,-0.2,100,"bu","09:17:51",249100
7,-0.2,1200,"bu","09:17:44",249000
7,-0.2,100,"bu","09:17:43",247800
7,-0.2,500,"bu","09:17:37",247700
7,-0.2,1000,"bu","09:17:27",247200
7,-0.2,6800,"bu","09:17:26",246200
7,-0.2,5000,"sd","09:17:20",239400
7,-0.2,8000,"sd","09:17:12",234400
7,-0.2,9000,"sd","09:16:43",226400
7,-0.2,1000,"bu","09:16:41",217400
7,-0.2,2000,"bu","09:16:36",216400
7,-0.2,1000,"bu","09:16:34",214400
7,-0.2,2000,"bu","09:16:29",213400
7,-0.2,21000,"bu","09:16:24",211400
7,-0.2,500,"bu","09:16:18",190400
7,-0.2,4000,"bu","09:16:17",189900
7,-0.2,1000,"bu","09:15:43",185900
7,-0.2,100,"bu","09:15:36",184900
7,-0.2,2000,"bu","09:15:21",184800
7,-0.2,500,"bu","09:15:03",182800
7,-0.2,10000,"bu","09:14:53",182300
7,-0.2,900,"bu","09:14:52",172300
7,-0.2,600,"bu","09:14:51",171400
7,-0.2,2500,"bu","09:14:44",170800
7,-0.2,1000,"bu","09:14:43",168300
7,-0.2,500,"bu","09:14:42",167300
7,-0.2,2000,"bu","09:14:23",166800
7,-0.2,100,"bu","09:14:14",164800
7,-0.2,10000,"bu","09:14:12",164700
7,-0.2,500,"bu","09:14:10",154700
7,-0.2,1000,"bu","09:13:54",154200
7,-0.2,100,"bu","09:13:43",153200
7,-0.2,500,"bu","09:12:36",153100
7,-0.2,100,"bu","09:12:06",152600
7,-0.2,5000,"bu","09:10:49",152500
6.9,-0.3,2000,"sd","09:10:47",147500
6.9,-0.3,50000,"sd","09:10:38",145500
7,-0.2,1000,"bu","09:10:28",95500
7,-0.2,400,"bu","09:10:10",94500
7,-0.2,100,"bu","09:09:51",94100
7,-0.2,1000,"bu","09:09:11",94000
7,-0.2,100,"bu","09:09:09",93000
7,-0.2,500,"bu","09:08:53",92900
6.9,-0.3,400,"sd","09:08:51",92400
7,-0.2,100,"bu","09:08:48",92000
6.9,-0.3,200,"sd","09:08:45",91900
7,-0.2,3000,"bu","09:08:41",91700
7,-0.2,100,"bu","09:08:39",88700
7,-0.2,200,"bu","09:07:50",88600
6.9,-0.3,100,"sd","09:07:48",88400
6.9,-0.3,400,"sd","09:06:57",88300
6.9,-0.3,1000,"sd","09:06:47",87900
7,-0.2,500,"bu","09:06:30",86900
7,-0.2,10000,"bu","09:06:11",86400
7,-0.2,200,"bu","09:06:00",76400
7,-0.2,100,"bu","09:05:15",76200
7,-0.2,200,"bu","09:05:12",76100
7,-0.2,500,"bu","09:05:06",75900
7,-0.2,100,"bu","09:04:56",75400
7,-0.2,100,"bu","09:04:48",75300
6.9,-0.3,1000,"sd","09:04:47",75200
7,-0.2,1000,"bu","09:04:44",74200
7,-0.2,100,"bu","09:04:39",73200
7,-0.2,5000,"bu","09:04:33",73100
7,-0.2,10000,"bu","09:04:18",68100
7,-0.2,200,"bu","09:04:09",58100
6.9,-0.3,600,"sd","09:04:08",57900
7,-0.2,10000,"bu","09:03:32",57300
7,-0.2,3000,"bu","09:03:21",47300
7,-0.2,1000,"bu","09:02:59",44300
7,-0.2,200,"bu","09:02:38",43300
7,-0.2,2000,"bu","09:02:34",43100
6.9,-0.3,1000,"sd","09:02:28",41100
7,-0.2,1000,"bu","09:02:04",40100
7,-0.2,800,"bu","09:02:02",39100
6.9,-0.3,6700,"sd","09:02:01",38300
7,-0.2,100,"bu","09:01:42",31600
7,-0.2,300,"bu","09:01:32",31500
7,-0.2,500,"bu","09:01:21",31200
7,-0.2,300,"bu","09:01:05",30700
7,-0.2,12000,"bu","09:00:39",30400
7,-0.2,9000,"sd","09:00:36",18400
7,-0.2,500,"sd","09:00:34",9400
7,-0.2,2200,"sd","09:00:30",8900
7,-0.2,1000,"sd","09:00:23",6700
7,-0.2,1000,"sd","09:00:22",5700
7.1,-0.1,200,"bu","09:00:13",4700
7,-0.2,2000,"sd","09:00:11",4500
7.1,-0.1,200,"bu","09:00:10",2500
7.1,-0.1,1300,"bu","09:00:09",2300
7.1,-0.1,1000,"bu","09:00:04",1000
