"price","change","match_qtty","side","time","total_vol"
31,-0.15,218300,"","14:45:20",4320400
31.05,-0.1,1400,"sd","14:29:57",4102100
31.05,-0.1,5800,"sd","14:29:47",4100700
31,-0.15,200,"sd","14:29:31",4094900
31.2,0.05,18200,"bu","14:29:01",4094700
31.15,0,1000,"bu","14:29:01",4076500
31.05,-0.1,1200,"bu","14:28:50",4075500
31,-0.15,1000,"sd","14:28:50",4074300
31.2,0.05,2800,"bu","14:28:35",4073300
31.15,0,16100,"bu","14:28:35",4070500
31.1,-0.05,800,"bu","14:28:35",4054400
31.05,-0.1,700,"bu","14:28:35",4053600
31,-0.15,5000,"sd","14:28:29",4052900
31.05,-0.1,600,"sd","14:28:16",4047900
31.15,0,10400,"bu","14:28:09",4047300
31.05,-0.1,9700,"bu","14:28:09",4036800
31,-0.15,11400,"sd","14:28:07",4027100
31,-0.15,11500,"bu","14:28:05",4015700
30.95,-0.2,500,"bu","14:28:05",4004200
30.95,-0.2,7500,"sd","14:28:03",4003700
31.05,-0.1,21400,"bu","14:27:42",3996200
31.05,-0.1,16600,"sd","14:27:23",3974800
31.05,-0.1,5800,"sd","14:27:16",3958200
31.15,0,14100,"bu","14:27:14",3952400
31.1,-0.05,6600,"bu","14:27:14",3938300
31.05,-0.1,11400,"sd","14:27:08",3931700
31.1,-0.05,200,"bu","14:26:54",3920300
31.05,-0.1,8100,"sd","14:26:53",3920100
31.2,0.05,14900,"bu","14:26:47",3912000
31.15,0,6000,"bu","14:26:47",3897100
31.05,-0.1,500,"sd","14:26:46",3891100
31.05,-0.1,7900,"sd","14:26:40",3890600
31.15,0,1000,"bu","14:26:39",3882700
31.05,-0.1,5800,"sd","14:26:35",3881700
31.05,-0.1,8400,"sd","14:26:27",3875900
31.05,-0.1,300,"sd","14:26:22",3867500
31.25,0.1,10600,"bu","14:26:20",3867200
31.2,0.05,3700,"bu","14:26:20",3856600
31.05,-0.1,5800,"sd","14:26:14",3845800
31.05,-0.1,100,"sd","14:26:07",3840000
31.05,-0.1,200,"sd","14:26:01",3839900
31.1,-0.05,2900,"sd","14:26:00",3839700
31.2,0.05,21600,"bu","14:25:51",3836800
31.2,0.05,14900,"bu","14:25:38",3815200
31.15,0,5000,"bu","14:25:38",3800300
31.1,-0.05,10100,"bu","14:25:38",3795300
31.05,-0.1,5000,"sd","14:25:36",3785200
31.2,0.05,8600,"bu","14:25:23",3780200
31.15,0,6900,"bu","14:25:23",3771600
31.1,-0.05,4600,"bu","14:25:23",3764700
31.1,-0.05,2800,"sd","14:25:12",3760100
31.1,-0.05,5100,"sd","14:25:00",3757300
31.15,0,20200,"bu","14:24:57",3752200
31.1,-0.05,16100,"bu","14:24:43",3732000
31.05,-0.1,6000,"bu","14:24:41",3715900
30.95,-0.2,300,"bu","14:24:34",3691800
30.95,-0.2,12700,"bu","14:24:31",3691500
30.9,-0.25,800,"bu","14:24:31",3678800
30.85,-0.3,5800,"bu","14:24:31",3678000
30.8,-0.35,1000,"bu","14:24:31",3672200
30.75,-0.4,900,"bu","14:24:31",3671200
30.75,-0.4,14000,"bu","14:24:04",3670300
30.7,-0.45,9600,"bu","14:24:04",3656300
30.65,-0.5,14600,"bu","14:23:52",3646700
30.6,-0.55,500,"sd","14:23:29",3632100
30.65,-0.5,2000,"sd","14:22:45",3631600
30.65,-0.5,2700,"sd","14:22:42",3629600
30.65,-0.5,9900,"sd","14:22:39",3626900
30.65,-0.5,21100,"sd","14:22:33",3617000
30.7,-0.45,200,"bu","14:22:33",3595900
30.7,-0.45,5100,"sd","14:22:27",3595700
30.7,-0.45,7900,"sd","14:22:22",3590600
30.7,-0.45,4600,"sd","14:22:17",3582700
30.7,-0.45,1100,"sd","14:22:09",3578100
30.75,-0.4,4500,"sd","14:22:08",3577000
30.75,-0.4,8100,"sd","14:22:05",3572500
30.75,-0.4,11600,"sd","14:21:56",3564400
30.75,-0.4,2700,"sd","14:21:55",3552800
30.75,-0.4,7300,"sd","14:21:55",3550100
30.75,-0.4,1300,"sd","14:21:51",3542800
30.8,-0.35,6600,"sd","14:21:51",3541500
30.8,-0.35,8900,"sd","14:21:42",3534900
30.85,-0.3,2900,"bu","14:21:40",3526000
30.85,-0.3,100,"bu","14:21:31",3523100
30.85,-0.3,100,"bu","14:21:19",3523000
30.85,-0.3,2300,"sd","14:21:14",3522900
30.85,-0.3,1000,"sd","14:21:00",3520600
30.85,-0.3,1000,"sd","14:20:34",3519600
30.85,-0.3,400,"sd","14:20:33",3518600
30.85,-0.3,5800,"sd","14:20:21",3518200
30.85,-0.3,5800,"sd","14:20:12",3512400
30.85,-0.3,5800,"sd","14:20:04",3506600
30.85,-0.3,7400,"sd","14:20:01",3500800
30.95,-0.2,1000,"bu","14:19:51",3493400
30.85,-0.3,3800,"sd","14:19:49",3492400
30.9,-0.25,4300,"sd","14:19:49",3488600
30.9,-0.25,700,"sd","14:19:48",3484300
30.9,-0.25,100,"sd","14:19:31",3483600
30.9,-0.25,3000,"sd","14:19:14",3483500
30.9,-0.25,500,"sd","14:18:18",3480500
30.9,-0.25,200,"sd","14:18:17",3480000
30.9,-0.25,1000,"sd","14:18:06",3479800
30.9,-0.25,2200,"sd","14:17:47",3478800
30.9,-0.25,2000,"sd","14:17:28",3476600
30.9,-0.25,8000,"bu","14:17:26",3474600
30.9,-0.25,100,"bu","14:17:08",3466600
30.85,-0.3,100,"sd","14:16:42",3466500
30.9,-0.25,1000,"bu","14:16:35",3466400
30.9,-0.25,100,"bu","14:16:33",3465400
30.9,-0.25,200,"sd","14:15:53",3465300
30.95,-0.2,100,"bu","14:15:47",3465100
30.95,-0.2,200,"bu","14:14:44",3465000
30.95,-0.2,1000,"bu","14:14:22",3464800
30.85,-0.3,8000,"sd","14:14:20",3463800
30.85,-0.3,100,"sd","14:14:15",3455800
30.95,-0.2,1000,"bu","14:14:08",3455700
30.95,-0.2,600,"bu","14:14:04",3454700
30.85,-0.3,8100,"sd","14:14:00",3454100
30.85,-0.3,700,"sd","14:13:49",3446000
30.85,-0.3,5800,"sd","14:13:44",3445300
31,-0.15,1000,"bu","14:13:43",3439500
30.85,-0.3,7200,"sd","14:13:37",3438500
31,-0.15,100,"bu","14:13:32",3431300
30.9,-0.25,3900,"sd","14:13:30",3431200
30.95,-0.2,3500,"sd","14:13:30",3427300
31,-0.15,5000,"bu","14:13:12",3423800
31,-0.15,3000,"bu","14:13:11",3418800
31,-0.15,300,"bu","14:13:00",3415800
31,-0.15,600,"sd","14:12:43",3415500
31,-0.15,200,"sd","14:12:40",3414900
31,-0.15,300,"bu","14:12:05",3414700
31,-0.15,500,"bu","14:11:50",3414400
31,-0.15,2200,"sd","14:11:43",3413900
31.05,-0.1,11400,"bu","14:11:37",3411700
31.05,-0.1,100,"bu","14:11:31",3400300
31,-0.15,4100,"bu","14:11:31",3400200
31,-0.15,11400,"bu","14:11:00",3396100
31,-0.15,3700,"bu","14:10:19",3384700
31,-0.15,1000,"bu","14:10:15",3380900
31,-0.15,10300,"bu","14:09:37",3379900
30.95,-0.2,1100,"bu","14:09:37",3369600
30.95,-0.2,900,"sd","14:08:50",3368500
30.95,-0.2,1000,"sd","14:08:34",3367600
30.95,-0.2,100,"sd","14:08:22",3366600
31,-0.15,1200,"bu","14:07:58",3366500
31,-0.15,2100,"sd","14:07:26",3365300
31.05,-0.1,100,"bu","14:06:53",3363200
31,-0.15,5000,"sd","14:06:46",3363100
31.05,-0.1,2200,"sd","14:05:59",3358100
31.05,-0.1,500,"sd","14:05:49",3355900
31.1,-0.05,400,"bu","14:05:14",3355400
31.1,-0.05,1000,"bu","14:04:27",3355000
31.1,-0.05,500,"bu","14:04:09",3354000
31.1,-0.05,10000,"bu","14:03:57",3353500
31.1,-0.05,100,"bu","14:03:37",3343500
31.05,-0.1,1000,"sd","14:03:10",3343400
31.05,-0.1,300,"bu","14:02:58",3342400
31.05,-0.1,100,"bu","14:02:46",3342100
31.1,-0.05,3000,"bu","14:02:43",3342000
31,-0.15,2300,"sd","14:02:10",3339000
31.1,-0.05,4000,"bu","14:02:05",3336700
31.1,-0.05,200,"bu","14:01:50",3332700
31.1,-0.05,500,"bu","14:01:33",3332500
31.1,-0.05,1200,"sd","14:01:29",3332000
31.1,-0.05,500,"sd","14:01:25",3330800
31.15,0,300,"bu","14:01:19",3330300
31.15,0,1100,"sd","14:01:14",3330000
31.15,0,600,"sd","14:00:51",3328900
31.15,0,5000,"sd","14:00:46",3328300
31.15,0,2500,"sd","14:00:43",3323300
31.15,0,5300,"bu","14:00:27",3320800
31.1,-0.05,300,"sd","14:00:23",3315500
31.15,0,200,"bu","14:00:15",3315200
31.15,0,11400,"bu","14:00:13",3315000
31.15,0,900,"bu","14:00:01",3303600
31.15,0,11300,"bu","13:59:57",3302700
31.1,-0.05,100,"bu","13:59:57",3291400
31.1,-0.05,5000,"bu","13:59:56",3291300
31.1,-0.05,10000,"bu","13:59:54",3286300
31.1,-0.05,2900,"bu","13:59:50",3276300
31.05,-0.1,5000,"sd","13:59:50",3273400
31.1,-0.05,500,"bu","13:59:42",3268400
31.1,-0.05,11400,"bu","13:59:41",3267900
31.05,-0.1,14500,"bu","13:59:22",3256500
31,-0.15,500,"bu","13:59:19",3242000
31,-0.15,3600,"bu","13:59:08",3241500
30.85,-0.3,200,"sd","13:59:03",3237900
31,-0.15,5000,"bu","13:58:53",3237700
31,-0.15,11400,"bu","13:58:52",3232700
31,-0.15,8900,"bu","13:58:45",3221300
31,-0.15,11400,"bu","13:58:41",3212400
31,-0.15,4200,"bu","13:58:38",3201000
31,-0.15,8300,"bu","13:58:34",3196800
31,-0.15,9700,"bu","13:58:29",3188500
31,-0.15,5200,"bu","13:58:27",3178800
31,-0.15,7200,"bu","13:58:23",3173600
31,-0.15,1300,"bu","13:58:20",3166400
30.95,-0.2,2900,"bu","13:58:20",3165100
30.95,-0.2,7700,"bu","13:58:12",3162200
30.95,-0.2,500,"bu","13:57:58",3154500
30.95,-0.2,11400,"bu","13:57:44",3154000
30.95,-0.2,3500,"bu","13:57:42",3142600
30.95,-0.2,1300,"bu","13:57:39",3139100
30.9,-0.25,6000,"bu","13:57:39",3137800
30.9,-0.25,3800,"bu","13:57:37",3131800
30.9,-0.25,100,"bu","13:57:34",3128000
30.9,-0.25,11400,"bu","13:57:29",3127900
30.9,-0.25,7200,"bu","13:57:26",3116500
30.85,-0.3,500,"sd","13:57:16",3109300
30.9,-0.25,3300,"bu","13:56:59",3108800
30.85,-0.3,3700,"bu","13:56:54",3105500
30.85,-0.3,2900,"bu","13:56:43",3101800
30.85,-0.3,100,"bu","13:56:27",3098900
30.8,-0.35,100,"sd","13:56:21",3098800
30.85,-0.3,3300,"bu","13:56:18",3098700
30.8,-0.35,400,"sd","13:56:11",3095400
30.8,-0.35,100,"sd","13:56:06",3095000
30.85,-0.3,3400,"bu","13:55:38",3094900
30.85,-0.3,200,"bu","13:55:27",3091500
30.85,-0.3,1000,"bu","13:55:17",3091300
30.8,-0.35,400,"sd","13:55:15",3090300
30.85,-0.3,900,"bu","13:55:13",3089900
30.85,-0.3,200,"bu","13:55:05",3089000
30.85,-0.3,3500,"bu","13:54:57",3088800
30.85,-0.3,200,"bu","13:54:53",3085300
30.85,-0.3,3800,"bu","13:54:14",3085100
30.85,-0.3,800,"bu","13:54:00",3081300
30.8,-0.35,200,"sd","13:53:46",3080500
30.8,-0.35,400,"sd","13:53:44",3080300
30.9,-0.25,100,"bu","13:53:34",3079900
30.9,-0.25,3500,"bu","13:53:27",3079800
30.8,-0.35,300,"sd","13:52:58",3076300
30.9,-0.25,3600,"bu","13:52:45",3076000
30.8,-0.35,400,"sd","13:52:11",3072400
30.9,-0.25,500,"bu","13:52:00",3072000
30.85,-0.3,3000,"bu","13:52:00",3071500
30.85,-0.3,2800,"sd","13:51:59",3068500
30.85,-0.3,400,"sd","13:51:23",3065700
30.9,-0.25,3600,"bu","13:51:18",3065300
30.9,-0.25,100,"bu","13:51:16",3061700
30.85,-0.3,200,"sd","13:51:12",3061600
30.85,-0.3,300,"sd","13:50:40",3061400
30.9,-0.25,3400,"bu","13:50:33",3061100
30.85,-0.3,5800,"sd","13:50:24",3057700
30.85,-0.3,1000,"sd","13:50:18",3051900
30.85,-0.3,400,"sd","13:49:56",3050900
30.9,-0.25,3300,"bu","13:49:52",3050500
30.9,-0.25,400,"bu","13:49:32",3047200
30.95,-0.2,1300,"bu","13:49:11",3046800
30.85,-0.3,300,"sd","13:49:06",3041900
30.9,-0.25,3400,"bu","13:48:30",3041600
30.85,-0.3,400,"sd","13:48:22",3038200
30.9,-0.25,3300,"bu","13:47:49",3037800
30.85,-0.3,300,"sd","13:47:38",3034500
30.95,-0.2,3400,"bu","13:47:08",3034200
30.85,-0.3,400,"bu","13:47:08",3030800
30.95,-0.2,4700,"bu","13:46:58",3030400
30.9,-0.25,10000,"bu","13:46:58",3025700
30.85,-0.3,900,"bu","13:46:58",3015700
30.85,-0.3,3500,"sd","13:46:44",3014800
30.95,-0.2,3300,"bu","13:46:27",3011300
30.9,-0.25,100,"bu","13:46:27",3008000
30.9,-0.25,100,"bu","13:46:23",3007900
30.85,-0.3,300,"sd","13:46:08",3007800
30.9,-0.25,3400,"bu","13:45:45",3007500
30.9,-0.25,400,"bu","13:45:19",3004100
30.9,-0.25,8100,"bu","13:45:16",3003700
30.9,-0.25,6900,"bu","13:45:07",2995600
30.85,-0.3,100,"bu","13:45:07",2988700
30.85,-0.3,3500,"bu","13:45:04",2988600
30.85,-0.3,7000,"bu","13:45:02",2985100
30.85,-0.3,2200,"bu","13:45:00",2978100
30.85,-0.3,4800,"bu","13:44:46",2975900
30.85,-0.3,3800,"bu","13:44:38",2971100
30.85,-0.3,8100,"bu","13:44:37",2967300
30.8,-0.35,400,"sd","13:44:36",2959200
30.85,-0.3,500,"bu","13:44:23",2958800
30.8,-0.35,30000,"sd","13:44:18",2958300
30.8,-0.35,400,"sd","13:43:50",2928300
30.85,-0.3,3300,"bu","13:43:39",2927900
30.8,-0.35,400,"sd","13:43:02",2924600
30.85,-0.3,3500,"bu","13:42:58",2924200
30.85,-0.3,2400,"bu","13:42:47",2920700
30.85,-0.3,3400,"bu","13:42:16",2918300
30.8,-0.35,300,"sd","13:42:08",2914900
30.85,-0.3,3300,"bu","13:41:34",2914600
30.8,-0.35,400,"sd","13:41:23",2911300
30.85,-0.3,200,"bu","13:41:16",2910900
30.85,-0.3,500,"bu","13:41:00",2910700
30.85,-0.3,4600,"bu","13:40:53",2910200
30.85,-0.3,10900,"sd","13:40:48",2905600
30.85,-0.3,400,"sd","13:40:39",2894700
30.9,-0.25,2400,"bu","13:40:32",2894300
30.9,-0.25,3400,"bu","13:40:11",2891900
30.85,-0.3,19700,"bu","13:39:56",2888500
30.85,-0.3,1000,"bu","13:39:52",2868800
30.85,-0.3,10300,"bu","13:39:43",2867800
30.85,-0.3,2500,"bu","13:39:30",2857500
30.8,-0.35,900,"bu","13:39:30",2855000
30.8,-0.35,4000,"bu","13:39:22",2853100
30.8,-0.35,1000,"bu","13:39:17",2849100
30.8,-0.35,1900,"bu","13:39:16",2848100
30.8,-0.35,100,"bu","13:39:02",2846200
30.8,-0.35,100000,"bu","13:39:01",2846100
30.8,-0.35,1000,"bu","13:38:50",2746100
30.75,-0.4,400,"sd","13:38:48",2745100
30.8,-0.35,3700,"bu","13:38:47",2744700
30.8,-0.35,500,"bu","13:38:43",2741000
30.75,-0.4,15000,"sd","13:38:29",2740500
30.8,-0.35,200,"bu","13:38:24",2725500
30.8,-0.35,100,"bu","13:38:10",2725300
30.8,-0.35,500,"bu","13:38:10",2725200
30.75,-0.4,400,"sd","13:38:05",2724700
30.8,-0.35,3500,"bu","13:38:03",2724300
30.8,-0.35,200,"bu","13:38:02",2720800
30.8,-0.35,1300,"bu","13:37:58",2720600
30.8,-0.35,100,"bu","13:37:49",2719300
30.8,-0.35,100,"bu","13:37:43",2719200
30.8,-0.35,11400,"bu","13:37:21",2719100
30.8,-0.35,3700,"bu","13:37:20",2707700
30.75,-0.4,900,"bu","13:37:03",2704000
30.75,-0.4,300,"bu","13:36:59",2703100
30.75,-0.4,10000,"bu","13:36:54",2702800
30.75,-0.4,20000,"bu","13:36:47",2692800
30.75,-0.4,11400,"bu","13:36:45",2672800
30.75,-0.4,3400,"bu","13:36:35",2661400
30.7,-0.45,10400,"bu","13:36:25",2658000
30.7,-0.45,11400,"bu","13:36:24",2647600
30.7,-0.45,1100,"bu","13:36:15",2636200
30.7,-0.45,5000,"bu","13:36:14",2635100
30.7,-0.45,7000,"bu","13:36:11",2630100
30.7,-0.45,300,"bu","13:36:10",2623100
30.7,-0.45,12200,"bu","13:36:10",2622800
30.7,-0.45,3600,"bu","13:36:06",2610600
30.65,-0.5,600,"bu","13:36:06",2607000
30.65,-0.5,4000,"bu","13:36:02",2606400
30.65,-0.5,11400,"bu","13:36:01",2602400
30.65,-0.5,1000,"bu","13:35:59",2591000
30.65,-0.5,8200,"bu","13:35:58",2590000
30.65,-0.5,3800,"bu","13:35:57",2581800
30.65,-0.5,3400,"bu","13:35:53",2578000
30.6,-0.55,900,"sd","13:35:50",2574600
30.65,-0.5,4200,"bu","13:35:49",2573700
30.65,-0.5,8800,"bu","13:35:48",2569500
30.65,-0.5,11400,"bu","13:35:47",2560700
30.6,-0.55,800,"sd","13:35:41",2549300
30.6,-0.55,1700,"bu","13:35:39",2548500
30.6,-0.55,7000,"bu","13:35:38",2546800
30.6,-0.55,7400,"bu","13:35:31",2539800
30.55,-0.6,1100,"sd","13:35:30",2532400
30.6,-0.55,3800,"bu","13:35:24",2531300
30.6,-0.55,18900,"bu","13:35:20",2527500
30.55,-0.6,100,"sd","13:35:20",2508600
30.6,-0.55,3500,"bu","13:35:11",2508500
30.55,-0.6,300,"sd","13:35:10",2505000
30.6,-0.55,200,"bu","13:35:06",2504700
30.6,-0.55,1000,"bu","13:35:05",2504500
30.6,-0.55,6500,"bu","13:35:02",2503500
30.55,-0.6,300,"sd","13:34:54",2497000
30.6,-0.55,1000,"bu","13:34:49",2496700
30.65,-0.5,1000,"bu","13:34:33",2495700
30.55,-0.6,100,"sd","13:34:20",2494700
30.6,-0.55,1400,"sd","13:34:20",2494600
30.6,-0.55,600,"bu","13:34:19",2493200
30.55,-0.6,400,"sd","13:34:13",2492600
30.6,-0.55,29700,"sd","13:34:10",2492200
30.6,-0.55,500,"sd","13:33:51",2462500
30.6,-0.55,100,"sd","13:33:50",2462000
30.65,-0.5,3500,"bu","13:33:47",2461900
30.6,-0.55,100,"sd","13:33:33",2458400
30.6,-0.55,300,"sd","13:33:28",2458300
30.6,-0.55,1000,"sd","13:33:25",2458000
30.6,-0.55,100,"sd","13:33:10",2457000
30.65,-0.5,3500,"bu","13:33:04",2456900
30.6,-0.55,400,"sd","13:32:30",2453400
30.6,-0.55,4000,"bu","13:32:22",2453000
30.6,-0.55,3400,"bu","13:32:21",2449000
30.6,-0.55,2000,"bu","13:32:21",2445600
30.6,-0.55,1400,"bu","13:32:18",2443300
30.6,-0.55,5000,"bu","13:32:15",2441900
30.55,-0.6,1100,"sd","13:32:10",2436900
30.6,-0.55,3000,"bu","13:32:04",2435800
30.55,-0.6,400,"sd","13:32:01",2432800
30.6,-0.55,20200,"bu","13:32:01",2432400
30.55,-0.6,100,"sd","13:31:50",2412200
30.6,-0.55,200,"bu","13:31:41",2412100
30.6,-0.55,3400,"bu","13:31:40",2411900
30.55,-0.6,100,"sd","13:31:40",2408500
30.6,-0.55,3000,"bu","13:31:35",2408400
30.55,-0.6,100,"sd","13:31:34",2405400
30.55,-0.6,400,"sd","13:31:14",2405300
30.6,-0.55,1000,"bu","13:31:06",2404900
30.55,-0.6,100,"sd","13:31:00",2403900
30.6,-0.55,3400,"bu","13:30:58",2403800
30.55,-0.6,500,"sd","13:30:31",2400400
30.55,-0.6,200,"sd","13:30:20",2399900
30.6,-0.55,3600,"bu","13:30:16",2399700
30.6,-0.55,500,"bu","13:30:15",2396100
30.6,-0.55,100,"bu","13:30:14",2395600
30.6,-0.55,100,"bu","13:29:51",2395500
30.55,-0.6,500,"sd","13:29:50",2395400
30.55,-0.6,300,"sd","13:29:47",2394200
30.6,-0.55,4000,"bu","13:29:46",2393900
30.6,-0.55,5000,"bu","13:29:41",2389900
30.55,-0.6,100,"sd","13:29:40",2384900
30.6,-0.55,3400,"bu","13:29:33",2384800
30.55,-0.6,500,"sd","13:29:19",2381400
30.55,-0.6,400,"sd","13:29:02",2380900
30.6,-0.55,200,"bu","13:29:01",2380500
30.55,-0.6,100,"sd","13:29:00",2380300
30.6,-0.55,3400,"bu","13:28:53",2380200
30.6,-0.55,100,"bu","13:28:44",2376800
30.6,-0.55,1000,"bu","13:28:21",2376700
30.55,-0.6,200,"sd","13:28:20",2375700
30.55,-0.6,400,"sd","13:28:19",2375500
30.6,-0.55,500,"bu","13:28:13",2375100
30.6,-0.55,3400,"bu","13:28:10",2374600
30.6,-0.55,100,"bu","13:28:02",2371200
30.55,-0.6,200,"sd","13:27:30",2371100
30.55,-0.6,400,"sd","13:27:29",2370900
30.6,-0.55,3500,"bu","13:27:29",2370500
30.6,-0.55,2000,"bu","13:27:20",2367000
30.6,-0.55,100,"bu","13:26:55",2365000
30.55,-0.6,200,"sd","13:26:50",2364900
30.6,-0.55,3700,"bu","13:26:46",2364700
30.55,-0.6,300,"sd","13:26:40",2361000
30.55,-0.6,100,"sd","13:26:10",2360700
30.6,-0.55,3600,"bu","13:26:01",2360600
30.55,-0.6,400,"sd","13:25:55",2357000
30.55,-0.6,100,"sd","13:25:49",2356600
30.6,-0.55,400,"bu","13:25:33",2356500
30.6,-0.55,200,"bu","13:25:24",2356100
30.55,-0.6,200,"sd","13:25:20",2355900
30.6,-0.55,400,"bu","13:25:19",2355700
30.6,-0.55,3400,"bu","13:25:16",2355300
30.55,-0.6,300,"sd","13:25:13",2351900
30.6,-0.55,1300,"sd","13:25:05",2351600
30.55,-0.6,600,"sd","13:24:50",2350300
30.6,-0.55,400,"sd","13:24:50",2349700
30.55,-0.6,100,"sd","13:24:40",2349300
30.6,-0.55,400,"bu","13:24:37",2328800
30.6,-0.55,3500,"bu","13:24:37",2328400
30.6,-0.55,1000,"bu","13:24:28",2324900
30.6,-0.55,100,"bu","13:24:26",2323900
30.55,-0.6,400,"sd","13:24:23",2323800
30.6,-0.55,200,"bu","13:24:14",2323400
30.55,-0.6,200,"sd","13:24:00",2323200
30.6,-0.55,500,"bu","13:23:57",2323000
30.6,-0.55,100,"bu","13:23:54",2322500
30.6,-0.55,3600,"bu","13:23:52",2322400
30.6,-0.55,100,"bu","13:23:51",2318800
30.55,-0.6,500,"sd","13:23:50",2318700
30.6,-0.55,11400,"bu","13:23:43",2318200
30.55,-0.6,400,"sd","13:23:35",2306800
30.55,-0.6,200,"sd","13:23:30",2306400
30.6,-0.55,600,"bu","13:23:25",2306200
30.55,-0.6,400,"sd","13:23:20",2305600
30.6,-0.55,7700,"bu","13:23:16",2301400
30.55,-0.6,700,"sd","13:23:10",2293700
30.6,-0.55,3400,"bu","13:23:08",2293000
30.6,-0.55,300,"bu","13:23:03",2289600
30.6,-0.55,11900,"bu","13:23:02",2289300
30.6,-0.55,1000,"bu","13:22:50",2277400
30.55,-0.6,200,"sd","13:22:50",2276400
30.55,-0.6,300,"sd","13:22:49",2276200
30.6,-0.55,4500,"bu","13:22:47",2275900
30.55,-0.6,100,"sd","13:22:30",2271400
30.6,-0.55,3400,"bu","13:22:27",2271300
30.55,-0.6,200,"sd","13:22:20",2267900
30.55,-0.6,5000,"sd","13:22:17",2267700
30.55,-0.6,400,"sd","13:22:03",2262700
30.55,-0.6,200,"sd","13:21:50",2262300
30.55,-0.6,4600,"sd","13:21:40",2262100
30.6,-0.55,82900,"sd","13:21:35",2257500
30.6,-0.55,10000,"sd","13:21:30",2174600
30.6,-0.55,200,"sd","13:21:20",2164600
30.6,-0.55,300,"sd","13:21:19",2164400
30.65,-0.5,5000,"bu","13:21:17",2164100
30.6,-0.55,200,"sd","13:21:10",2159100
30.65,-0.5,3500,"bu","13:21:03",2158900
30.6,-0.55,500,"sd","13:21:00",2155400
30.6,-0.55,10000,"sd","13:20:52",2154900
30.6,-0.55,400,"sd","13:20:35",2144900
30.65,-0.5,500,"bu","13:20:34",2144500
30.65,-0.5,100,"bu","13:20:33",2144000
30.65,-0.5,200,"bu","13:20:31",2143900
30.6,-0.55,400,"sd","13:20:30",2143700
30.65,-0.5,1400,"bu","13:20:23",2143300
30.65,-0.5,8500,"bu","13:20:21",2141900
30.65,-0.5,1000,"bu","13:20:19",2133400
30.65,-0.5,100,"bu","13:20:07",2132400
30.65,-0.5,200,"bu","13:19:57",2132300
30.6,-0.55,400,"sd","13:19:43",2132100
30.6,-0.55,200,"sd","13:19:40",2131700
30.6,-0.55,500,"sd","13:19:39",2131500
30.65,-0.5,3400,"bu","13:19:38",2131000
30.6,-0.55,200,"sd","13:19:30",2127600
30.65,-0.5,200,"bu","13:19:29",2127400
30.65,-0.5,3000,"bu","13:19:29",2127200
30.65,-0.5,800,"bu","13:19:25",2124200
30.6,-0.55,400,"sd","13:19:02",2123400
30.65,-0.5,500,"bu","13:19:01",2123000
30.6,-0.55,100,"sd","13:19:00",2122500
30.65,-0.5,3400,"bu","13:18:57",2122400
30.65,-0.5,100,"bu","13:18:36",2119000
30.65,-0.5,900,"bu","13:18:35",2118900
30.65,-0.5,100,"bu","13:18:32",2118000
30.6,-0.55,100,"sd","13:18:20",2117900
30.65,-0.5,3500,"bu","13:18:15",2117800
30.6,-0.55,300,"sd","13:18:08",2114300
30.65,-0.5,100,"bu","13:17:49",2114000
30.65,-0.5,1000,"bu","13:17:43",2113900
30.6,-0.55,700,"sd","13:17:40",2112900
30.65,-0.5,10100,"bu","13:17:37",2112200
30.65,-0.5,4000,"bu","13:17:32",2102100
30.6,-0.55,100,"sd","13:17:31",2098100
30.65,-0.5,2000,"bu","13:17:26",2098000
30.65,-0.5,100,"bu","13:17:15",2096000
30.7,-0.45,3600,"bu","13:16:51",2095900
30.6,-0.55,800,"sd","13:16:50",2092300
30.65,-0.5,100,"sd","13:16:50",2091500
30.65,-0.5,18100,"bu","13:16:41",2091400
30.6,-0.55,500,"sd","13:16:40",2073300
30.65,-0.5,10000,"bu","13:16:36",2072800
30.6,-0.55,400,"sd","13:16:35",2062800
30.65,-0.5,100,"bu","13:16:26",2062400
30.65,-0.5,200,"bu","13:16:12",2062300
30.6,-0.55,100,"sd","13:16:10",2062100
30.65,-0.5,3600,"bu","13:16:07",2062000
30.65,-0.5,1000,"bu","13:15:55",2058400
30.6,-0.55,100,"sd","13:15:50",2057400
30.65,-0.5,500,"bu","13:15:50",2057300
30.65,-0.5,100,"bu","13:15:49",2056800
30.6,-0.55,100,"sd","13:15:49",2056700
30.6,-0.55,300,"sd","13:15:48",2056600
30.65,-0.5,2000,"bu","13:15:42",2056300
30.65,-0.5,100,"bu","13:15:38",2054300
30.65,-0.5,200,"bu","13:15:37",2054200
30.6,-0.55,400,"sd","13:15:30",2054000
30.65,-0.5,100,"bu","13:15:27",2053600
30.65,-0.5,5000,"bu","13:15:26",2053500
30.65,-0.5,3500,"bu","13:15:23",2048500
30.65,-0.5,1200,"sd","13:15:17",2045000
30.65,-0.5,500,"sd","13:15:09",2043800
30.65,-0.5,100,"sd","13:15:00",2043300
30.7,-0.45,200,"bu","13:14:54",2043200
30.65,-0.5,2000,"sd","13:14:51",2043000
30.7,-0.45,2800,"bu","13:14:43",2040900
30.65,-0.5,500,"bu","13:14:43",2038100
30.7,-0.45,5900,"bu","13:14:38",2037600
30.65,-0.5,5500,"bu","13:14:38",2031700
30.65,-0.5,100,"bu","13:14:36",2026200
30.65,-0.5,100,"bu","13:14:25",2026100
30.6,-0.55,300,"sd","13:14:18",2026000
30.7,-0.45,5400,"bu","13:14:08",2025700
30.65,-0.5,6000,"bu","13:14:08",2020300
30.65,-0.5,3400,"bu","13:14:01",2014300
30.6,-0.55,500,"sd","13:14:00",2010900
30.65,-0.5,10600,"sd","13:13:58",2010400
30.65,-0.5,100,"sd","13:13:40",1999800
30.65,-0.5,3000,"sd","13:13:35",1999700
30.65,-0.5,400,"sd","13:13:34",1996700
30.65,-0.5,100,"sd","13:13:30",1996300
30.65,-0.5,500,"sd","13:13:20",1996200
30.7,-0.45,3300,"bu","13:13:20",1995700
30.65,-0.5,10000,"sd","13:13:19",1992400
30.65,-0.5,300,"sd","13:12:59",1982400
30.65,-0.5,400,"sd","13:12:48",1982100
30.65,-0.5,100,"sd","13:12:30",1981700
30.7,-0.45,500,"bu","13:12:27",1981600
30.65,-0.5,1000,"sd","13:12:20",1979100
30.65,-0.5,900,"sd","13:12:16",1978100
30.65,-0.5,20000,"sd","13:12:11",1977200
30.65,-0.5,100,"sd","13:12:10",1957200
30.65,-0.5,2000,"sd","13:12:04",1957100
30.65,-0.5,400,"sd","13:12:03",1955100
30.65,-0.5,100,"sd","13:12:00",1954700
30.7,-0.45,3400,"bu","13:11:55",1954600
30.65,-0.5,500,"sd","13:11:50",1951200
30.65,-0.5,10000,"sd","13:11:45",1950700
30.65,-0.5,100,"bu","13:11:21",1940700
30.7,-0.45,800,"bu","13:11:13",1940600
30.65,-0.5,2700,"bu","13:11:13",1939800
30.6,-0.55,100,"sd","13:10:40",1937100
30.6,-0.55,100,"sd","13:10:40",1937000
30.65,-0.5,3400,"bu","13:10:31",1936900
30.6,-0.55,1000,"sd","13:10:30",1933500
30.6,-0.55,400,"sd","13:10:26",1932500
30.65,-0.5,20000,"bu","13:10:25",1932100
30.6,-0.55,300,"sd","13:10:21",1912100
30.65,-0.5,1600,"sd","13:10:19",1911800
30.65,-0.5,5000,"bu","13:10:11",1910200
30.6,-0.55,200,"sd","13:10:10",1905200
30.65,-0.5,5000,"bu","13:10:08",1905000
30.6,-0.55,500,"sd","13:09:50",1900000
30.65,-0.5,10100,"bu","13:09:49",1899500
30.65,-0.5,1000,"bu","13:09:44",1889400
30.65,-0.5,600,"bu","13:09:43",1888400
30.6,-0.55,300,"sd","13:09:38",1887800
30.65,-0.5,400,"bu","13:09:34",1887500
30.65,-0.5,900,"sd","13:09:33",1887100
30.65,-0.5,900,"sd","13:09:20",1886200
30.65,-0.5,8200,"bu","13:09:17",1885300
30.65,-0.5,10000,"bu","13:09:11",1877100
30.65,-0.5,400,"bu","13:09:10",1867100
30.65,-0.5,400,"bu","13:09:08",1866700
30.6,-0.55,300,"sd","13:09:00",1866300
30.65,-0.5,6000,"sd","13:08:59",1866000
30.65,-0.5,400,"sd","13:08:54",1860000
30.65,-0.5,200,"sd","13:08:30",1859600
30.65,-0.5,4000,"bu","13:08:29",1859400
30.6,-0.55,1100,"sd","13:08:20",1855400
30.65,-0.5,22100,"sd","13:08:14",1854300
30.65,-0.5,400,"sd","13:08:08",1832200
30.65,-0.5,100,"sd","13:07:42",1831800
30.65,-0.5,1000,"sd","13:07:40",1831700
30.65,-0.5,20000,"sd","13:07:32",1830700
30.65,-0.5,200,"sd","13:07:20",1810700
30.65,-0.5,300,"sd","13:07:16",1810500
30.7,-0.45,5000,"bu","13:07:14",1810200
30.65,-0.5,100,"sd","13:07:00",1805200
30.7,-0.45,3300,"bu","13:06:56",1805100
30.7,-0.45,100,"bu","13:06:46",1801800
30.7,-0.45,100,"bu","13:06:43",1801700
30.65,-0.5,400,"sd","13:06:33",1801600
30.7,-0.45,100,"bu","13:06:25",1801200
30.7,-0.45,1400,"bu","13:06:24",1801100
30.7,-0.45,400,"bu","13:06:13",1799700
30.7,-0.45,500,"bu","13:05:53",1799300
30.65,-0.5,400,"sd","13:05:50",1798800
30.7,-0.45,7600,"sd","13:05:47",1798400
30.75,-0.4,400,"bu","13:05:43",1790800
30.75,-0.4,300,"bu","13:05:40",1790400
30.7,-0.45,500,"sd","13:05:20",1790100
30.7,-0.45,10000,"sd","13:05:10",1789600
30.7,-0.45,300,"sd","13:05:02",1779600
30.7,-0.45,100,"bu","13:04:46",1779300
30.7,-0.45,100,"bu","13:04:29",1779200
30.7,-0.45,200,"bu","13:04:24",1779100
30.7,-0.45,100,"bu","13:04:23",1778900
30.75,-0.4,10400,"bu","13:04:17",1778800
30.7,-0.45,1000,"bu","13:04:17",1768400
30.65,-0.5,200,"sd","13:04:16",1767400
30.75,-0.4,100,"bu","13:03:54",1767200
30.75,-0.4,1600,"bu","13:03:52",1767100
30.7,-0.45,9800,"bu","13:03:52",1765500
30.7,-0.45,200,"bu","13:03:50",1755700
30.65,-0.5,600,"sd","13:03:50",1755500
30.7,-0.45,300,"bu","13:03:45",1754900
30.65,-0.5,300,"sd","13:03:41",1754600
30.7,-0.45,11400,"bu","13:03:40",1754300
30.7,-0.45,7400,"bu","13:03:39",1742900
30.65,-0.5,300,"sd","13:03:29",1735500
30.65,-0.5,300,"sd","13:03:00",1735200
30.65,-0.5,6300,"bu","13:02:56",1734900
30.65,-0.5,100,"bu","13:02:50",1728600
30.65,-0.5,700,"bu","13:02:49",1728500
30.6,-0.55,400,"sd","13:02:47",1727800
30.65,-0.5,100,"bu","13:02:41",1727400
30.65,-0.5,100,"bu","13:02:40",1727300
30.65,-0.5,100,"bu","13:02:20",1727200
30.65,-0.5,100,"bu","13:02:14",1727100
30.6,-0.55,900,"sd","13:02:00",1727000
30.65,-0.5,19000,"bu","13:01:56",1726100
30.6,-0.55,500,"sd","13:01:50",1707100
30.65,-0.5,500,"bu","13:01:47",1706600
30.65,-0.5,11400,"bu","13:01:45",1706100
30.6,-0.55,400,"sd","13:01:18",1694700
30.65,-0.5,900,"bu","13:01:08",1694300
30.6,-0.55,900,"sd","13:00:30",1693400
30.65,-0.5,500,"sd","13:00:29",1692500
30.65,-0.5,19000,"sd","13:00:28",1692000
30.65,-0.5,100,"sd","13:00:20",1673000
30.7,-0.45,1200,"bu","13:00:15",1672900
30.65,-0.5,200,"sd","13:00:14",1671600
30.65,-0.5,300,"sd","13:00:14",1671400
30.7,-0.45,500,"bu","13:00:13",1671100
30.65,-0.5,400,"sd","13:00:13",1670600
30.65,-0.5,100,"sd","13:00:12",1670200
30.65,-0.5,7900,"bu","13:00:11",1670100
30.65,-0.5,100,"bu","13:00:09",1662200
30.65,-0.5,100,"bu","13:00:08",1662100
30.65,-0.5,200,"bu","13:00:04",1662000
30.65,-0.5,300,"bu","13:00:04",1661800
30.6,-0.55,500,"sd","13:00:04",1661500
30.65,-0.5,100,"bu","13:00:04",1661000
30.65,-0.5,400,"sd","11:29:30",1660900
30.65,-0.5,600,"sd","11:28:50",1660500
30.65,-0.5,12300,"bu","11:28:41",1659900
30.6,-0.55,300,"sd","11:28:41",1647600
30.6,-0.55,100,"sd","11:28:30",1647300
30.6,-0.55,2000,"sd","11:28:23",1647200
30.6,-0.55,200,"sd","11:28:00",1645200
30.65,-0.5,4200,"bu","11:27:56",1645000
30.6,-0.55,500,"sd","11:27:56",1640800
30.6,-0.55,400,"sd","11:27:13",1640300
30.6,-0.55,1000,"sd","11:26:29",1639900
30.65,-0.5,13800,"sd","11:26:28",1638900
30.7,-0.45,200,"bu","11:25:47",1625100
30.65,-0.5,400,"sd","11:25:37",1624900
30.65,-0.5,100,"sd","11:25:02",1624500
30.65,-0.5,400,"sd","11:24:45",1624400
30.7,-0.45,100,"bu","11:24:33",1624000
30.7,-0.45,100,"bu","11:24:27",1623900
30.75,-0.4,400,"bu","11:23:22",1623800
30.7,-0.45,500,"bu","11:23:21",1616200
30.7,-0.45,800,"bu","11:23:12",1615700
30.7,-0.45,100,"bu","11:22:50",1614900
30.7,-0.45,1000,"bu","11:22:30",1614800
30.65,-0.5,300,"sd","11:21:40",1613800
30.65,-0.5,300,"sd","11:21:38",1613500
30.7,-0.45,1000,"bu","11:21:37",1613200
30.7,-0.45,5000,"bu","11:21:34",1612200
30.7,-0.45,500,"bu","11:21:22",1607200
30.7,-0.45,500,"bu","11:21:21",1606700
30.65,-0.5,100,"sd","11:20:59",1606200
30.6,-0.55,400,"sd","11:20:56",1606100
30.6,-0.55,500,"sd","11:20:50",1603700
30.65,-0.5,10000,"bu","11:20:42",1603200
30.65,-0.5,100,"bu","11:20:23",1593200
30.6,-0.55,100,"sd","11:20:10",1593100
30.65,-0.5,3000,"bu","11:20:01",1593000
30.65,-0.5,100,"bu","11:19:58",1590000
30.6,-0.55,400,"sd","11:19:50",1589900
30.65,-0.5,9000,"bu","11:19:45",1589500
30.65,-0.5,100,"bu","11:19:41",1580500
30.6,-0.55,500,"sd","11:19:30",1580400
30.65,-0.5,100,"bu","11:19:28",1579900
30.65,-0.5,300,"bu","11:19:26",1579800
30.6,-0.55,400,"sd","11:19:25",1579500
30.65,-0.5,10000,"bu","11:19:23",1579100
30.65,-0.5,200,"bu","11:19:13",1569100
30.6,-0.55,800,"sd","11:19:09",1568900
30.65,-0.5,10000,"bu","11:19:07",1568100
30.65,-0.5,200,"bu","11:19:04",1558100
30.65,-0.5,7200,"bu","11:19:02",1557900
30.65,-0.5,100,"bu","11:18:48",1550700
30.6,-0.55,300,"sd","11:18:42",1550600
30.65,-0.5,1000,"bu","11:18:26",1550300
30.65,-0.5,200,"bu","11:18:15",1549300
30.6,-0.55,800,"sd","11:18:10",1549100
30.65,-0.5,11400,"bu","11:18:07",1548300
30.65,-0.5,5000,"bu","11:18:04",1536900
30.6,-0.55,400,"sd","11:17:55",1531900
30.6,-0.55,300,"sd","11:17:12",1531500
30.6,-0.55,500,"sd","11:16:50",1531200
30.6,-0.55,10700,"bu","11:16:44",1530700
30.6,-0.55,100,"bu","11:16:40",1520000
30.55,-0.6,200,"sd","11:16:39",1519900
30.55,-0.6,5000,"sd","11:16:38",1519700
30.6,-0.55,400,"bu","11:16:10",1514700
30.6,-0.55,200,"sd","11:16:01",1514300
30.6,-0.55,200,"sd","11:15:48",1514100
30.6,-0.55,300,"sd","11:15:43",1513900
30.6,-0.55,1000,"sd","11:15:40",1513600
30.55,-0.6,5200,"sd","11:15:30",1512600
30.6,-0.55,14800,"sd","11:15:30",1507400
30.6,-0.55,100,"sd","11:15:10",1492600
30.6,-0.55,2000,"sd","11:15:03",1492500
30.6,-0.55,1300,"sd","11:15:00",1490500
30.65,-0.5,200,"bu","11:14:59",1489200
30.6,-0.55,400,"sd","11:14:58",1489000
30.6,-0.55,500,"bu","11:14:52",1488600
30.55,-0.6,100,"sd","11:14:50",1488100
30.55,-0.6,26600,"sd","11:14:49",1488000
30.6,-0.55,3500,"bu","11:14:43",1461400
30.55,-0.6,300,"sd","11:14:13",1457900
30.55,-0.6,100,"sd","11:13:40",1457600
30.6,-0.55,100,"bu","11:13:37",1457500
30.6,-0.55,2000,"bu","11:13:34",1457400
30.55,-0.6,400,"sd","11:13:24",1455400
30.55,-0.6,400,"sd","11:12:36",1455000
30.55,-0.6,100,"sd","11:12:10",1454600
30.55,-0.6,2900,"sd","11:12:01",1454500
30.55,-0.6,100,"sd","11:12:00",1451600
30.55,-0.6,3000,"sd","11:11:59",1451500
30.55,-0.6,400,"sd","11:11:50",1448500
30.6,-0.55,1000,"bu","11:11:39",1448100
30.6,-0.55,100,"bu","11:11:14",1447100
30.55,-0.6,400,"sd","11:11:03",1447000
30.6,-0.55,1000,"bu","11:10:55",1446600
30.55,-0.6,100,"sd","11:10:50",1445600
30.6,-0.55,2100,"bu","11:10:42",1445500
30.55,-0.6,300,"sd","11:10:09",1443400
30.6,-0.55,200,"bu","11:09:58",1443100
30.6,-0.55,200,"bu","11:09:24",1442900
30.55,-0.6,400,"sd","11:09:22",1442700
30.6,-0.55,200,"bu","11:09:07",1442300
30.55,-0.6,400,"sd","11:09:00",1442100
30.6,-0.55,8000,"sd","11:08:57",1441700
30.55,-0.6,300,"sd","11:08:33",1433700
30.6,-0.55,100,"sd","11:08:33",1433400
30.6,-0.55,1900,"bu","11:08:11",1433300
30.6,-0.55,1400,"bu","11:07:52",1431400
30.55,-0.6,300,"sd","11:07:48",1430000
30.55,-0.6,200,"sd","11:07:40",1429700
30.6,-0.55,5000,"bu","11:07:34",1429500
30.55,-0.6,100,"sd","11:07:20",1424500
30.55,-0.6,400,"sd","11:07:02",1424400
30.6,-0.55,500,"bu","11:06:49",1424000
30.6,-0.55,100,"bu","11:06:34",1423500
30.6,-0.55,1000,"bu","11:06:28",1423400
30.55,-0.6,400,"sd","11:06:19",1422400
30.6,-0.55,2100,"sd","11:06:14",1422000
30.6,-0.55,400,"sd","11:05:33",1419900
30.6,-0.55,700,"sd","11:05:20",1419500
30.6,-0.55,15000,"sd","11:05:15",1418800
30.6,-0.55,100,"sd","11:05:11",1403800
30.6,-0.55,500,"sd","11:05:09",1403700
30.6,-0.55,10000,"sd","11:05:07",1403200
30.6,-0.55,600,"sd","11:04:59",1393200
30.6,-0.55,10000,"sd","11:04:56",1392600
30.6,-0.55,400,"sd","11:04:46",1382600
30.65,-0.5,1000,"bu","11:04:39",1382200
30.65,-0.5,200,"bu","11:04:10",1381200
30.6,-0.55,100,"sd","11:04:10",1381000
30.65,-0.5,2000,"bu","11:04:01",1380900
30.6,-0.55,400,"sd","11:03:55",1378900
30.6,-0.55,400,"sd","11:03:05",1378500
30.6,-0.55,200,"sd","11:03:00",1378100
30.6,-0.55,5000,"sd","11:02:50",1377900
30.6,-0.55,300,"sd","11:02:20",1372900
30.6,-0.55,200,"bu","11:02:13",1372600
30.6,-0.55,1000,"bu","11:02:09",1372400
30.6,-0.55,1000,"bu","11:01:41",1371400
30.55,-0.6,400,"sd","11:01:37",1370400
30.6,-0.55,1000,"bu","11:01:28",1370000
30.55,-0.6,100,"sd","11:01:20",1369000
30.6,-0.55,2000,"bu","11:01:15",1368900
30.6,-0.55,200,"bu","11:01:15",1366900
30.55,-0.6,200,"sd","11:01:00",1366700
30.6,-0.55,4700,"sd","11:00:50",1366500
30.6,-0.55,400,"sd","11:00:47",1361800
30.6,-0.55,2100,"bu","11:00:46",1361400
30.6,-0.55,500,"bu","11:00:37",1359300
30.6,-0.55,1000,"bu","11:00:18",1358800
30.55,-0.6,300,"sd","10:59:56",1357800
30.55,-0.6,400,"sd","10:59:12",1357500
30.6,-0.55,1000,"bu","10:58:53",1357100
30.6,-0.55,400,"sd","10:58:40",1356100
30.6,-0.55,400,"sd","10:58:30",1355700
30.6,-0.55,400,"sd","10:58:29",1355300
30.6,-0.55,100,"sd","10:58:10",1354900
30.6,-0.55,2000,"bu","10:58:04",1354800
30.55,-0.6,300,"sd","10:57:40",1352800
30.6,-0.55,100,"bu","10:57:19",1352500
30.55,-0.6,300,"sd","10:56:58",1352400
30.6,-0.55,100,"bu","10:56:34",1352100
30.55,-0.6,400,"sd","10:56:13",1352000
30.55,-0.6,100,"sd","10:56:09",1351600
30.55,-0.6,400,"sd","10:55:30",1351500
30.55,-0.6,500,"sd","10:55:10",1351100
30.6,-0.55,10000,"bu","10:55:01",1350600
30.55,-0.6,300,"sd","10:54:42",1340600
30.55,-0.6,400,"sd","10:53:56",1340300
30.6,-0.55,1000,"bu","10:53:17",1339900
30.55,-0.6,300,"sd","10:53:11",1338900
30.55,-0.6,400,"sd","10:52:27",1338600
30.6,-0.55,1900,"bu","10:52:16",1338200
30.55,-0.6,300,"sd","10:51:43",1336300
30.55,-0.6,200,"sd","10:51:00",1336000
30.6,-0.55,3900,"sd","10:50:59",1335800
30.6,-0.55,400,"sd","10:50:58",1331900
30.6,-0.55,300,"sd","10:50:13",1331500
30.6,-0.55,500,"sd","10:49:29",1331200
30.6,-0.55,200,"sd","10:49:07",1330700
30.6,-0.55,200,"sd","10:48:49",1330500
30.6,-0.55,2500,"sd","10:48:47",1330300
30.6,-0.55,300,"sd","10:48:45",1327800
30.6,-0.55,2000,"sd","10:48:42",1327500
30.6,-0.55,400,"sd","10:48:01",1325500
30.65,-0.5,200,"bu","10:47:36",1325100
30.6,-0.55,300,"sd","10:47:14",1324900
30.6,-0.55,400,"sd","10:46:32",1324600
30.6,-0.55,1900,"bu","10:46:20",1324200
30.55,-0.6,1000,"sd","10:46:04",1322300
30.55,-0.6,400,"sd","10:45:37",1321300
30.55,-0.6,100,"sd","10:45:12",1320900
30.55,-0.6,400,"sd","10:44:54",1320800
30.6,-0.55,200,"bu","10:44:54",1320400
30.6,-0.55,500,"bu","10:43:45",1320200
30.55,-0.6,100,"sd","10:43:30",1319700
30.6,-0.55,3000,"bu","10:43:29",1319600
30.55,-0.6,400,"sd","10:43:19",1316600
30.6,-0.55,1400,"bu","10:43:02",1316200
30.55,-0.6,300,"sd","10:42:44",1314800
30.55,-0.6,700,"sd","10:42:43",1314500
30.55,-0.6,400,"sd","10:42:32",1313800
30.55,-0.6,300,"sd","10:41:47",1313400
30.55,-0.6,300,"sd","10:41:03",1313100
30.6,-0.55,300,"bu","10:40:23",1312800
30.55,-0.6,400,"sd","10:40:20",1312500
30.55,-0.6,500,"sd","10:39:50",1312100
30.6,-0.55,2000,"bu","10:39:47",1311600
30.6,-0.55,8500,"sd","10:39:42",1309600
30.6,-0.55,900,"sd","10:39:39",1301100
30.6,-0.55,7900,"sd","10:39:38",1300200
30.6,-0.55,300,"sd","10:39:37",1292300
30.6,-0.55,11600,"sd","10:39:35",1292000
30.6,-0.55,100,"sd","10:39:29",1280400
30.6,-0.55,2900,"sd","10:39:27",1280300
30.6,-0.55,400,"sd","10:38:52",1277400
30.6,-0.55,300,"sd","10:38:23",1277000
30.6,-0.55,6000,"sd","10:38:14",1276700
30.6,-0.55,300,"sd","10:38:11",1270700
30.6,-0.55,6100,"sd","10:37:59",1270400
30.6,-0.55,200,"sd","10:37:50",1264300
30.6,-0.55,2300,"sd","10:37:49",1264100
30.6,-0.55,2300,"sd","10:37:42",1261800
30.6,-0.55,400,"sd","10:37:19",1259500
30.6,-0.55,400,"sd","10:36:37",1259100
30.6,-0.55,100,"sd","10:36:29",1258700
30.65,-0.5,1500,"bu","10:36:10",1258600
30.65,-0.5,300,"bu","10:36:01",1257100
30.6,-0.55,300,"sd","10:35:48",1256800
30.6,-0.55,400,"sd","10:35:02",1256500
30.6,-0.55,300,"sd","10:34:17",1256100
30.6,-0.55,100,"sd","10:33:53",1255800
30.6,-0.55,400,"sd","10:33:34",1255700
30.6,-0.55,100,"sd","10:33:19",1255300
30.6,-0.55,200,"bu","10:33:14",1255200
30.55,-0.6,100,"sd","10:33:12",1255000
30.6,-0.55,2000,"bu","10:33:09",1254900
30.6,-0.55,1000,"bu","10:32:59",1252900
30.55,-0.6,300,"sd","10:32:51",1251900
30.6,-0.55,300,"bu","10:32:45",1251600
30.6,-0.55,1200,"bu","10:32:37",1251300
30.55,-0.6,100,"sd","10:32:15",1250100
30.55,-0.6,400,"sd","10:32:02",1250000
30.55,-0.6,100,"sd","10:31:41",1249600
30.55,-0.6,300,"sd","10:31:17",1249500
30.55,-0.6,400,"sd","10:30:35",1249200
30.55,-0.6,600,"sd","10:30:29",1248800
30.6,-0.55,2000,"bu","10:30:25",1248200
30.6,-0.55,10000,"bu","10:30:21",1246200
30.6,-0.55,100,"bu","10:29:57",1236200
30.55,-0.6,300,"sd","10:29:52",1236100
30.55,-0.6,100,"sd","10:28:46",1235800
30.55,-0.6,1000,"sd","10:28:20",1235700
30.6,-0.55,3000,"bu","10:28:17",1233800
30.6,-0.55,500,"bu","10:28:14",1230800
30.6,-0.55,30100,"sd","10:28:12",1230300
30.6,-0.55,300,"sd","10:27:38",1200200
30.6,-0.55,200,"sd","10:25:29",1199900
30.6,-0.55,5000,"sd","10:25:28",1199700
30.75,-0.4,200,"bu","10:25:12",1194700
30.7,-0.45,600,"bu","10:25:12",1194500
30.55,-0.6,100,"sd","10:25:10",1193900
30.55,-0.6,2500,"sd","10:25:00",1193800
30.55,-0.6,20100,"sd","10:24:51",1191300
30.6,-0.55,29900,"sd","10:24:51",1171200
30.75,-0.4,10000,"bu","10:24:23",1141300
30.6,-0.55,100,"sd","10:23:49",1131300
30.6,-0.55,1600,"sd","10:23:40",1131200
30.65,-0.5,1200,"sd","10:23:40",1129600
30.65,-0.5,46000,"sd","10:23:37",1128400
30.7,-0.45,11000,"sd","10:23:37",1082400
30.7,-0.45,500,"sd","10:22:39",1071400
30.7,-0.45,200,"sd","10:22:34",1070900
30.75,-0.4,100,"bu","10:22:26",1070700
30.75,-0.4,100,"bu","10:22:04",1070600
30.7,-0.45,1900,"bu","10:21:20",1070500
30.7,-0.45,100,"bu","10:21:00",1068600
30.7,-0.45,500,"bu","10:20:51",1068500
30.65,-0.5,100,"sd","10:20:29",1068000
30.7,-0.45,2100,"bu","10:20:23",1067900
30.7,-0.45,100,"bu","10:19:58",1065800
30.65,-0.5,500,"sd","10:19:49",1065700
30.7,-0.45,10000,"bu","10:19:48",1065200
30.65,-0.5,1300,"sd","10:19:44",1055200
30.7,-0.45,100,"bu","10:19:24",1053900
30.7,-0.45,500,"bu","10:19:23",1053800
30.7,-0.45,100,"bu","10:19:20",1053300
30.7,-0.45,100,"bu","10:19:01",1053200
30.65,-0.5,100,"sd","10:19:00",1053100
30.7,-0.45,600,"bu","10:18:59",1053000
30.7,-0.45,2000,"bu","10:18:59",1052400
30.7,-0.45,300,"bu","10:18:55",1050400
30.7,-0.45,100,"bu","10:18:50",1050100
30.7,-0.45,100,"bu","10:18:46",1050000
30.7,-0.45,500,"bu","10:18:43",1049900
30.7,-0.45,800,"bu","10:18:39",1049400
30.65,-0.5,100,"sd","10:18:39",1048600
30.7,-0.45,3000,"bu","10:18:38",1048500
30.7,-0.45,100,"bu","10:18:36",1045500
30.65,-0.5,100,"sd","10:18:30",1045400
30.7,-0.45,1000,"bu","10:18:27",1045300
30.7,-0.45,1000,"bu","10:18:20",1044300
30.7,-0.45,500,"bu","10:18:13",1043300
30.7,-0.45,500,"bu","10:18:01",1042800
30.65,-0.5,200,"sd","10:17:56",1042300
30.7,-0.45,1000,"bu","10:17:48",1042100
30.7,-0.45,100,"bu","10:17:42",1041100
30.65,-0.5,300,"sd","10:17:39",1041000
30.65,-0.5,7500,"sd","10:17:33",1040700
30.7,-0.45,1000,"bu","10:17:17",1033200
30.7,-0.45,500,"bu","10:17:14",1032200
30.7,-0.45,500,"bu","10:16:36",1031700
30.7,-0.45,500,"bu","10:16:24",1031200
30.7,-0.45,300,"bu","10:15:53",1030700
30.7,-0.45,3800,"bu","10:15:48",1030400
30.7,-0.45,900,"bu","10:15:38",1026600
30.7,-0.45,100,"bu","10:15:19",1025700
30.65,-0.5,500,"sd","10:15:16",1025600
30.7,-0.45,300,"bu","10:14:44",1025100
30.65,-0.5,100,"sd","10:14:36",1024800
30.6,-0.55,100,"sd","10:14:09",1024700
30.6,-0.55,100,"sd","10:13:57",1024600
30.65,-0.5,300,"sd","10:13:57",1024500
30.6,-0.55,4800,"sd","10:13:23",1024200
30.65,-0.5,200,"sd","10:13:23",1019400
30.65,-0.5,100,"sd","10:13:04",1019200
30.65,-0.5,5500,"bu","10:12:57",1019100
30.65,-0.5,500,"bu","10:12:45",1013600
30.65,-0.5,200,"bu","10:12:42",1013100
30.65,-0.5,100,"bu","10:12:11",1012900
30.6,-0.55,5000,"sd","10:12:00",1012800
30.6,-0.55,200,"sd","10:11:30",1007800
30.65,-0.5,100,"bu","10:11:29",1007600
30.6,-0.55,900,"sd","10:11:20",1007500
30.6,-0.55,200,"sd","10:11:11",1006600
30.6,-0.55,8800,"sd","10:11:00",1006400
30.6,-0.55,7900,"sd","10:10:49",997600
30.6,-0.55,100,"sd","10:10:35",989700
30.65,-0.5,500,"bu","10:10:11",989600
30.65,-0.5,100,"bu","10:10:07",989100
30.65,-0.5,5000,"bu","10:10:01",989000
30.65,-0.5,200,"bu","10:09:47",984000
30.65,-0.5,3100,"sd","10:09:22",983800
30.65,-0.5,200,"sd","10:09:16",980700
30.65,-0.5,300,"sd","10:09:15",980500
30.65,-0.5,1900,"bu","10:07:07",980200
30.65,-0.5,300,"bu","10:06:39",978300
30.65,-0.5,300,"bu","10:06:30",978000
30.65,-0.5,7200,"bu","10:06:25",977700
30.65,-0.5,1500,"bu","10:06:09",970500
30.6,-0.55,700,"sd","10:06:01",969000
30.6,-0.55,1000,"sd","10:05:48",968300
30.6,-0.55,500,"sd","10:04:48",967300
30.6,-0.55,1000,"sd","10:04:44",966800
30.6,-0.55,200,"sd","10:03:01",965800
30.65,-0.5,4000,"bu","10:02:33",965600
30.65,-0.5,6200,"sd","10:02:13",961600
30.7,-0.45,100,"bu","10:02:10",955400
30.65,-0.5,11400,"sd","10:01:18",955300
30.65,-0.5,4000,"sd","10:01:08",943900
30.65,-0.5,300,"bu","10:00:05",939900
30.65,-0.5,100,"bu","10:00:03",939600
30.65,-0.5,100,"bu","10:00:00",939500
30.65,-0.5,1000,"bu","09:59:48",939400
30.6,-0.55,200,"sd","09:59:47",938400
30.6,-0.55,600,"bu","09:58:54",938200
30.6,-0.55,600,"bu","09:58:22",937600
30.6,-0.55,3300,"sd","09:58:07",937000
30.6,-0.55,100,"sd","09:57:58",933700
30.6,-0.55,11400,"sd","09:57:43",933600
30.65,-0.5,400,"bu","09:57:24",922200
30.65,-0.5,100,"bu","09:57:16",921800
30.65,-0.5,7000,"bu","09:57:12",921700
30.6,-0.55,700,"bu","09:57:04",914700
30.6,-0.55,400,"sd","09:56:56",914000
30.6,-0.55,1200,"bu","09:56:53",913600
30.6,-0.55,200,"bu","09:56:31",912400
30.55,-0.6,11400,"sd","09:54:45",912200
30.55,-0.6,900,"sd","09:54:42",900800
30.6,-0.55,100,"bu","09:54:30",899900
30.6,-0.55,100,"sd","09:54:12",899800
30.65,-0.5,1000,"bu","09:53:34",899700
30.65,-0.5,1000,"bu","09:53:15",898700
30.55,-0.6,11100,"sd","09:52:09",897700
30.6,-0.55,300,"sd","09:52:09",886600
30.6,-0.55,700,"bu","09:52:01",886300
30.6,-0.55,300,"sd","09:51:52",885600
30.55,-0.6,11300,"sd","09:51:29",885300
30.6,-0.55,100,"sd","09:51:29",874000
30.55,-0.6,3600,"sd","09:51:27",873900
30.6,-0.55,500,"sd","09:51:27",870300
30.55,-0.6,6000,"sd","09:51:01",869800
30.65,-0.5,1000,"sd","09:51:01",863800
30.55,-0.6,600,"sd","09:50:55",862800
30.6,-0.55,6400,"sd","09:50:55",862200
30.6,-0.55,8100,"sd","09:50:45",855800
30.65,-0.5,3300,"sd","09:50:45",847700
30.65,-0.5,200,"bu","09:50:23",844400
30.65,-0.5,100,"bu","09:50:22",844200
30.65,-0.5,500,"bu","09:50:18",844100
30.6,-0.55,19700,"bu","09:49:51",843600
30.6,-0.55,500,"bu","09:49:50",823900
30.6,-0.55,400,"bu","09:49:48",823400
30.6,-0.55,5000,"bu","09:49:25",823000
30.6,-0.55,100,"bu","09:49:15",818000
30.6,-0.55,10000,"bu","09:49:14",817900
30.6,-0.55,1500,"bu","09:49:11",807900
30.6,-0.55,500,"bu","09:49:04",806400
30.55,-0.6,1500,"sd","09:49:02",805900
30.55,-0.6,2000,"sd","09:48:56",804400
30.55,-0.6,2200,"bu","09:48:47",802400
30.55,-0.6,2000,"bu","09:48:42",800200
30.55,-0.6,2000,"bu","09:48:39",798200
30.55,-0.6,5200,"sd","09:48:26",796200
30.6,-0.55,6500,"bu","09:48:18",791000
30.55,-0.6,11400,"sd","09:48:02",784500
30.6,-0.55,500,"bu","09:48:01",773100
30.6,-0.55,100,"bu","09:47:59",772600
30.55,-0.6,200,"sd","09:47:52",772500
30.55,-0.6,400,"bu","09:47:22",772300
30.55,-0.6,100,"bu","09:47:21",771900
30.55,-0.6,100,"bu","09:47:17",771800
30.55,-0.6,1000,"bu","09:47:16",771300
30.55,-0.6,200,"bu","09:47:15",770300
30.55,-0.6,700,"bu","09:47:12",770100
30.55,-0.6,3800,"bu","09:47:10",769400
30.55,-0.6,7200,"bu","09:47:08",765600
30.55,-0.6,1400,"bu","09:47:00",758400
30.55,-0.6,6000,"bu","09:46:57",757000
30.55,-0.6,200,"bu","09:46:54",751000
30.55,-0.6,100,"bu","09:46:52",750800
30.55,-0.6,1000,"bu","09:46:51",750700
30.55,-0.6,100,"bu","09:46:51",749700
30.5,-0.65,11400,"sd","09:46:49",749600
30.55,-0.6,3000,"bu","09:46:48",738200
30.55,-0.6,10500,"bu","09:46:46",735200
30.55,-0.6,100,"bu","09:46:42",724700
30.55,-0.6,900,"bu","09:46:41",724600
30.55,-0.6,1500,"bu","09:46:40",723700
30.55,-0.6,1000,"bu","09:46:36",722200
30.55,-0.6,10000,"bu","09:46:32",721200
30.55,-0.6,1000,"bu","09:46:29",711200
30.55,-0.6,100,"bu","09:46:20",710200
30.5,-0.65,10000,"sd","09:46:18",710100
30.55,-0.6,500,"bu","09:46:12",700100
30.55,-0.6,500,"bu","09:46:07",699600
30.55,-0.6,500,"bu","09:46:04",699100
30.55,-0.6,800,"bu","09:46:03",698600
30.55,-0.6,5800,"bu","09:45:47",697800
30.55,-0.6,1000,"bu","09:45:45",692000
30.55,-0.6,3600,"bu","09:45:34",691000
30.55,-0.6,300,"bu","09:45:33",687400
30.55,-0.6,100,"bu","09:45:24",687100
30.55,-0.6,100,"bu","09:45:15",687000
30.55,-0.6,1000,"bu","09:45:13",686900
30.55,-0.6,500,"bu","09:45:05",685900
30.55,-0.6,200,"bu","09:44:40",685400
30.5,-0.65,100,"sd","09:44:27",685200
30.5,-0.65,11400,"sd","09:44:12",685100
30.5,-0.65,10000,"sd","09:43:55",673700
30.55,-0.6,200,"bu","09:43:42",663700
30.55,-0.6,100,"bu","09:43:38",663500
30.5,-0.65,1000,"sd","09:43:34",663400
30.55,-0.6,500,"bu","09:43:28",662400
30.55,-0.6,100,"bu","09:43:23",661900
30.5,-0.65,11400,"sd","09:43:16",661800
30.55,-0.6,500,"bu","09:43:08",649400
30.55,-0.6,100,"bu","09:43:01",648900
30.55,-0.6,100,"bu","09:42:46",648800
30.55,-0.6,200,"bu","09:42:43",648700
30.55,-0.6,100,"bu","09:42:40",648500
30.5,-0.65,1200,"bu","09:42:21",648400
30.5,-0.65,1000,"bu","09:42:19",647200
30.5,-0.65,2800,"bu","09:42:16",646200
30.5,-0.65,1000,"bu","09:42:15",643400
30.5,-0.65,25000,"bu","09:42:11",642400
30.5,-0.65,5800,"bu","09:42:04",617400
30.5,-0.65,100,"bu","09:42:01",611600
30.5,-0.65,100,"bu","09:41:58",611500
30.45,-0.7,3000,"sd","09:41:58",611400
30.5,-0.65,200,"bu","09:41:57",608400
30.5,-0.65,500,"bu","09:41:50",608200
30.5,-0.65,100,"bu","09:41:43",607700
30.5,-0.65,1000,"bu","09:41:41",607600
30.5,-0.65,400,"bu","09:41:40",606600
30.5,-0.65,100,"bu","09:41:37",606200
30.5,-0.65,400,"bu","09:41:33",606100
30.5,-0.65,200,"bu","09:41:31",605700
30.5,-0.65,1100,"bu","09:41:29",605500
30.5,-0.65,300,"bu","09:41:27",604400
30.5,-0.65,100,"bu","09:41:24",604100
30.5,-0.65,20000,"bu","09:41:14",604000
30.5,-0.65,100,"bu","09:41:10",584000
30.5,-0.65,100,"bu","09:41:08",583900
30.45,-0.7,100,"sd","09:41:07",583800
30.5,-0.65,1000,"bu","09:41:06",583700
30.45,-0.7,1000,"sd","09:41:06",582700
30.5,-0.65,100,"bu","09:41:05",581700
30.5,-0.65,500,"bu","09:40:58",581600
30.5,-0.65,1100,"bu","09:40:53",581100
30.5,-0.65,500,"bu","09:40:48",580000
30.5,-0.65,1000,"bu","09:40:45",579500
30.5,-0.65,100,"bu","09:40:44",578500
30.5,-0.65,200,"bu","09:40:39",578400
30.5,-0.65,1000,"bu","09:40:38",578200
30.5,-0.65,500,"bu","09:40:33",577200
30.5,-0.65,200,"bu","09:40:28",576700
30.5,-0.65,1000,"bu","09:40:25",576500
30.5,-0.65,100,"bu","09:40:19",575500
30.5,-0.65,5800,"bu","09:39:54",575400
30.5,-0.65,100,"bu","09:39:48",569600
30.5,-0.65,100,"bu","09:39:36",569500
30.5,-0.65,100,"bu","09:39:35",569400
30.5,-0.65,400,"bu","09:39:31",569300
30.5,-0.65,100,"bu","09:38:32",568900
30.5,-0.65,6100,"sd","09:38:27",568800
30.55,-0.6,1500,"bu","09:38:23",562700
30.5,-0.65,1000,"sd","09:38:17",561200
30.5,-0.65,200,"sd","09:38:13",560200
30.5,-0.65,1000,"sd","09:38:07",560000
30.5,-0.65,200,"sd","09:38:00",559000
30.5,-0.65,30000,"sd","09:37:40",558800
30.5,-0.65,1000,"sd","09:37:15",528800
30.5,-0.65,50000,"sd","09:37:13",527800
30.5,-0.65,600,"sd","09:36:35",477800
30.5,-0.65,300,"sd","09:36:32",477200
30.5,-0.65,100,"sd","09:36:28",476900
30.5,-0.65,1000,"sd","09:36:16",476800
30.5,-0.65,2000,"sd","09:36:16",475800
30.55,-0.6,100,"bu","09:36:06",473800
30.55,-0.6,500,"bu","09:36:03",473700
30.5,-0.65,500,"sd","09:35:54",473200
30.55,-0.6,7200,"bu","09:35:51",472700
30.55,-0.6,2000,"bu","09:35:42",465500
30.5,-0.65,600,"sd","09:35:26",463500
30.5,-0.65,300,"sd","09:34:51",462900
30.5,-0.65,500,"sd","09:34:38",462600
30.55,-0.6,100,"bu","09:34:36",462100
30.55,-0.6,200,"bu","09:34:15",462000
30.55,-0.6,1000,"bu","09:34:11",461800
30.55,-0.6,100,"bu","09:34:06",460800
30.5,-0.65,100,"sd","09:33:50",460700
30.5,-0.65,2000,"sd","09:33:27",460600
30.55,-0.6,200,"bu","09:33:25",458600
30.55,-0.6,2600,"bu","09:33:22",458400
30.55,-0.6,5400,"sd","09:33:20",455800
30.55,-0.6,7200,"sd","09:33:16",450400
30.55,-0.6,300,"sd","09:33:13",443200
30.6,-0.55,500,"bu","09:33:13",442900
30.6,-0.55,500,"bu","09:33:08",442400
30.6,-0.55,100,"bu","09:32:56",441900
30.6,-0.55,10700,"sd","09:32:49",441800
30.6,-0.55,2000,"sd","09:32:48",431100
30.65,-0.5,1000,"bu","09:32:38",429100
30.6,-0.55,500,"sd","09:32:29",428100
30.6,-0.55,10000,"sd","09:32:27",427600
30.6,-0.55,10000,"sd","09:32:17",417600
30.65,-0.5,100,"bu","09:32:09",407600
30.6,-0.55,11400,"sd","09:32:08",407500
30.6,-0.55,500,"sd","09:32:07",396100
30.65,-0.5,500,"bu","09:31:38",395600
30.65,-0.5,1000,"bu","09:31:35",395100
30.65,-0.5,4000,"bu","09:31:27",394100
30.6,-0.55,100,"sd","09:30:30",390100
30.6,-0.55,1100,"sd","09:29:13",390000
30.65,-0.5,400,"bu","09:29:08",388900
30.6,-0.55,100,"sd","09:29:05",388500
30.6,-0.55,11400,"sd","09:29:02",388400
30.65,-0.5,100,"bu","09:29:02",377000
30.65,-0.5,100,"bu","09:28:54",376900
30.65,-0.5,1500,"bu","09:28:50",376800
30.65,-0.5,700,"bu","09:28:36",375300
30.65,-0.5,1000,"bu","09:28:28",374600
30.65,-0.5,3700,"bu","09:28:21",373600
30.65,-0.5,100,"bu","09:28:08",369900
30.65,-0.5,500,"bu","09:28:06",369800
30.65,-0.5,100,"bu","09:28:04",369300
30.65,-0.5,1000,"bu","09:28:02",369200
30.65,-0.5,3000,"bu","09:27:57",368200
30.65,-0.5,100,"bu","09:27:50",365200
30.65,-0.5,200,"bu","09:27:44",365100
30.65,-0.5,500,"bu","09:27:41",364900
30.65,-0.5,6600,"sd","09:27:41",364400
30.7,-0.45,100,"bu","09:27:15",357800
30.65,-0.5,700,"bu","09:27:02",357700
30.65,-0.5,100,"bu","09:26:57",357000
30.6,-0.55,5000,"sd","09:26:56",356900
30.65,-0.5,5500,"bu","09:26:40",351900
30.65,-0.5,2200,"sd","09:26:34",346400
30.65,-0.5,2700,"sd","09:26:33",344200
30.7,-0.45,1200,"bu","09:26:33",341500
30.7,-0.45,100,"bu","09:26:21",340300
30.7,-0.45,200,"bu","09:26:20",340200
30.65,-0.5,400,"sd","09:26:16",340000
30.7,-0.45,100,"bu","09:26:10",339600
30.7,-0.45,100,"bu","09:26:03",339500
30.65,-0.5,500,"sd","09:25:59",339400
30.65,-0.5,11400,"sd","09:25:36",338900
30.7,-0.45,100,"bu","09:25:16",327500
30.7,-0.45,200,"bu","09:25:09",327400
30.65,-0.5,1000,"sd","09:25:06",327200
30.7,-0.45,7600,"sd","09:25:00",326100
30.8,-0.35,100,"bu","09:24:57",318500
30.9,-0.25,1600,"bu","09:24:51",318400
30.85,-0.3,3400,"bu","09:24:51",316800
30.85,-0.3,100,"bu","09:24:40",313400
30.85,-0.3,100,"bu","09:24:35",313300
30.7,-0.45,3800,"sd","09:24:32",313200
30.8,-0.35,1200,"sd","09:24:32",309400
30.8,-0.35,6000,"bu","09:24:26",308200
30.7,-0.45,500,"sd","09:24:24",302200
30.8,-0.35,5000,"bu","09:24:15",301700
30.7,-0.45,2600,"bu","09:24:13",296700
30.7,-0.45,1000,"bu","09:24:09",294100
30.7,-0.45,200,"bu","09:24:07",293100
30.7,-0.45,500,"bu","09:24:05",292900
30.7,-0.45,3000,"bu","09:23:50",292400
30.7,-0.45,300,"bu","09:23:49",289400
30.7,-0.45,500,"bu","09:23:42",289100
30.65,-0.5,1000,"sd","09:23:31",288600
30.7,-0.45,1000,"bu","09:23:29",287600
30.7,-0.45,100,"bu","09:23:27",286600
30.7,-0.45,400,"bu","09:23:08",286500
30.7,-0.45,500,"bu","09:22:44",286100
30.65,-0.5,200,"sd","09:22:40",285600
30.65,-0.5,500,"sd","09:22:20",285400
30.65,-0.5,200,"sd","09:22:17",284900
30.65,-0.5,300,"sd","09:22:09",284700
30.65,-0.5,1900,"sd","09:22:06",284400
30.7,-0.45,100,"bu","09:21:55",282500
30.65,-0.5,2600,"bu","09:21:45",282400
30.6,-0.55,500,"sd","09:21:42",279800
30.6,-0.55,1000,"sd","09:21:30",279300
30.6,-0.55,300,"sd","09:21:27",278300
30.6,-0.55,500,"sd","09:21:26",278000
30.6,-0.55,2100,"bu","09:21:25",277500
30.6,-0.55,200,"bu","09:21:22",275400
30.6,-0.55,400,"bu","09:21:10",275200
30.6,-0.55,1000,"bu","09:21:09",274800
30.6,-0.55,1000,"bu","09:21:07",273800
30.6,-0.55,200,"bu","09:21:04",272800
30.6,-0.55,500,"bu","09:21:02",272600
30.55,-0.6,500,"sd","09:20:44",272100
30.55,-0.6,4500,"bu","09:20:33",271600
30.55,-0.6,200,"bu","09:20:32",267100
30.55,-0.6,500,"bu","09:20:31",266900
30.5,-0.65,100,"sd","09:20:28",266400
30.55,-0.6,100,"bu","09:20:23",266300
30.55,-0.6,100,"bu","09:20:22",266200
30.55,-0.6,5600,"sd","09:20:00",266100
30.6,-0.55,100,"bu","09:19:59",260500
30.6,-0.55,2600,"bu","09:19:49",260400
30.6,-0.55,1000,"bu","09:19:44",257800
30.6,-0.55,700,"bu","09:19:39",256800
30.55,-0.6,900,"sd","09:19:38",256100
30.6,-0.55,1000,"bu","09:19:37",255200
30.55,-0.6,1000,"sd","09:19:36",254200
30.6,-0.55,4800,"bu","09:19:30",253200
30.55,-0.6,500,"sd","09:19:27",248400
30.6,-0.55,1900,"bu","09:19:25",247900
30.55,-0.6,200,"sd","09:19:20",246000
30.55,-0.6,2500,"sd","09:19:20",245800
30.55,-0.6,200,"bu","09:19:15",243300
30.55,-0.6,100,"bu","09:19:14",243100
30.55,-0.6,2800,"sd","09:19:12",243000
30.55,-0.6,200,"bu","09:19:11",240200
30.55,-0.6,55000,"bu","09:19:06",240000
30.55,-0.6,100,"bu","09:19:05",185000
30.5,-0.65,1600,"sd","09:19:03",184900
30.5,-0.65,200,"sd","09:19:01",183300
30.55,-0.6,100,"bu","09:18:56",183100
30.55,-0.6,100,"bu","09:18:46",183000
30.55,-0.6,300,"bu","09:18:12",182900
30.55,-0.6,500,"bu","09:17:54",182600
30.5,-0.65,200,"sd","09:17:50",182100
30.55,-0.6,500,"bu","09:17:46",181900
30.5,-0.65,100,"sd","09:17:45",181400
30.5,-0.65,100,"sd","09:17:42",181300
30.5,-0.65,1000,"sd","09:17:38",181200
30.55,-0.6,300,"bu","09:17:26",180200
30.55,-0.6,100,"bu","09:17:25",179900
30.55,-0.6,100,"bu","09:17:14",179800
30.55,-0.6,1000,"bu","09:17:10",179700
30.55,-0.6,3500,"bu","09:16:57",178700
30.5,-0.65,300,"sd","09:16:54",175200
30.55,-0.6,100,"bu","09:16:50",174900
30.5,-0.65,100,"sd","09:16:31",174800
30.5,-0.65,500,"sd","09:16:28",174700
30.5,-0.65,1000,"sd","09:16:20",174200
30.5,-0.65,600,"sd","09:16:19",173200
30.55,-0.6,100,"sd","09:16:15",172600
30.55,-0.6,300,"sd","09:16:12",172500
30.55,-0.6,200,"sd","09:16:04",172200
30.55,-0.6,100,"sd","09:15:51",172000
30.6,-0.55,100,"bu","09:15:26",171900
30.55,-0.6,500,"sd","09:15:17",171800
30.6,-0.55,300,"bu","09:15:10",171300
30.55,-0.6,500,"sd","09:15:10",170600
30.5,-0.65,1000,"sd","09:15:10",170100
30.5,-0.65,169100,"","09:15:08",169100
