"price","change","match_qtty","side","time","total_vol"
11.4,0.1,143900,"","14:45:02",1169500
11.3,0,500,"bu","14:29:48",1025600
11.3,0,2000,"sd","14:29:27",1025100
11.3,0,900,"sd","14:28:28",1023100
11.3,0,1000,"sd","14:28:25",1022200
11.3,0,8100,"sd","14:28:07",1021200
11.3,0,500,"bu","14:27:59",1013100
11.3,0,100,"bu","14:27:33",1012600
11.3,0,7000,"bu","14:27:26",1012500
11.3,0,20000,"bu","14:26:53",1005500
11.3,0,100,"bu","14:26:06",985500
11.2,-0.1,800,"sd","14:24:01",985400
11.3,0,400,"bu","14:22:36",984600
11.3,0,3000,"bu","14:20:03",984200
11.3,0,2300,"sd","14:18:03",981200
11.3,0,200,"bu","14:17:49",978900
11.3,0,3000,"bu","14:13:09",978700
11.3,0,10000,"bu","14:12:23",975700
11.3,0,1000,"bu","14:11:34",965700
11.3,0,300,"bu","14:11:04",964700
11.3,0,1000,"bu","14:09:45",964400
11.3,0,300,"bu","14:09:32",963400
11.3,0,400,"sd","14:08:40",963100
11.3,0,3400,"bu","14:07:50",962700
11.3,0,16600,"bu","14:06:36",959300
11.4,0.1,900,"bu","14:03:42",942700
11.4,0.1,5000,"bu","14:02:16",941800
11.3,0,300,"bu","14:00:45",936800
11.3,0,1000,"bu","14:00:28",936500
11.3,0,100,"bu","14:00:14",935500
11.3,0,1900,"bu","13:59:08",935400
11.3,0,3000,"bu","13:58:25",933500
11.2,-0.1,100,"bu","13:57:35",930500
11.2,-0.1,1000,"bu","13:57:04",930400
11.2,-0.1,300,"bu","13:56:53",929400
11.2,-0.1,3600,"sd","13:56:33",929100
11.3,0,4000,"bu","13:54:12",925500
11.3,0,500,"sd","13:54:08",921500
11.2,-0.1,50000,"sd","13:54:01",921000
11.3,0,500,"sd","13:53:17",871000
11.3,0,500,"sd","13:52:59",870500
11.3,0,1000,"sd","13:51:59",870000
11.3,0,2000,"sd","13:51:55",869000
11.3,0,12300,"bu","13:51:37",867000
11.3,0,600,"bu","13:47:46",854700
11.3,0,400,"bu","13:47:44",854100
11.3,0,100,"bu","13:47:13",853700
11.3,0,300,"sd","13:44:25",853600
11.3,0,1700,"bu","13:43:12",853300
11.3,0,300,"bu","13:43:09",851600
11.3,0,500,"bu","13:42:42",851300
11.3,0,6700,"sd","13:41:43",850800
11.3,0,1000,"sd","13:41:25",844100
11.3,0,400,"sd","13:41:15",843100
11.3,0,1900,"bu","13:40:38",842700
11.3,0,1000,"bu","13:40:35",840800
11.3,0,100,"bu","13:40:13",839800
11.3,0,1000,"bu","13:39:25",839700
11.3,0,5800,"bu","13:39:06",838700
11.3,0,14400,"sd","13:37:50",832900
11.2,-0.1,100,"sd","13:33:29",818500
11.2,-0.1,1900,"bu","13:33:23",818400
11.2,-0.1,500,"bu","13:32:30",816500
11.2,-0.1,1000,"bu","13:31:05",816000
11.2,-0.1,500,"bu","13:31:04",815000
11.1,-0.2,300,"sd","13:27:44",814500
11.1,-0.2,3000,"sd","13:27:31",814200
11.1,-0.2,2000,"sd","13:27:09",811200
11.1,-0.2,24400,"sd","13:25:35",809200
11.1,-0.2,500,"sd","13:24:36",784800
11.1,-0.2,300,"sd","13:24:07",784300
11.1,-0.2,100000,"sd","13:22:24",784000
11.2,-0.1,200,"bu","13:21:49",684000
11.2,-0.1,2000,"bu","13:21:23",683800
11.1,-0.2,400,"sd","13:20:27",681800
11.2,-0.1,300,"bu","13:19:50",681400
11.2,-0.1,5000,"bu","13:19:40",681100
11.2,-0.1,200,"bu","13:19:23",676100
11.2,-0.1,2900,"bu","13:19:10",675900
11.2,-0.1,1500,"bu","13:19:02",673000
11.2,-0.1,4000,"bu","13:18:39",671500
11.2,-0.1,300,"bu","13:18:32",667500
11.2,-0.1,500,"bu","13:18:00",667200
11.2,-0.1,500,"bu","13:17:45",666700
11.2,-0.1,1000,"bu","13:17:35",666200
11.2,-0.1,100,"bu","13:15:53",665200
11.2,-0.1,200,"bu","13:15:38",665100
11.2,-0.1,100,"bu","13:15:15",664900
11.2,-0.1,100,"bu","13:13:38",664800
11.2,-0.1,100,"bu","13:13:22",664700
11.2,-0.1,22600,"bu","13:11:35",664600
11.2,-0.1,200,"sd","13:10:36",642000
11.2,-0.1,2000,"sd","13:08:52",641800
11.2,-0.1,2000,"sd","13:06:27",639800
11.3,0,1100,"bu","13:06:18",637800
11.3,0,1000,"bu","13:04:23",636700
11.3,0,1500,"bu","13:04:19",635700
11.3,0,900,"bu","13:00:34",634200
11.2,-0.1,1000,"sd","13:00:18",633300
11.3,0,23100,"bu","13:00:12",632300
11.3,0,100,"sd","13:00:06",609200
11.3,0,1900,"sd","13:00:03",609100
11.3,0,100,"bu","11:28:43",607200
11.3,0,5000,"sd","11:24:59",607100
11.3,0,14900,"bu","11:22:11",602100
11.3,0,5000,"bu","11:21:45",587200
11.3,0,100,"bu","11:21:40",582200
11.3,0,1000,"bu","11:21:13",582100
11.3,0,400,"bu","11:20:46",581100
11.3,0,20000,"bu","11:20:04",580700
11.2,-0.1,34000,"","11:16:43",560700
11.3,0,2000,"bu","11:13:13",526700
11.3,0,1000,"bu","11:10:53",524700
11.3,0,1000,"bu","11:10:42",523700
11.3,0,4000,"bu","11:01:03",522700
11.3,0,700,"bu","10:56:17",518700
11.2,-0.1,1000,"sd","10:52:59",518000
11.2,-0.1,5000,"sd","10:52:13",517000
11.2,-0.1,67400,"sd","10:51:09",512000
11.3,0,100,"bu","10:47:53",444600
11.3,0,1000,"bu","10:47:17",444500
11.3,0,1100,"bu","10:45:48",443500
11.3,0,3200,"sd","10:43:38",442400
11.3,0,1200,"sd","10:43:30",439200
11.3,0,1200,"sd","10:43:25",438000
11.3,0,8000,"sd","10:43:24",436800
11.3,0,10000,"sd","10:43:21",428800
11.3,0,10000,"sd","10:42:31",418800
11.3,0,10000,"sd","10:42:20",408800
11.3,0,500,"sd","10:42:17",398800
11.3,0,10000,"sd","10:41:58",398300
11.3,0,10000,"sd","10:41:14",388300
11.3,0,10000,"sd","10:41:07",378300
11.3,0,500,"sd","10:38:41",368300
11.4,0.1,200,"bu","10:33:49",367800
11.4,0.1,700,"bu","10:29:52",367600
11.4,0.1,100,"bu","10:29:32",366900
11.4,0.1,1000,"bu","10:29:27",366800
11.4,0.1,1000,"sd","10:29:04",365800
11.4,0.1,200,"bu","10:28:32",364800
11.4,0.1,3000,"bu","10:28:23",364600
11.4,0.1,2800,"bu","10:26:39",361600
11.4,0.1,4700,"bu","10:26:28",358800
11.4,0.1,300,"bu","10:25:46",354100
11.4,0.1,19700,"sd","10:25:35",353800
11.4,0.1,5000,"bu","10:24:42",334100
11.4,0.1,1000,"bu","10:21:42",329100
11.4,0.1,2000,"bu","10:19:03",328100
11.3,0,53900,"bu","10:17:51",326100
11.3,0,2500,"bu","10:17:27",272200
11.3,0,15000,"bu","10:17:01",269700
11.2,-0.1,67300,"sd","10:16:26",254700
11.2,-0.1,30000,"bu","10:16:21",187400
11.2,-0.1,9500,"bu","10:16:10",157400
11.2,-0.1,700,"bu","10:08:48",147900
11.1,-0.2,500,"sd","09:55:56",147200
11.2,-0.1,1000,"bu","09:54:16",146700
11.2,-0.1,1200,"sd","09:53:30",145700
11.2,-0.1,400,"","09:51:45",144500
11.2,-0.1,300,"bu","09:51:17",144100
11.2,-0.1,800,"sd","09:50:23",143800
11.2,-0.1,1000,"sd","09:50:06",143000
11.2,-0.1,8000,"sd","09:49:09",142000
11.2,-0.1,2000,"sd","09:48:58",134000
11.2,-0.1,4000,"sd","09:48:13",132000
11.2,-0.1,35600,"bu","09:47:28",128000
11.2,-0.1,200,"bu","09:46:39",92400
11.2,-0.1,100,"bu","09:46:19",92200
11.1,-0.2,6000,"sd","09:36:10",92100
11.1,-0.2,11600,"sd","09:35:35",86100
11.1,-0.2,6000,"sd","09:35:33",74500
11.1,-0.2,100,"sd","09:33:55",68500
11.2,-0.1,5000,"bu","09:33:17",68400
11.2,-0.1,200,"bu","09:33:08",63400
11.2,-0.1,500,"bu","09:32:26",63200
11.2,-0.1,100,"bu","09:30:46",62700
11.2,-0.1,1000,"bu","09:29:30",62600
11.2,-0.1,5900,"bu","09:28:58",61600
11.2,-0.1,1500,"bu","09:28:26",55700
11.2,-0.1,500,"bu","09:28:01",54200
11.2,-0.1,100,"bu","09:27:21",53700
11.2,-0.1,1000,"bu","09:27:03",53600
11.2,-0.1,200,"bu","09:26:20",52600
11.2,-0.1,4000,"bu","09:26:06",52400
11.1,-0.2,2000,"sd","09:24:25",48400
11.1,-0.2,400,"sd","09:22:33",46400
11.1,-0.2,3600,"sd","09:21:46",46000
11.1,-0.2,1000,"sd","09:15:40",42400
11.1,-0.2,3000,"sd","09:13:34",41400
11,-0.3,100,"sd","09:11:48",38400
11.1,-0.2,1000,"bu","09:11:45",38300
11.1,-0.2,1500,"bu","09:10:49",37300
11.1,-0.2,500,"sd","09:10:22",35800
11.1,-0.2,5500,"sd","09:10:01",35300
11,-0.3,600,"sd","09:09:57",29800
11.1,-0.2,4000,"bu","09:09:55",29200
11.1,-0.2,500,"bu","09:09:09",25200
11.1,-0.2,100,"bu","09:02:53",24700
11.1,-0.2,500,"bu","09:02:33",24600
11,-0.3,1500,"sd","09:02:09",24100
11,-0.3,2000,"bu","09:02:02",22600
11,-0.3,2000,"bu","09:01:51",20600
11,-0.3,7700,"sd","09:00:34",18600
11,-0.3,1300,"sd","09:00:14",10900
11.1,-0.2,100,"bu","09:00:09",9600
11,-0.3,7000,"sd","09:00:06",9500
11.2,-0.1,500,"bu","09:00:04",2500
11.3,0,2000,"bu","09:00:03",2000
