"price","change","match_qtty","side","time","total_vol"
86.1,0.5,74100,"","14:45:21",1098400
86.4,0.8,100,"bu","14:30:00",1024300
86.2,0.6,700,"sd","14:29:46",1024200
86.2,0.6,200,"sd","14:29:45",1023500
86.3,0.7,500,"sd","14:29:45",1023300
86.3,0.7,1900,"bu","14:29:35",1022800
86.3,0.7,1000,"bu","14:28:41",1020900
86.3,0.7,100,"bu","14:28:40",1019900
86.2,0.6,500,"sd","14:28:39",1019800
86.2,0.6,100,"sd","14:28:25",1019300
86.1,0.5,3000,"sd","14:28:07",1019200
86.1,0.5,1000,"sd","14:27:57",1016200
86.4,0.8,100,"bu","14:27:32",1015200
86.1,0.5,1000,"sd","14:27:28",1015100
86.1,0.5,1000,"sd","14:27:22",1014100
86.6,1,100,"bu","14:27:03",1013100
86.1,0.5,2200,"sd","14:26:53",1013000
86.1,0.5,600,"sd","14:26:50",1010800
86.2,0.6,2400,"sd","14:26:50",1010200
86.1,0.5,2000,"sd","14:26:47",1007800
86.1,0.5,1000,"sd","14:26:41",1005800
86.1,0.5,2100,"sd","14:26:40",1004800
86.1,0.5,1000,"sd","14:26:37",1002700
86.1,0.5,700,"sd","14:26:35",1001700
86.6,1,100,"bu","14:26:33",1001000
86.1,0.5,2200,"sd","14:26:28",1000900
86.4,0.8,100,"bu","14:26:24",998700
86.1,0.5,700,"sd","14:26:24",998600
86.1,0.5,1000,"sd","14:26:18",997900
86.1,0.5,700,"sd","14:26:13",996900
86.1,0.5,1100,"sd","14:26:10",996200
86.2,0.6,900,"sd","14:26:10",995100
86.2,0.6,100,"sd","14:26:00",994200
86.4,0.8,500,"sd","14:25:48",994100
86.5,0.9,100,"sd","14:25:48",993600
86.4,0.8,100,"sd","14:25:23",993500
86.5,0.9,100,"bu","14:25:03",993400
86.4,0.8,400,"bu","14:24:33",993300
86.4,0.8,100,"bu","14:24:06",992900
86.1,0.5,100,"bu","14:23:53",992800
86.1,0.5,8000,"bu","14:23:39",992700
86.1,0.5,100,"bu","14:23:28",984700
86.1,0.5,20000,"bu","14:23:01",984600
86.1,0.5,7800,"sd","14:22:53",964600
86.1,0.5,1400,"sd","14:22:51",956800
86.1,0.5,1300,"bu","14:22:35",955400
86,0.4,2000,"sd","14:22:25",954100
86,0.4,2100,"sd","14:22:23",952100
86.1,0.5,500,"bu","14:22:20",950000
86,0.4,2000,"sd","14:22:17",949500
86,0.4,23300,"sd","14:22:16",947500
86.1,0.5,2500,"sd","14:22:16",924200
86.1,0.5,5000,"sd","14:22:14",921700
86.1,0.5,2200,"sd","14:22:06",916700
86.1,0.5,2000,"sd","14:22:05",914500
86.1,0.5,2000,"sd","14:21:59",912500
86.1,0.5,1400,"sd","14:21:56",910500
86.1,0.5,2000,"sd","14:21:52",909100
86.1,0.5,2100,"sd","14:21:51",907100
86.1,0.5,2000,"sd","14:21:45",905000
86.1,0.5,2400,"sd","14:21:41",903000
86.1,0.5,2000,"sd","14:21:37",900600
86.1,0.5,100,"sd","14:21:24",898600
86.1,0.5,100,"sd","14:21:17",898500
86.2,0.6,100,"sd","14:21:12",898400
86.2,0.6,100,"sd","14:21:05",898300
86.4,0.8,200,"bu","14:20:46",898200
86.2,0.6,1300,"sd","14:20:30",898000
86.3,0.7,700,"sd","14:20:30",896700
86.3,0.7,1200,"sd","14:20:18",896000
86.4,0.8,700,"sd","14:20:18",894800
86.5,0.9,100,"sd","14:20:18",894100
86.4,0.8,700,"sd","14:20:12",894000
86.4,0.8,2000,"sd","14:20:10",893300
86.4,0.8,1200,"sd","14:20:06",891300
86.4,0.8,700,"sd","14:20:03",890100
86.4,0.8,2000,"sd","14:20:01",889400
86.4,0.8,2000,"sd","14:20:00",887400
86.4,0.8,2000,"sd","14:19:55",885400
86.4,0.8,2200,"sd","14:19:49",883400
86.4,0.8,1000,"sd","14:19:46",881200
86.4,0.8,200,"sd","14:18:46",880200
86.4,0.8,700,"sd","14:18:14",880000
86.4,0.8,1000,"sd","14:17:20",879300
86.4,0.8,10000,"sd","14:16:22",878300
86.4,0.8,100,"sd","14:15:27",868300
86.5,0.9,1500,"bu","14:15:14",868200
86.5,0.9,200,"bu","14:15:11",866700
86.5,0.9,3600,"sd","14:15:01",866500
86.5,0.9,700,"sd","14:14:57",862900
86.5,0.9,200,"sd","14:14:40",862200
86.5,0.9,700,"sd","14:14:39",862000
86.5,0.9,1000,"sd","14:14:24",861300
86.5,0.9,1400,"sd","14:14:20",860300
86.7,1.1,700,"sd","14:14:20",858900
86.7,1.1,1000,"sd","14:14:18",858200
86.7,1.1,300,"sd","14:14:12",857200
86.8,1.2,700,"sd","14:14:12",856900
86.8,1.2,2200,"sd","14:14:01",856200
86.8,1.2,1000,"sd","14:13:54",854000
86.8,1.2,200,"sd","14:13:50",853000
86.8,1.2,1000,"sd","14:13:45",852800
86.9,1.3,200,"sd","14:13:43",851800
86.9,1.3,100,"sd","14:13:42",851600
86.9,1.3,2900,"sd","14:13:38",851500
86.9,1.3,900,"sd","14:13:33",848600
86.9,1.3,1000,"sd","14:13:32",847700
86.9,1.3,2000,"sd","14:13:27",846700
87,1.4,1500,"bu","14:13:20",844700
87,1.4,100,"bu","14:13:14",843200
87,1.4,200,"bu","14:13:12",843100
87,1.4,2400,"sd","14:13:10",842900
87,1.4,100,"sd","14:13:04",840500
87,1.4,200,"sd","14:13:00",840400
87,1.4,700,"sd","14:12:50",840200
87,1.4,700,"sd","14:12:43",839500
87,1.4,500,"sd","14:12:34",838800
87,1.4,5800,"bu","14:12:32",838300
87,1.4,3000,"bu","14:12:31",832500
87,1.4,3000,"bu","14:12:29",829500
86.9,1.3,100,"sd","14:12:04",826500
87,1.4,1900,"bu","14:11:54",826400
87,1.4,100,"bu","14:11:52",824500
87,1.4,3000,"bu","14:11:37",824400
87,1.4,1000,"bu","14:11:33",821400
87,1.4,2100,"bu","14:11:29",820400
87,1.4,1900,"bu","14:11:25",818300
87,1.4,5000,"bu","14:11:16",816400
87,1.4,1000,"bu","14:11:02",811400
87,1.4,3000,"bu","14:11:00",810400
87,1.4,1900,"bu","14:10:57",807400
87,1.4,1000,"bu","14:10:56",805500
86.9,1.3,100,"sd","14:10:51",804500
86.9,1.3,200,"sd","14:10:48",804400
86.9,1.3,100,"sd","14:10:47",804200
86.9,1.3,100,"sd","14:10:43",804100
86.9,1.3,400,"bu","14:10:28",804000
86.9,1.3,1000,"bu","14:10:17",803600
86.9,1.3,1600,"bu","14:09:59",802600
86.9,1.3,3000,"bu","14:09:37",801000
86.8,1.2,3000,"sd","14:09:04",798000
86.8,1.2,1500,"bu","14:08:49",795000
86.7,1.1,100,"sd","14:08:33",793500
86.8,1.2,600,"sd","14:08:24",793400
86.8,1.2,200,"sd","14:08:15",792800
86.8,1.2,2000,"sd","14:08:06",792600
86.8,1.2,100,"sd","14:08:03",790600
86.8,1.2,900,"bu","14:07:36",790500
86.8,1.2,1800,"bu","14:07:08",789600
86.8,1.2,1800,"bu","14:06:39",787800
86.8,1.2,1800,"bu","14:06:11",786000
86.8,1.2,3900,"sd","14:05:56",784200
86.8,1.2,700,"sd","14:05:48",780300
86.8,1.2,700,"sd","14:05:20",779600
86.8,1.2,100,"sd","14:05:18",778900
86.8,1.2,100,"sd","14:05:12",778800
86.8,1.2,100,"sd","14:05:08",778700
86.8,1.2,100,"sd","14:04:54",778600
86.8,1.2,800,"bu","14:04:45",778500
86.8,1.2,1800,"bu","14:04:16",777700
86.8,1.2,500,"bu","14:04:14",775900
86.8,1.2,1800,"bu","14:03:48",775400
86.8,1.2,2000,"bu","14:03:44",773600
86.8,1.2,2000,"bu","14:03:37",771600
86.8,1.2,100,"bu","14:03:33",769600
86.8,1.2,2000,"bu","14:03:19",769500
86.8,1.2,1100,"sd","14:03:10",767500
86.8,1.2,900,"sd","14:03:06",766400
86.8,1.2,100,"sd","14:02:46",765500
86.9,1.3,2000,"bu","14:02:22",765400
86.9,1.3,2000,"bu","14:01:53",763400
86.9,1.3,500,"bu","14:01:47",761400
86.8,1.2,100,"bu","14:01:39",760900
86.9,1.3,2000,"bu","14:01:25",760800
86.9,1.3,2000,"bu","14:01:23",758800
86.5,0.9,1500,"sd","14:01:16",756800
86.9,1.3,2000,"bu","14:01:00",755300
86.9,1.3,2200,"bu","14:00:56",753300
86.9,1.3,2000,"bu","14:00:34",751100
86.8,1.2,2000,"bu","14:00:26",749100
86.3,0.7,100,"sd","14:00:26",747100
86.8,1.2,1800,"bu","14:00:19",747000
86.7,1.1,200,"bu","14:00:19",745200
86.7,1.1,1200,"bu","14:00:13",745000
86.6,1,3000,"bu","13:59:57",742000
86.6,1,1000,"bu","13:59:42",739000
86.5,0.9,2000,"bu","13:59:42",738000
86.5,0.9,100,"bu","13:59:27",736000
86.5,0.9,4000,"bu","13:59:13",735900
86.5,0.9,3000,"bu","13:59:11",731900
86.5,0.9,3000,"bu","13:58:52",728900
86.5,0.9,2400,"bu","13:58:48",725900
86.5,0.9,3000,"bu","13:58:41",723500
86.5,0.9,1100,"bu","13:58:39",720500
86.5,0.9,2000,"bu","13:58:37",719400
86.5,0.9,2300,"bu","13:58:35",717400
86.5,0.9,1900,"bu","13:58:31",715100
86.4,0.8,100,"bu","13:58:31",713200
86.4,0.8,2000,"bu","13:58:30",713100
86.4,0.8,1000,"bu","13:58:29",711100
86.4,0.8,1900,"bu","13:58:23",710100
86.4,0.8,1100,"bu","13:58:20",708200
86.4,0.8,2100,"bu","13:58:10",707100
86.4,0.8,2000,"bu","13:57:58",705000
86.3,0.7,1000,"bu","13:57:44",703000
86.3,0.7,1900,"bu","13:57:41",702000
86.3,0.7,1000,"bu","13:57:36",700100
86.3,0.7,3000,"bu","13:57:29",699100
86.3,0.7,1700,"bu","13:57:26",696100
86.2,0.6,300,"bu","13:57:26",694400
86.1,0.5,100,"sd","13:55:15",694100
86.1,0.5,300,"sd","13:54:40",694000
86.2,0.6,1700,"sd","13:54:40",693700
86.3,0.7,400,"bu","13:54:18",692000
86.2,0.6,500,"sd","13:53:54",691600
86.2,0.6,100,"sd","13:53:43",691100
86.2,0.6,200,"sd","13:52:56",691000
86.2,0.6,1800,"sd","13:52:48",690800
86.3,0.7,1000,"bu","13:52:36",689000
86.3,0.7,1400,"sd","13:52:30",688000
86.3,0.7,1200,"sd","13:52:26",686600
86.3,0.7,700,"sd","13:52:24",685400
86.3,0.7,400,"sd","13:52:10",684700
86.3,0.7,700,"sd","13:51:58",684300
86.3,0.7,500,"sd","13:51:23",683600
86.4,0.8,1000,"bu","13:50:53",683100
86.3,0.7,700,"sd","13:50:24",682100
86.3,0.7,100,"sd","13:49:55",681400
86.3,0.7,100,"sd","13:49:38",681300
86.3,0.7,100,"sd","13:49:35",681200
86.3,0.7,1000,"sd","13:48:52",681100
86.3,0.7,2000,"sd","13:48:41",680100
86.3,0.7,100,"sd","13:48:21",678100
86.3,0.7,1000,"sd","13:48:16",678000
86.3,0.7,100,"sd","13:47:59",677000
86.3,0.7,1000,"sd","13:47:35",676900
86.3,0.7,600,"sd","13:47:23",675900
86.3,0.7,400,"sd","13:47:22",675300
86.3,0.7,200,"sd","13:46:33",674900
86.3,0.7,100,"sd","13:46:09",674700
86.4,0.8,2000,"bu","13:45:21",674600
86.4,0.8,2100,"bu","13:45:19",672600
86.4,0.8,2000,"bu","13:45:13",670500
86.4,0.8,1900,"bu","13:45:10",668500
86.4,0.8,1000,"bu","13:45:06",666600
86.4,0.8,1000,"bu","13:45:01",665600
86.4,0.8,1900,"bu","13:44:57",664600
86.3,0.7,500,"sd","13:44:57",662700
86.4,0.8,1000,"bu","13:44:53",662200
86.4,0.8,1000,"bu","13:44:46",661200
86.3,0.7,100,"sd","13:44:36",660200
86.3,0.7,500,"sd","13:44:15",660100
86.3,0.7,1700,"bu","13:44:15",659600
86.3,0.7,3000,"bu","13:43:52",657900
86.3,0.7,3300,"sd","13:43:29",654900
86.3,0.7,100,"sd","13:43:02",651600
86.3,0.7,100,"sd","13:42:31",651500
86.3,0.7,100,"sd","13:41:22",651400
86.3,0.7,100,"sd","13:40:59",651300
86.3,0.7,1500,"sd","13:40:40",651200
86.3,0.7,1000,"sd","13:40:38",649700
86.3,0.7,1000,"sd","13:40:33",648700
86.3,0.7,100,"sd","13:39:44",647700
86.4,0.8,1500,"bu","13:38:20",647600
86.3,0.7,100,"sd","13:38:18",646100
86.3,0.7,100,"sd","13:37:28",646000
86.4,0.8,1000,"bu","13:37:26",645900
86.4,0.8,3000,"bu","13:37:21",644900
86.3,0.7,100,"sd","13:37:18",641900
86.4,0.8,3000,"bu","13:37:03",641800
86.4,0.8,3000,"bu","13:36:45",638800
86.4,0.8,3000,"bu","13:36:24",635800
86.4,0.8,1000,"bu","13:36:17",632800
86.4,0.8,3000,"bu","13:36:10",631800
86.4,0.8,1900,"bu","13:36:08",628800
86.4,0.8,1100,"bu","13:36:06",626900
86.4,0.8,1000,"bu","13:36:04",625800
86.4,0.8,4000,"bu","13:36:01",624800
86.4,0.8,1000,"bu","13:35:58",620800
86.4,0.8,2200,"bu","13:35:56",619800
86.4,0.8,1000,"bu","13:35:51",617600
86.3,0.7,1100,"bu","13:35:51",616600
86.3,0.7,2400,"bu","13:35:48",615500
86.1,0.5,100,"sd","13:35:42",613100
86.3,0.7,1800,"bu","13:35:40",613000
86.3,0.7,1000,"bu","13:35:38",611200
86.3,0.7,1000,"bu","13:35:35",610200
86.2,0.6,2000,"bu","13:35:30",609100
86.2,0.6,1000,"bu","13:35:24",607100
86.2,0.6,3000,"bu","13:35:22",606100
86.2,0.6,2000,"bu","13:35:21",603100
86.2,0.6,100,"bu","13:35:01",601100
86.2,0.6,300,"bu","13:34:49",601000
86.1,0.5,500,"sd","13:34:46",600700
86.1,0.5,1000,"sd","13:34:33",600200
86.1,0.5,100,"sd","13:34:12",599200
86.2,0.6,1500,"sd","13:32:04",599100
86.2,0.6,100,"sd","13:32:00",597600
86.2,0.6,2700,"bu","13:31:04",597500
86.2,0.6,100,"bu","13:30:53",594800
86.1,0.5,100,"sd","13:30:31",594700
86.1,0.5,100,"sd","13:29:02",594600
86.1,0.5,1000,"sd","13:28:54",594500
86.2,0.6,400,"bu","13:27:34",593500
86.2,0.6,3000,"sd","13:27:34",593100
86.2,0.6,100,"sd","13:26:40",590100
86.2,0.6,1000,"sd","13:26:36",590000
86.3,0.7,500,"bu","13:26:08",589000
86.2,0.6,400,"sd","13:25:51",588500
86.2,0.6,100,"sd","13:25:12",588100
86.2,0.6,500,"sd","13:24:26",588000
86.2,0.6,100,"sd","13:23:47",587500
86.2,0.6,1000,"bu","13:23:42",587400
86.1,0.5,100,"sd","13:23:35",586400
86.1,0.5,100,"sd","13:23:06",586300
86.1,0.5,100,"sd","13:22:03",586200
86.3,0.7,900,"sd","13:20:33",586100
86.4,0.8,200,"bu","13:20:12",585200
86.3,0.7,100,"sd","13:19:54",585000
86.3,0.7,100,"sd","13:19:44",584900
86.3,0.7,500,"sd","13:19:41",584800
86.3,0.7,100,"sd","13:19:04",584300
86.3,0.7,400,"sd","13:18:44",584200
86.3,0.7,600,"sd","13:18:22",583800
86.3,0.7,1000,"sd","13:18:12",583200
86.3,0.7,100,"sd","13:18:08",582200
86.3,0.7,1000,"sd","13:18:01",582100
86.3,0.7,100,"sd","13:16:34",581100
86.4,0.8,100,"bu","13:16:13",581000
86.3,0.7,200,"sd","13:15:43",580900
86.3,0.7,100,"sd","13:15:31",580700
86.3,0.7,100,"sd","13:15:28",580600
86.3,0.7,100,"sd","13:15:04",580500
86.4,0.8,1000,"bu","13:14:43",580400
86.1,0.5,1100,"sd","13:14:41",579400
86.3,0.7,900,"sd","13:14:41",578300
86.3,0.7,1800,"bu","13:14:38",577400
86.2,0.6,300,"bu","13:14:38",575600
86.2,0.6,1000,"bu","13:14:38",575300
86.2,0.6,700,"sd","13:14:35",574300
86.3,0.7,1000,"bu","13:14:34",573600
86.3,0.7,1000,"bu","13:14:11",572600
86.3,0.7,3000,"bu","13:14:08",571600
86.3,0.7,1000,"bu","13:14:05",568600
86.2,0.6,100,"sd","13:13:54",567600
86.3,0.7,2000,"bu","13:13:47",567500
86.3,0.7,200,"bu","13:13:46",565500
86.2,0.6,800,"bu","13:13:38",565300
86.2,0.6,1000,"bu","13:13:30",564500
86.1,0.5,100,"sd","13:12:48",563500
86.1,0.5,100,"sd","13:11:09",563400
86.1,0.5,15000,"sd","13:10:49",563300
86.1,0.5,100,"sd","13:10:42",548300
86.2,0.6,1000,"bu","13:09:48",548200
86.1,0.5,300,"sd","13:09:44",547200
86.1,0.5,100,"sd","13:09:38",546900
86.2,0.6,100,"bu","13:09:10",546800
86.2,0.6,400,"bu","13:08:59",546700
86.2,0.6,600,"sd","13:08:59",546300
86.2,0.6,900,"sd","13:08:45",545700
86.2,0.6,100,"sd","13:08:36",544800
86.2,0.6,100,"sd","13:08:07",544700
86.3,0.7,100,"bu","13:07:51",544600
86.3,0.7,100,"bu","13:06:21",544500
86.1,0.5,100,"sd","13:05:47",544400
86.3,0.7,100,"bu","13:05:07",544300
86.1,0.5,800,"sd","13:04:38",544200
86.4,0.8,200,"sd","13:04:38",543400
86.4,0.8,1000,"sd","13:04:23",543200
86.4,0.8,1700,"bu","13:04:17",542200
86.3,0.7,100,"bu","13:04:17",540500
86.4,0.8,1000,"bu","13:03:56",540400
86.4,0.8,2700,"bu","13:03:52",539400
86.3,0.7,300,"bu","13:03:52",536700
86.4,0.8,1400,"bu","13:03:46",536400
86.3,0.7,1400,"bu","13:03:46",535000
86.3,0.7,3000,"bu","13:03:40",533400
86.3,0.7,1000,"bu","13:03:40",530400
86.3,0.7,100,"bu","13:03:38",529400
86.2,0.6,1900,"bu","13:03:38",529300
86.2,0.6,1000,"bu","13:03:34",527400
86.2,0.6,1000,"bu","13:03:23",526400
86.2,0.6,1000,"bu","13:03:16",525400
86.1,0.5,100,"sd","13:03:10",524400
86.2,0.6,1000,"bu","13:03:10",524300
86.2,0.6,1400,"bu","13:03:05",523300
86.2,0.6,900,"bu","13:03:03",521900
86.1,0.5,100,"bu","13:03:03",521000
86.2,0.6,1000,"bu","13:02:56",520900
86.2,0.6,1000,"bu","13:02:53",519900
86.2,0.6,400,"bu","13:02:41",518900
86.1,0.5,600,"bu","13:02:41",518500
86.1,0.5,1000,"bu","13:02:24",517900
86.1,0.5,1000,"bu","13:02:16",516900
86.1,0.5,100,"bu","13:02:15",515900
86,0.4,100,"sd","13:02:02",515800
86,0.4,600,"bu","13:01:56",515700
85.9,0.3,200,"sd","13:01:51",515100
86,0.4,3000,"bu","13:01:45",514900
86,0.4,1000,"bu","13:01:44",511900
85.9,0.3,1300,"sd","13:01:20",510900
86,0.4,25400,"sd","13:01:19",509600
86,0.4,2100,"sd","13:01:17",484200
86,0.4,100,"sd","13:00:32",482100
86.1,0.5,200,"bu","13:00:28",482000
86.1,0.5,100,"bu","13:00:19",481800
86.1,0.5,200,"bu","13:00:14",481700
86.1,0.5,600,"sd","13:00:13",481500
86.1,0.5,200,"sd","13:00:12",480900
86.1,0.5,100,"sd","13:00:11",480700
86.1,0.5,100,"sd","11:29:45",480600
86.2,0.6,800,"bu","11:29:34",480500
86.1,0.5,200,"bu","11:29:23",479700
86.1,0.5,200,"bu","11:29:09",479500
86,0.4,1000,"sd","11:29:00",479300
86,0.4,100,"sd","11:28:40",478300
86,0.4,400,"sd","11:28:34",478200
86,0.4,100,"sd","11:27:12",477800
86.2,0.6,8800,"sd","11:26:45",477700
86.2,0.6,400,"sd","11:26:31",468900
86.3,0.7,100,"bu","11:26:07",468500
86.2,0.6,100,"sd","11:25:38",468400
86.2,0.6,100,"sd","11:25:09",468300
86.2,0.6,1000,"sd","11:25:02",468200
86.2,0.6,200,"sd","11:25:00",467200
86.2,0.6,200,"sd","11:23:36",467000
86.2,0.6,500,"sd","11:23:26",466800
86.2,0.6,100,"sd","11:23:12",466300
86.3,0.7,100,"bu","11:22:57",466200
86.2,0.6,200,"sd","11:22:13",466100
86.2,0.6,1000,"sd","11:22:07",465900
86.2,0.6,100,"sd","11:21:38",464900
86.3,0.7,1000,"bu","11:20:29",464800
86.2,0.6,100,"sd","11:20:25",463800
86.3,0.7,1000,"bu","11:20:19",463700
86.2,0.6,100,"sd","11:20:10",462700
86.2,0.6,100,"sd","11:19:46",462600
86.3,0.7,100,"bu","11:19:35",462500
86.3,0.7,1000,"bu","11:19:11",462400
86.2,0.6,100,"sd","11:19:10",461400
86.3,0.7,1000,"bu","11:19:06",461300
86.3,0.7,1000,"bu","11:19:01",460300
86.3,0.7,1000,"bu","11:18:53",459300
86.2,0.6,200,"sd","11:18:10",458300
86.2,0.6,2000,"bu","11:18:07",458100
86.2,0.6,1800,"bu","11:18:05",456100
86,0.4,200,"bu","11:18:05",454300
85.9,0.3,200,"sd","11:18:00",454100
85.9,0.3,100,"sd","11:17:56",453900
86.2,0.6,800,"bu","11:17:53",453800
86.1,0.5,1200,"bu","11:17:53",453000
86.1,0.5,3000,"bu","11:17:52",451800
86.1,0.5,200,"bu","11:17:45",448800
86,0.4,800,"bu","11:17:45",448600
85.9,0.3,100,"sd","11:17:40",447800
86,0.4,1000,"bu","11:17:37",447700
86,0.4,1000,"bu","11:17:34",446700
85.9,0.3,200,"sd","11:16:50",445700
86,0.4,1000,"bu","11:16:46",445500
86,0.4,3000,"bu","11:16:44",444500
86,0.4,1000,"bu","11:16:38",441500
85.9,0.3,100,"sd","11:16:30",440500
85.9,0.3,100,"sd","11:16:29",440400
86,0.4,1000,"bu","11:16:27",440300
85.9,0.3,2000,"sd","11:16:24",439300
86,0.4,200,"bu","11:15:36",437300
85.9,0.3,200,"sd","11:15:30",437100
86,0.4,5000,"bu","11:15:23",436900
85.9,0.3,300,"sd","11:15:00",431900
85.9,0.3,100,"sd","11:14:59",431600
86,0.4,7000,"sd","11:14:54",431500
86,0.4,200,"sd","11:14:08",424500
86,0.4,200,"sd","11:13:55",424300
86,0.4,1000,"sd","11:13:54",424100
86,0.4,100,"sd","11:13:24",423100
86.1,0.5,100,"bu","11:12:35",423000
86,0.4,100,"sd","11:12:34",422900
86,0.4,200,"sd","11:12:32",422800
86,0.4,500,"sd","11:12:11",422600
86,0.4,100,"sd","11:12:04",422100
86,0.4,200,"sd","11:11:09",422000
86,0.4,100,"sd","11:11:04",421800
86.1,0.5,100,"bu","11:11:02",421700
86,0.4,500,"sd","11:10:46",421600
86.1,0.5,100,"bu","11:09:51",421100
86,0.4,200,"sd","11:09:46",421000
86,0.4,500,"sd","11:09:39",420800
86,0.4,100,"sd","11:09:22",420300
86,0.4,500,"sd","11:09:09",420200
86,0.4,200,"sd","11:08:23",419700
86,0.4,200,"sd","11:08:05",419500
86,0.4,100,"sd","11:07:48",419300
86,0.4,1000,"sd","11:07:33",419200
86,0.4,300,"sd","11:07:00",418200
86,0.4,500,"sd","11:06:52",417900
86.1,0.5,100,"bu","11:06:45",417400
86,0.4,100,"sd","11:06:19",417300
86,0.4,100,"sd","11:06:19",417200
86,0.4,2000,"sd","11:06:12",417100
86,0.4,1000,"sd","11:05:55",415100
86,0.4,100,"sd","11:05:49",414100
86,0.4,2000,"sd","11:05:45",414000
86,0.4,100,"sd","11:05:37",412000
86,0.4,1000,"sd","11:04:56",411900
86,0.4,100,"sd","11:04:50",410900
86,0.4,3000,"sd","11:04:43",410800
86,0.4,100,"sd","11:04:30",407800
86,0.4,100,"sd","11:03:56",407700
86,0.4,100,"sd","11:03:30",407600
86,0.4,100,"sd","11:03:27",407500
86,0.4,2000,"bu","11:03:21",407400
85.9,0.3,200,"sd","11:03:20",405400
86,0.4,2000,"bu","11:03:15",405200
86,0.4,2000,"bu","11:03:11",403200
85.9,0.3,100,"sd","11:02:23",401200
86,0.4,1000,"bu","11:01:54",401100
86,0.4,600,"bu","11:01:10",400100
85.9,0.3,400,"bu","11:01:10",399500
85.8,0.2,100,"sd","11:00:47",399100
86,0.4,800,"bu","11:00:44",399000
85.9,0.3,200,"bu","11:00:44",398200
85.9,0.3,1000,"bu","11:00:24",398000
85.9,0.3,500,"bu","11:00:09",397000
85.9,0.3,1000,"bu","10:59:43",396500
85.8,0.2,100,"sd","10:59:12",395500
85.8,0.2,100,"sd","10:59:00",395400
85.8,0.2,600,"sd","10:58:56",395300
85.9,0.3,2000,"bu","10:58:49",394700
85.8,0.2,100,"sd","10:58:40",392700
85.7,0.1,1700,"bu","10:58:33",392600
85.7,0.1,2000,"bu","10:58:31",390900
85.6,0,100,"sd","10:56:58",388900
85.6,0,200,"sd","10:56:10",388800
85.7,0.1,5400,"sd","10:56:05",388600
85.7,0.1,500,"bu","10:55:41",383200
85.6,0,100,"sd","10:55:40",382700
85.6,0,3000,"sd","10:55:36",382600
85.6,0,100,"sd","10:55:30",379600
85.6,0,100,"sd","10:54:40",379500
85.7,0.1,2000,"bu","10:54:37",379400
85.6,0,100,"sd","10:53:57",377400
85.6,0,100,"sd","10:51:43",377300
85.6,0,200,"sd","10:51:30",377200
85.6,0,5800,"sd","10:51:22",377000
85.6,0,100,"sd","10:50:12",371200
85.6,0,100,"sd","10:48:44",371100
85.7,0.1,100,"bu","10:48:42",371000
85.7,0.1,100,"bu","10:48:09",370900
85.7,0.1,100,"bu","10:48:09",370800
85.6,0,300,"sd","10:47:39",370700
85.7,0.1,7200,"sd","10:47:37",370400
85.8,0.2,200,"bu","10:47:30",363200
85.7,0.1,200,"sd","10:47:20",363000
85.8,0.2,200,"bu","10:47:15",362800
85.7,0.1,5000,"sd","10:47:10",362600
85.7,0.1,100,"sd","10:46:32",357600
85.8,0.2,500,"bu","10:46:12",357500
85.7,0.1,100,"sd","10:44:54",357000
85.7,0.1,100,"sd","10:43:19",356900
85.6,0,100,"sd","10:41:04",356800
85.6,0,1000,"sd","10:39:40",356700
85.6,0,100,"sd","10:39:40",355700
85.6,0,600,"sd","10:39:36",355600
85.7,0.1,1500,"sd","10:39:36",355000
85.7,0.1,100,"sd","10:39:35",353500
85.7,0.1,1400,"sd","10:39:34",353400
85.7,0.1,100,"sd","10:39:30",352000
85.7,0.1,1000,"sd","10:39:27",351900
85.7,0.1,800,"sd","10:39:26",350900
85.7,0.1,1000,"sd","10:39:21",350100
85.8,0.2,1000,"bu","10:39:12",349100
85.7,0.1,100,"sd","10:38:39",348100
85.7,0.1,1000,"sd","10:38:38",348000
85.7,0.1,500,"bu","10:38:32",347000
85.6,0,1000,"sd","10:38:32",346500
85.6,0,1000,"sd","10:38:24",345500
85.6,0,100,"sd","10:38:10",344500
85.6,0,1000,"sd","10:38:07",344400
85.6,0,100,"sd","10:38:00",343400
85.6,0,700,"sd","10:37:58",343300
85.6,0,2000,"sd","10:37:51",342600
85.6,0,300,"sd","10:37:49",340600
85.7,0.1,300,"sd","10:37:49",340300
85.7,0.1,600,"sd","10:37:42",340000
85.7,0.1,1000,"sd","10:37:35",339400
85.8,0.2,100,"bu","10:37:27",338400
85.7,0.1,100,"sd","10:37:20",338300
85.7,0.1,500,"bu","10:37:13",338200
85.7,0.1,2000,"bu","10:37:12",337700
85.7,0.1,100,"bu","10:36:38",335700
85.6,0,100,"sd","10:36:30",335600
85.6,0,2000,"sd","10:36:21",335500
85.6,0,1000,"sd","10:36:02",333500
85.7,0.1,100,"bu","10:35:53",332500
85.6,0,100,"sd","10:35:49",332400
85.7,0.1,100,"bu","10:35:34",332300
85.6,0,100,"sd","10:34:17",332200
85.7,0.1,1000,"bu","10:33:50",332100
85.7,0.1,1000,"bu","10:33:26",331100
85.6,0,100,"sd","10:32:50",330100
85.7,0.1,1000,"bu","10:32:18",330000
85.6,0,400,"sd","10:31:20",329000
85.7,0.1,100,"bu","10:31:19",328600
85.7,0.1,8400,"sd","10:31:12",328500
85.8,0.2,1000,"bu","10:30:56",320100
85.7,0.1,100,"sd","10:30:36",319100
85.7,0.1,100,"sd","10:30:29",319000
85.7,0.1,3000,"sd","10:30:23",318900
85.7,0.1,100,"sd","10:29:08",315900
85.8,0.2,200,"bu","10:28:32",315800
85.8,0.2,100,"bu","10:28:15",315600
85.8,0.2,100,"bu","10:27:55",315500
85.7,0.1,100,"sd","10:24:50",315400
85.7,0.1,2000,"sd","10:24:48",315300
85.7,0.1,400,"bu","10:24:27",313300
85.7,0.1,1500,"bu","10:24:24",312900
85.7,0.1,100,"bu","10:24:08",311400
85.7,0.1,300,"bu","10:23:04",311300
85.7,0.1,400,"bu","10:22:38",311000
85.7,0.1,100,"bu","10:22:27",310600
85.6,0,400,"sd","10:22:20",310500
85.7,0.1,1000,"bu","10:22:16",310100
85.7,0.1,2000,"bu","10:22:15",309100
85.6,0,5000,"sd","10:22:12",307100
85.7,0.1,500,"bu","10:21:48",302100
85.7,0.1,300,"bu","10:21:34",301600
85.7,0.1,1500,"sd","10:21:18",301300
85.6,0,1000,"sd","10:20:34",299800
85.6,0,600,"sd","10:20:26",298800
85.6,0,200,"sd","10:20:17",298200
85.7,0.1,800,"sd","10:20:17",298000
85.6,0,600,"sd","10:19:45",297200
85.8,0.2,400,"sd","10:19:45",296600
85.8,0.2,400,"sd","10:19:42",296200
86,0.4,100,"bu","10:19:10",295800
85.6,0,600,"sd","10:19:08",295700
85.7,0.1,400,"sd","10:19:08",295100
85.7,0.1,100,"sd","10:19:00",294700
85.7,0.1,2000,"sd","10:18:57",294600
86,0.4,100,"bu","10:18:38",292600
86,0.4,100,"bu","10:18:09",292500
85.7,0.1,1000,"sd","10:18:02",292400
85.7,0.1,1000,"sd","10:17:53",291400
86.1,0.5,100,"bu","10:17:44",290400
85.7,0.1,100,"sd","10:17:40",290300
85.8,0.2,1000,"sd","10:17:38",290200
85.8,0.2,1400,"sd","10:17:33",289200
86,0.4,600,"sd","10:17:33",287800
85.8,0.2,800,"sd","10:17:10",287200
86,0.4,400,"sd","10:17:01",286200
86,0.4,900,"bu","10:16:47",285800
86,0.4,100,"bu","10:16:42",284900
86,0.4,1000,"bu","10:15:45",284800
86,0.4,100,"bu","10:15:31",283800
85.8,0.2,1000,"sd","10:14:40",283700
86,0.4,100,"bu","10:14:19",282700
85.8,0.2,1000,"sd","10:14:19",282600
85.8,0.2,1000,"sd","10:13:49",281600
85.8,0.2,1000,"sd","10:13:10",280600
85.8,0.2,1100,"sd","10:12:58",279600
85.9,0.3,900,"sd","10:12:58",278500
85.9,0.3,500,"sd","10:12:48",277600
86,0.4,300,"bu","10:12:17",277100
85.8,0.2,600,"sd","10:11:59",276800
85.9,0.3,800,"sd","10:11:59",276200
86,0.4,100,"bu","10:11:24",275400
85.9,0.3,300,"sd","10:11:19",275300
86,0.4,100,"bu","10:11:17",275000
85.9,0.3,300,"sd","10:11:11",274900
85.9,0.3,2400,"sd","10:11:01",274600
86,0.4,200,"sd","10:10:53",272200
86,0.4,900,"sd","10:10:50",272000
86,0.4,1200,"sd","10:10:49",271100
86.1,0.5,2000,"bu","10:09:33",269900
86,0.4,300,"sd","10:09:03",267900
86,0.4,4700,"sd","10:09:02",267600
86.2,0.6,100,"bu","10:08:31",262900
86.2,0.6,400,"bu","10:04:40",262800
86.2,0.6,100,"bu","10:04:32",262400
85.9,0.3,600,"bu","10:03:25",262300
85.9,0.3,100,"bu","10:03:20",261700
85.9,0.3,100,"bu","10:03:14",261600
85.7,0.1,300,"sd","10:02:54",261500
85.6,0,200,"sd","10:01:06",261200
85.6,0,2200,"sd","10:00:33",261000
85.7,0.1,2800,"sd","10:00:33",258800
85.7,0.1,2000,"sd","10:00:07",256000
85.7,0.1,2000,"sd","10:00:06",254000
85.7,0.1,100,"sd","09:56:51",252000
85.7,0.1,100,"sd","09:56:35",251900
85.7,0.1,200,"sd","09:56:20",251800
85.7,0.1,100,"sd","09:56:18",251600
85.6,0,5800,"sd","09:55:37",251500
85.6,0,5000,"sd","09:55:36",245700
85.7,0.1,200,"sd","09:55:24",240700
85.6,0,100,"sd","09:54:19",240500
85.6,0,100,"sd","09:53:59",240400
85.6,0,300,"sd","09:53:43",240300
85.6,0,100,"sd","09:53:24",240000
85.6,0,3000,"sd","09:52:37",239900
85.5,-0.1,1100,"sd","09:51:26",236900
85.5,-0.1,4900,"sd","09:51:15",235800
85.6,0,4200,"sd","09:51:15",230900
85.6,0,2400,"sd","09:51:14",226700
85.7,0.1,500,"sd","09:51:08",224300
85.6,0,1100,"sd","09:51:03",223800
85.7,0.1,800,"sd","09:51:03",222700
85.7,0.1,1900,"sd","09:50:55",221900
85.7,0.1,3000,"sd","09:50:45",220000
85.7,0.1,400,"sd","09:50:25",217000
85.7,0.1,1200,"sd","09:50:18",216600
85.8,0.2,200,"bu","09:50:15",215400
85.7,0.1,2900,"sd","09:50:13",215200
85.8,0.2,1000,"bu","09:50:08",212300
85.9,0.3,100,"bu","09:49:13",211300
85.7,0.1,700,"sd","09:48:48",211200
85.8,0.2,2200,"sd","09:48:48",210500
85.9,0.3,1500,"sd","09:48:27",208300
86,0.4,800,"sd","09:48:27",206800
86,0.4,9700,"sd","09:48:20",206000
86.1,0.5,100,"sd","09:48:18",196300
86.1,0.5,3000,"sd","09:48:02",196200
86.1,0.5,100,"sd","09:47:59",193200
86.2,0.6,100,"bu","09:47:53",193100
86.1,0.5,3000,"sd","09:46:49",193000
86.2,0.6,400,"bu","09:46:44",190000
86.2,0.6,1000,"bu","09:46:18",189600
86.1,0.5,500,"sd","09:45:50",188600
86.2,0.6,1500,"sd","09:45:50",188100
86.3,0.7,700,"bu","09:45:47",186600
86.3,0.7,100,"bu","09:45:01",185900
86.3,0.7,1800,"bu","09:44:57",185800
86.2,0.6,3000,"bu","09:44:57",184000
86.2,0.6,100,"bu","09:44:12",181000
86.1,0.5,200,"sd","09:44:10",180900
86.3,0.7,1300,"sd","09:43:18",180700
86.3,0.7,3000,"sd","09:43:16",179400
86.4,0.8,100,"bu","09:42:53",176400
86.3,0.7,3000,"sd","09:42:24",176300
86.3,0.7,200,"sd","09:42:09",173300
86.3,0.7,100,"sd","09:41:28",173100
86.5,0.9,100,"bu","09:41:24",173000
86.4,0.8,100,"bu","09:41:24",172900
86.3,0.7,100,"sd","09:41:16",172800
86.3,0.7,1000,"sd","09:41:09",172700
86.3,0.7,200,"sd","09:41:08",171700
86.3,0.7,4200,"bu","09:40:52",171500
86.2,0.6,10200,"bu","09:40:52",167300
86.1,0.5,800,"bu","09:40:44",157100
86.1,0.5,1000,"bu","09:40:35",156300
86,0.4,200,"sd","09:40:09",155300
86,0.4,100,"sd","09:40:00",155100
86,0.4,100,"sd","09:39:44",155000
86.1,0.5,1000,"bu","09:39:35",154900
86.1,0.5,200,"bu","09:39:21",153900
86.1,0.5,200,"bu","09:38:29",153700
86.1,0.5,500,"bu","09:38:25",153500
86.1,0.5,300,"bu","09:38:22",153000
86.1,0.5,300,"bu","09:38:10",152700
86.1,0.5,500,"bu","09:37:55",152400
86,0.4,700,"sd","09:37:25",151900
86,0.4,1000,"sd","09:36:24",151200
86,0.4,1800,"bu","09:36:04",150200
86,0.4,1000,"bu","09:36:00",148400
86,0.4,300,"bu","09:35:38",147400
85.9,0.3,700,"bu","09:35:38",147100
85.7,0.1,700,"bu","09:33:44",146400
85.7,0.1,1000,"bu","09:33:44",145700
85.6,0,400,"sd","09:32:58",144700
85.6,0,100,"sd","09:32:33",144300
85.7,0.1,500,"bu","09:32:30",144200
85.6,0,1400,"sd","09:32:26",143700
85.7,0.1,100,"bu","09:32:23",142300
85.6,0,3000,"sd","09:32:08",142200
85.7,0.1,100,"bu","09:32:01",139200
85.7,0.1,1000,"bu","09:31:37",139100
85.7,0.1,200,"bu","09:31:28",138100
85.7,0.1,1000,"bu","09:31:17",137900
85.7,0.1,400,"bu","09:31:12",136900
85.7,0.1,100,"bu","09:30:51",136500
85.7,0.1,1000,"bu","09:30:48",136400
85.7,0.1,300,"bu","09:30:41",135400
85.7,0.1,200,"bu","09:30:27",135100
85.7,0.1,500,"bu","09:30:23",134900
85.7,0.1,500,"bu","09:30:21",134400
85.7,0.1,100,"bu","09:30:17",133900
85.7,0.1,1000,"bu","09:30:14",133800
85.7,0.1,1000,"bu","09:30:10",132800
85.7,0.1,200,"bu","09:29:39",131800
85.6,0,200,"sd","09:29:27",131600
85.7,0.1,100,"bu","09:29:22",131400
85.7,0.1,100,"bu","09:29:17",131300
85.6,0,3000,"sd","09:29:02",131200
85.6,0,4100,"bu","09:28:56",128200
85.6,0,3500,"bu","09:28:56",124100
85.6,0,500,"bu","09:28:50",120600
85.6,0,100,"bu","09:28:46",120100
85.6,0,100,"bu","09:28:38",120000
85.6,0,200,"bu","09:28:35",119900
85.6,0,500,"bu","09:28:17",119700
85.6,0,300,"bu","09:28:04",119200
85.6,0,100,"bu","09:27:26",118900
85.4,-0.2,600,"sd","09:27:22",118800
85.5,-0.1,500,"bu","09:27:05",118200
85.5,-0.1,100,"bu","09:26:52",117700
85.5,-0.1,6000,"bu","09:26:51",117600
85.5,-0.1,100,"bu","09:26:35",111600
85.4,-0.2,100,"sd","09:26:28",111500
85.4,-0.2,2000,"sd","09:26:21",111400
85.4,-0.2,200,"sd","09:26:19",109400
85.4,-0.2,2000,"sd","09:26:11",109200
85.4,-0.2,2000,"sd","09:25:58",107200
85.4,-0.2,2000,"sd","09:25:49",105200
85.4,-0.2,1900,"bu","09:25:47",103200
85.3,-0.3,500,"bu","09:25:47",101300
85.2,-0.4,2000,"sd","09:25:42",100800
85.3,-0.3,700,"sd","09:25:41",98800
85.3,-0.3,3000,"sd","09:25:36",98100
85.3,-0.3,2000,"sd","09:25:31",95100
85.2,-0.4,1500,"sd","09:25:16",93100
85.3,-0.3,500,"sd","09:25:16",91600
85.4,-0.2,100,"bu","09:25:15",91100
85.4,-0.2,100,"bu","09:25:06",91000
85.4,-0.2,300,"bu","09:24:57",90900
85.3,-0.3,200,"bu","09:24:57",90600
85.3,-0.3,100,"bu","09:24:47",90400
85.3,-0.3,100,"bu","09:24:38",90300
85.3,-0.3,1000,"bu","09:24:37",90200
85.3,-0.3,100,"bu","09:24:36",89200
85.3,-0.3,100,"bu","09:24:34",89100
85.3,-0.3,200,"bu","09:24:22",89000
85.2,-0.4,100,"sd","09:23:35",88800
85.2,-0.4,4600,"sd","09:23:17",88700
85.3,-0.3,100,"bu","09:23:14",84100
85.3,-0.3,100,"bu","09:23:05",84000
85.3,-0.3,100,"bu","09:23:01",83900
85.3,-0.3,300,"bu","09:22:59",83800
85.3,-0.3,100,"bu","09:22:57",83500
85.3,-0.3,100,"bu","09:22:56",83400
85.3,-0.3,100,"bu","09:22:54",83300
85.3,-0.3,1000,"bu","09:22:30",83200
85,-0.6,4100,"sd","09:21:10",82200
85.1,-0.5,800,"sd","09:21:10",78100
85.2,-0.4,100,"sd","09:21:10",77300
85.2,-0.4,100,"bu","09:21:09",77200
85,-0.6,100,"sd","09:20:18",77100
85,-0.6,10000,"sd","09:19:40",77000
85,-0.6,3400,"sd","09:18:59",67000
85.1,-0.5,1600,"sd","09:18:59",63600
85.1,-0.5,100,"sd","09:18:57",62000
85,-0.6,9300,"sd","09:18:33",61900
85.1,-0.5,700,"sd","09:18:33",52600
85.1,-0.5,1400,"sd","09:18:33",51900
85.1,-0.5,200,"sd","09:17:50",50500
85.1,-0.5,100,"sd","09:17:40",50300
85,-0.6,3500,"sd","09:17:33",50200
85.1,-0.5,1500,"sd","09:17:33",46700
85.2,-0.4,100,"bu","09:17:32",45200
85.1,-0.5,1000,"sd","09:17:27",45100
85.1,-0.5,100,"sd","09:17:22",44100
85,-0.6,400,"sd","09:16:57",44000
85,-0.6,6000,"sd","09:16:56",43600
85.1,-0.5,1400,"sd","09:16:56",37600
85.2,-0.4,2600,"sd","09:16:56",36200
85.3,-0.3,100,"bu","09:16:53",33600
85.3,-0.3,2600,"sd","09:16:47",33500
85.3,-0.3,100,"sd","09:16:46",30900
85.4,-0.2,100,"bu","09:16:26",30800
85.4,-0.2,7800,"sd","09:16:20",30700
85.5,-0.1,100,"sd","09:15:50",22900
85.5,-0.1,1700,"sd","09:15:43",22800
85.6,0,100,"bu","09:15:42",21100
85.5,-0.1,5000,"sd","09:15:38",21000
85.6,0,16000,"","09:15:09",16000
